{"gold_per_floor":[117,67,79,98,112,112,141,141,164,183,200,214,231,241,241,241],"floor_reached":16,"playtime":2160,"items_purged":[],"score":108,"play_id":"9dc761b1-0fc3-44db-928d-8da7d1e7f312","local_time":"20181022195221","is_ascension_mode":false,"campfire_choices":[{"data":"Barrage","floor":6,"key":"SMITH"},{"data":"Coolheaded","floor":8,"key":"SMITH"},{"floor":15,"key":"REST"}],"neow_cost":"NONE","seed_source_timestamp":935969379168917,"circlet_count":0,"master_deck":["Strike_B","Strike_B","Defend_B","Defend_B","Defend_B","Defend_B","Zap","Dualcast","Conserve Battery","Gash","Cold Snap","Barrage+1","Coolheaded+1","Tempest","Redo","Capacitor","Seek"],"relics":["Cracked Core","Bag of Marbles","Strawberry"],"potions_floor_usage":[14],"damage_taken":[{"damage":3,"enemies":"2 Louse","floor":1,"turns":4},{"damage":4,"enemies":"Jaw Worm","floor":3,"turns":5},{"damage":1,"enemies":"Cultist","floor":4,"turns":3},{"damage":23,"enemies":"Gremlin Gang","floor":5,"turns":4},{"damage":18,"enemies":"3 Sentries","floor":7,"turns":7},{"damage":7,"enemies":"Exordium Wildlife","floor":10,"turns":5},{"damage":0,"enemies":"2 Fungi Beasts","floor":11,"turns":3},{"damage":19,"enemies":"Lots of Slimes","floor":12,"turns":4},{"damage":0,"enemies":"3 Louse","floor":13,"turns":3},{"damage":0,"enemies":"2 Fungi Beasts","floor":14,"turns":1},{"damage":34,"enemies":"Slime Boss","floor":16,"turns":9}],"seed_played":"-3074872801103139891","potions_obtained":[{"floor":4,"key":"EssenceOfSteel"},{"floor":5,"key":"Weak Potion"},{"floor":7,"key":"Explosive Potion"},{"floor":14,"key":"FocusPotion"}],"is_trial":false,"path_per_floor":["M","?","M","M","M","R","E","R","T","M","M","M","M","M","R"],"character_chosen":"DEFECT","items_purchased":[],"campfire_rested":1,"item_purchase_floors":[],"current_hp_per_floor":[72,72,68,67,44,44,26,26,33,26,26,7,7,7,31,0],"gold":241,"neow_bonus":"REMOVE_CARD","is_prod":false,"is_daily":false,"chose_seed":false,"campfire_upgraded":2,"win_rate":0.0,"timestamp":1540252341,"path_taken":["M","?","M","M","?","R","E","R","T","M","?","M","M","M","R","BOSS"],"build_version":"2018-10-18","purchased_purges":0,"victory":false,"max_hp_per_floor":[75,75,75,75,75,75,75,75,82,82,82,82,82,82,82,82],"card_choices":[{"not_picked":["Go for the Eyes","Hello World"],"picked":"Conserve Battery","floor":1},{"not_picked":["Steam Power","Genetic Algorithm"],"picked":"Gash","floor":3},{"not_picked":["Steam","Conserve Battery"],"picked":"Cold Snap","floor":4},{"not_picked":["Go for the Eyes","Rebound"],"picked":"Barrage","floor":5},{"not_picked":["Cold Snap","Genetic Algorithm"],"picked":"Coolheaded","floor":7},{"not_picked":["Steam","Consume","Melter"],"picked":"SKIP","floor":10},{"not_picked":["Beam Cell","Sweeping Beam"],"picked":"Tempest","floor":11},{"not_picked":["Consume","Cold Snap"],"picked":"Redo","floor":12},{"not_picked":["Undo","Redo"],"picked":"Capacitor","floor":13},{"not_picked":["Hologram","Darkness"],"picked":"Seek","floor":14}],"player_experience":19634,"relics_obtained":[{"floor":7,"key":"Bag of Marbles"},{"floor":9,"key":"Strawberry"}],"event_choices":[{"cards_removed":["Strike_B"],"damage_healed":0,"gold_gain":0,"player_choice":"Card Removal","damage_taken":0,"max_hp_gain":0,"max_hp_loss":0,"event_name":"The Cleric","floor":2,"gold_loss":50}],"is_beta":false,"boss_relics":[],"items_purged_floors":[],"is_endless":false,"potions_floor_spawned":[4,5,7,11,14],"killed_by":"Slime Boss","ascension_level":0}