{"gold_per_floor":[17,17,17,192,204,204,236,236,236,253,270,287,12,27,27,126,126,145,174,190,289,303,303,314,314,388,388,407,425,445,445,445,547,547,567,567,67,85,65,65,94,113,113,124,46,46,57,157,157,157],"floor_reached":51,"playtime":3242,"items_purged":["Doubt","Sweeping Beam"],"score":756,"play_id":"8ca40102-b169-451c-bf92-af203338461a","local_time":"20190111001901","is_ascension_mode":false,"campfire_choices":[{"data":"Dualcast","floor":6,"key":"SMITH"},{"floor":15,"key":"REST"},{"data":"Zap","floor":23,"key":"SMITH"},{"floor":25,"key":"REST"},{"data":"Go for the Eyes","floor":27,"key":"SMITH"},{"data":"Defragment","floor":32,"key":"SMITH"},{"data":"Coolheaded","floor":40,"key":"SMITH"},{"floor":46,"key":"REST"},{"floor":49,"key":"REST"}],"neow_cost":"NO_GOLD","seed_source_timestamp":56279642182900,"circlet_count":0,"master_deck":["Defend_B+1","Defend_B+1","Defend_B+1","Defend_B+1","Zap+1","Dualcast+1","Cold Snap","Conserve Battery","Conserve Battery","Zap","Steam","Turbo","Defragment+1","Turbo","Machine Learning","Static Discharge+1","Doom and Gloom+1","Melter+1","Compile Driver","Coolheaded+1","Go for the Eyes+1","Turbo","Steam"],"relics":["Cracked Core","Bird Faced Urn","War Paint","Ancient Tea Set","Toolbox","Astrolabe","Red Mask","Mercury Hourglass","Mummified Hand","Inserter","ClockworkSouvenir","Omamori","Bottled Lightning","Strawberry","Mango"],"potions_floor_usage":[16,22,33,33,35,41,44,47,48,50,50,50],"damage_taken":[{"damage":6,"enemies":"Cultist","floor":1,"turns":3},{"damage":4,"enemies":"2 Louse","floor":5,"turns":2},{"damage":28,"enemies":"Gremlin Nob","floor":7,"turns":4},{"damage":0,"enemies":"Small Slimes","floor":10,"turns":3},{"damage":0,"enemies":"2 Fungi Beasts","floor":11,"turns":4},{"damage":5,"enemies":"Red Slaver","floor":12,"turns":3},{"damage":0,"enemies":"Blue Slaver","floor":14,"turns":4},{"damage":0,"enemies":"Slime Boss","floor":16,"turns":7},{"damage":4,"enemies":"3 Byrds","floor":18,"turns":2},{"damage":29,"enemies":"Masked Bandits","floor":19,"turns":3},{"damage":0,"enemies":"Spheric Guardian","floor":20,"turns":3},{"damage":16,"enemies":"Snake Plant","floor":22,"turns":3},{"damage":23,"enemies":"Chosen and Byrds","floor":24,"turns":4},{"damage":1,"enemies":"3 Cultists","floor":28,"turns":4},{"damage":20,"enemies":"Sentry and Sphere","floor":29,"turns":5},{"damage":0,"enemies":"Chosen and Byrds","floor":30,"turns":4},{"damage":25,"enemies":"Champ","floor":33,"turns":9},{"damage":0,"enemies":"3 Shapes","floor":35,"turns":3},{"damage":33,"enemies":"3 Darklings","floor":38,"turns":5},{"damage":24,"enemies":"Nemesis","floor":41,"turns":9},{"damage":13,"enemies":"Maw","floor":42,"turns":7},{"damage":5,"enemies":"Writhing Mass","floor":44,"turns":5},{"damage":5,"enemies":"Jaw Worm Horde","floor":47,"turns":4},{"damage":2,"enemies":"Mind Bloom Boss Battle","floor":48,"turns":7},{"damage":59,"enemies":"Time Eater","floor":50,"turns":12}],"seed_played":"-1364556990967456968","potions_obtained":[{"floor":7,"key":"AttackPotion"},{"floor":11,"key":"SpeedPotion"},{"floor":18,"key":"LiquidBronze"},{"floor":22,"key":"Strength Potion"},{"floor":29,"key":"GamblersBrew"},{"floor":33,"key":"PowerPotion"},{"floor":39,"key":"Strength Potion"},{"floor":44,"key":"SkillPotion"},{"floor":47,"key":"Ancient Potion"},{"floor":48,"key":"Explosive Potion"}],"is_trial":false,"path_per_floor":["M","?","?","?","M","R","E","?","T","M","M","M","$","M","R","B",null,"M","?","M","?","M","R","M","R","T","R","M","M","M","T","R","B",null,"M","?","$","M","?","R","E","M","T","M","$","R","M","?","R","B",null],"character_chosen":"DEFECT","items_purchased":["Toolbox","ClockworkSouvenir","Omamori","Dexterity Potion","LiquidBronze"],"campfire_rested":4,"item_purchase_floors":[13,37,37,37,45],"current_hp_per_floor":[69,54,47,47,43,43,15,15,15,15,15,10,10,12,34,36,75,73,50,56,56,44,44,25,47,47,47,54,40,46,46,46,27,75,75,75,75,46,46,46,28,23,30,31,31,55,54,72,96,41],"gold":157,"neow_bonus":"ONE_RARE_RELIC","is_prod":false,"is_daily":false,"chose_seed":false,"campfire_upgraded":5,"win_rate":0,"timestamp":1547137141,"path_taken":["M","?","?","?","M","R","E","?","T","M","M","?","$","M","R","BOSS","M","?","M","?","M","R","M","R","T","R","M","M","M","?","R","BOSS","M","?","$","?","?","R","E","M","T","M","$","R","?","?","R","BOSS"],"build_version":"2019-01-03v4","purchased_purges":2,"victory":true,"max_hp_per_floor":[75,75,75,75,75,75,75,75,75,75,75,75,75,75,75,75,75,75,75,75,75,75,75,75,75,75,75,75,75,75,75,75,75,75,75,75,75,75,75,75,75,75,82,82,82,82,82,96,96,96],"card_choices":[{"not_picked":["Hologram","Rebound"],"picked":"Cold Snap","floor":1},{"not_picked":["Streamline","Redo"],"picked":"Sweeping Beam","floor":5},{"not_picked":["Go for the Eyes","Leap"],"picked":"Conserve Battery","floor":7},{"not_picked":["Sweeping Beam","Rainbow"],"picked":"Steam","floor":10},{"not_picked":["Ball Lightning","Redo"],"picked":"Turbo","floor":11},{"not_picked":["Gash","Compile Driver"],"picked":"Defragment","floor":12},{"not_picked":["Redo","Steam"],"picked":"Turbo","floor":14},{"not_picked":["Core Surge","Amplify"],"picked":"Machine Learning","floor":16},{"not_picked":["Hologram","Streamline"],"picked":"Compile Driver","floor":18},{"not_picked":["Chaos+1","Ball Lightning"],"picked":"Coolheaded","floor":19},{"not_picked":["Compile Driver","Hologram","Ball Lightning"],"picked":"SKIP","floor":20},{"not_picked":["Rainbow","Leap"],"picked":"Go for the Eyes","floor":22},{"not_picked":["Sweeping Beam","Static Discharge","Coolheaded"],"picked":"SKIP","floor":24},{"not_picked":["Reprogram","Leap","Ball Lightning"],"picked":"SKIP","floor":28},{"not_picked":["Rip and Tear+1","Coolheaded","Conserve Battery+1"],"picked":"SKIP","floor":29},{"not_picked":["Steam+1","Reinforced Body"],"picked":"Turbo","floor":30},{"not_picked":["Ball Lightning","Self Repair"],"picked":"Steam","floor":35},{"not_picked":["Sweeping Beam","Coolheaded","Rebound+1"],"picked":"SKIP","floor":38},{"not_picked":["Defragment","Barrage","Doom and Gloom+1"],"picked":"SKIP","floor":41},{"not_picked":["Amplify","Conserve Battery+1","Skim"],"picked":"SKIP","floor":42},{"not_picked":["Rip and Tear","Leap","Turbo"],"picked":"SKIP","floor":44},{"not_picked":["Beam Cell","Reprogram","Sweeping Beam+1"],"picked":"SKIP","floor":47}],"player_experience":179990,"relics_obtained":[{"floor":7,"key":"War Paint"},{"floor":9,"key":"Ancient Tea Set"},{"floor":19,"key":"Red Mask"},{"floor":26,"key":"Mercury Hourglass"},{"floor":31,"key":"Mummified Hand"},{"floor":41,"key":"Bottled Lightning"},{"floor":43,"key":"Strawberry"},{"floor":48,"key":"Mango"}],"event_choices":[{"damage_healed":0,"gold_gain":0,"player_choice":"Entered Light","damage_taken":15,"max_hp_gain":0,"max_hp_loss":0,"event_name":"Shining Light","floor":2,"gold_loss":0,"cards_upgraded":["Defend_B","Defend_B"]},{"cards_removed":["Strike_B"],"damage_healed":0,"gold_gain":0,"player_choice":"Card Removal","damage_taken":7,"max_hp_gain":0,"max_hp_loss":0,"event_name":"Golden Wing","floor":3,"gold_loss":0},{"damage_healed":0,"gold_gain":175,"player_choice":"AGREE","damage_taken":0,"max_hp_gain":0,"max_hp_loss":0,"event_name":"Liars Game","floor":4,"gold_loss":0,"cards_obtained":["Doubt"]},{"damage_healed":0,"gold_gain":0,"player_choice":"2 cards matched","damage_taken":0,"max_hp_gain":0,"max_hp_loss":0,"event_name":"Match and Keep!","floor":8,"gold_loss":0,"cards_obtained":["Conserve Battery","Zap"]},{"damage_healed":0,"gold_gain":0,"player_choice":"Fought Bandits","damage_taken":0,"max_hp_gain":0,"max_hp_loss":0,"event_name":"Masked Bandits","floor":19,"gold_loss":0},{"damage_healed":0,"gold_gain":99,"player_choice":"Stole From Cult","damage_taken":0,"max_hp_gain":0,"max_hp_loss":0,"event_name":"Nest","floor":21,"gold_loss":0},{"cards_removed":["Strike_G"],"damage_healed":0,"gold_gain":0,"player_choice":"Took Card","damage_taken":0,"max_hp_gain":0,"max_hp_loss":0,"event_name":"NoteForYourself","floor":36,"gold_loss":0,"cards_obtained":["Strike_G"]},{"damage_healed":0,"gold_gain":0,"player_choice":"Bought 1 Potion","damage_taken":0,"max_hp_gain":0,"max_hp_loss":0,"event_name":"The Woman in Blue","floor":39,"gold_loss":0},{"damage_healed":0,"gold_gain":0,"player_choice":"Fight","damage_taken":0,"max_hp_gain":0,"max_hp_loss":0,"event_name":"MindBloom","floor":48,"gold_loss":0}],"is_beta":false,"boss_relics":[{"not_picked":["Busted Crown","FrozenCore"],"picked":"Astrolabe"},{"not_picked":["Eternal Feather","Snecko Eye"],"picked":"Inserter"}],"items_purged_floors":[13,37],"is_endless":false,"potions_floor_spawned":[7,11,18,22,29,33,44,47,48],"ascension_level":0}