{"gold_per_floor":[113,113,63,12,28,59,59,72,72,102,120,130,130,148,148,247,247,261,261,261,54,54,54,81,101,101,112,146,20,53,70,70,169,169,182,200,200,214,135,135,160,160,186,186,220,235,253,7,7,7,7,7,7,39,39],"floor_reached":56,"playtime":3237,"items_purged":["Defend_B","Defend_B"],"score":1350,"play_id":"044a8b03-23b2-4fcb-9759-8a000e68961c","local_time":"20190117121251","is_ascension_mode":false,"campfire_choices":[{"data":"Zap","floor":7,"key":"SMITH"},{"data":"Defragment","floor":13,"key":"SMITH"},{"data":"Loop","floor":15,"key":"SMITH"},{"data":"Buffer","floor":23,"key":"SMITH"},{"floor":32,"key":"REST"},{"data":"Fusion","floor":40,"key":"SMITH"},{"data":"Echo Form","floor":42,"key":"SMITH"},{"floor":44,"key":"RECALL"},{"data":"Coolheaded","floor":49,"key":"SMITH"},{"floor":52,"key":"DIG"}],"neow_cost":"NONE","seed_source_timestamp":300029107524424,"circlet_count":0,"master_deck":["Zap+1","Dualcast","Coolheaded+1","Conserve Battery+1","Rebound","Ball Lightning","Cold Snap","Defragment+1","Loop+1","Reinforced Body","Buffer+1","Go for the Eyes","Barrage","Genetic Algorithm+1","Defragment+1","Echo Form+1","Coolheaded+1","Sweeping Beam+1","Chill+1","Fusion+1","FTL","Compile Driver","Static Discharge+1"],"relics":["Cracked Core","Lantern","Shovel","StoneCalendar","Matryoshka","Empty Cage","DollysMirror","Letter Opener","Juzu Bracelet","Ornamental Fan","Boot","DataDisk","Inserter","War Paint","Bottled Tornado","Regal Pillow","Bronze Scales","Kunai","Gambling Chip"],"potions_floor_usage":[6,10,24,30,30,30,45,45,55],"damage_taken":[{"damage":0,"enemies":"2 Louse","floor":1,"turns":2},{"damage":0,"enemies":"Small Slimes","floor":5,"turns":3},{"damage":6,"enemies":"Lagavulin","floor":6,"turns":7},{"damage":0,"enemies":"Jaw Worm","floor":8,"turns":2},{"damage":0,"enemies":"3 Sentries","floor":10,"turns":6},{"damage":0,"enemies":"Blue Slaver","floor":11,"turns":4},{"damage":3,"enemies":"Looter","floor":12,"turns":2},{"damage":4,"enemies":"Large Slime","floor":14,"turns":5},{"damage":0,"enemies":"Slime Boss","floor":16,"turns":7},{"damage":0,"enemies":"Shell Parasite","floor":18,"turns":6},{"damage":20,"enemies":"Gremlin Leader","floor":24,"turns":7},{"damage":3,"enemies":"3 Byrds","floor":25,"turns":4},{"damage":12,"enemies":"Snake Plant","floor":27,"turns":5},{"damage":8,"enemies":"Book of Stabbing","floor":28,"turns":5},{"damage":8,"enemies":"Slavers","floor":30,"turns":4},{"damage":0,"enemies":"Snecko","floor":31,"turns":4},{"damage":4,"enemies":"Automaton","floor":33,"turns":8},{"damage":0,"enemies":"3 Darklings","floor":35,"turns":6},{"damage":0,"enemies":"3 Shapes","floor":36,"turns":5},{"damage":0,"enemies":"Maw","floor":38,"turns":7},{"damage":0,"enemies":"Nemesis","floor":41,"turns":7},{"damage":0,"enemies":"Reptomancer","floor":45,"turns":7},{"damage":14,"enemies":"Transient","floor":46,"turns":5},{"damage":9,"enemies":"Jaw Worm Horde","floor":47,"turns":4},{"damage":14,"enemies":"Awakened One","floor":50,"turns":11},{"damage":24,"enemies":"Shield and Spear","floor":54,"turns":9},{"damage":37,"enemies":"The Heart","floor":55,"turns":8}],"seed_played":"-6904331733163174498","potions_obtained":[{"floor":5,"key":"EssenceOfSteel"},{"floor":8,"key":"EssenceOfSteel"},{"floor":11,"key":"SkillPotion"},{"floor":18,"key":"Poison Potion"},{"floor":28,"key":"Swift Potion"},{"floor":31,"key":"AttackPotion"},{"floor":36,"key":"Fire Potion"},{"floor":38,"key":"LiquidBronze"},{"floor":41,"key":"Explosive Potion"}],"is_trial":false,"path_per_floor":["M","?","?","$","M","E","R","M","T","E","M","M","R","M","R","B",null,"M","?","?","$","$","R","E","M","T","M","E","$","E","M","R","B",null,"M","M","?","M","$","R","E","R","T","R","E","M","M","$","R","B",null,"R","$","E","B",null],"character_chosen":"DEFECT","items_purchased":["Conserve Battery","DollysMirror","Energy Potion","FTL","Bronze Scales"],"campfire_rested":1,"item_purchase_floors":[4,21,29,39,48],"current_hp_per_floor":[75,68,68,68,68,62,62,62,62,62,62,59,59,55,55,55,75,75,75,75,75,75,75,55,52,52,40,32,32,24,24,46,42,75,75,75,75,75,75,75,75,75,75,75,75,61,52,52,52,38,75,75,75,51,14],"gold":39,"neow_bonus":"RANDOM_COMMON_RELIC","is_prod":false,"is_daily":false,"chose_seed":false,"campfire_upgraded":7,"win_rate":0,"timestamp":1547727171,"path_taken":["M","?","?","$","M","E","R","M","T","E","M","M","R","M","R","BOSS","M","?","?","?","$","R","E","M","T","M","E","$","E","M","R","BOSS","M","M","?","M","$","R","E","R","T","R","E","M","M","$","R","BOSS","R","$","E","BOSS"],"build_version":"2019-01-16","purchased_purges":2,"victory":true,"max_hp_per_floor":[75,75,75,75,75,75,75,75,75,75,75,75,75,75,75,75,75,75,75,75,75,75,75,75,75,75,75,75,75,75,75,75,75,75,75,75,75,75,75,75,75,75,75,75,75,75,75,75,75,75,75,75,75,75,75],"card_choices":[{"not_picked":["Hologram","Stack"],"picked":"Coolheaded","floor":1},{"not_picked":["Loop","Redo"],"picked":"Rebound","floor":5},{"not_picked":["Skim","Turbo"],"picked":"Ball Lightning","floor":6},{"not_picked":["Stack","Barrage"],"picked":"Cold Snap","floor":8},{"not_picked":["Skim","Heatsinks"],"picked":"Defragment","floor":10},{"not_picked":["Stack","Barrage"],"picked":"Loop","floor":11},{"not_picked":["Stack","Conserve Battery","Barrage"],"picked":"SKIP","floor":12},{"not_picked":["Heatsinks","Lockon"],"picked":"Reinforced Body","floor":14},{"not_picked":["Creative AI","Thunder Strike"],"picked":"Buffer","floor":16},{"not_picked":["Turbo","Steam+1"],"picked":"Go for the Eyes","floor":18},{"not_picked":["FTL+1","Steam"],"picked":"Echo Form","floor":24},{"not_picked":["Cold Snap","Turbo","Coolheaded"],"picked":"SKIP","floor":25},{"not_picked":["Conserve Battery","Ball Lightning+1"],"picked":"Coolheaded+1","floor":27},{"not_picked":["Stack","Steam"],"picked":"Sweeping Beam+1","floor":28},{"not_picked":["Hologram","Rainbow","Chaos+1"],"picked":"SKIP","floor":30},{"not_picked":["Storm","Genetic Algorithm"],"picked":"Chill+1","floor":31},{"not_picked":["Compile Driver","Barrage","Rebound+1"],"picked":"SKIP","floor":35},{"not_picked":["Barrage+1","Storm","Tempest+1"],"picked":"SKIP","floor":36},{"not_picked":["Steam Power","Rebound"],"picked":"Fusion","floor":38},{"not_picked":["Rebound+1","Rip and Tear+1","Hello World"],"picked":"SKIP","floor":41},{"not_picked":["All For One","Rebound"],"picked":"Compile Driver","floor":45},{"not_picked":["Redo+1","Sweeping Beam+1"],"picked":"Static Discharge+1","floor":46},{"not_picked":["Compile Driver","Conserve Battery","Lockon+1"],"picked":"SKIP","floor":47},{"not_picked":["Reinforced Body","Barrage+1","Darkness+1"],"picked":"SKIP","floor":54}],"player_experience":769167,"relics_obtained":[{"floor":6,"key":"Shovel"},{"floor":9,"key":"StoneCalendar"},{"floor":10,"key":"Matryoshka"},{"floor":24,"key":"Letter Opener"},{"floor":26,"key":"Juzu Bracelet"},{"floor":26,"key":"Ornamental Fan"},{"floor":28,"key":"Boot"},{"floor":30,"key":"DataDisk"},{"floor":41,"key":"War Paint"},{"floor":43,"key":"Bottled Tornado"},{"floor":45,"key":"Regal Pillow"},{"floor":52,"key":"Kunai"},{"floor":54,"key":"Gambling Chip"}],"event_choices":[{"cards_removed":["Strike_B"],"damage_healed":0,"gold_gain":0,"player_choice":"Card Removal","damage_taken":7,"max_hp_gain":0,"max_hp_loss":0,"event_name":"Golden Wing","floor":2,"gold_loss":0},{"cards_removed":["Defend_B"],"damage_healed":0,"gold_gain":0,"player_choice":"Card Removal","damage_taken":0,"max_hp_gain":0,"max_hp_loss":0,"event_name":"The Cleric","floor":3,"gold_loss":50},{"damage_healed":0,"gold_gain":0,"cards_transformed":["Strike_B","Defend_B"],"player_choice":"Became Test Subject","damage_taken":0,"max_hp_gain":0,"max_hp_loss":0,"event_name":"Drug Dealer","floor":19,"gold_loss":0,"cards_obtained":["Barrage","Genetic Algorithm"]},{"damage_healed":0,"gold_gain":0,"player_choice":"Ignored","damage_taken":0,"max_hp_gain":0,"max_hp_loss":0,"event_name":"Ghosts","floor":20,"gold_loss":0},{"damage_healed":0,"gold_gain":0,"player_choice":"Memory 1","damage_taken":0,"max_hp_gain":0,"max_hp_loss":0,"event_name":"SensoryStone","floor":37,"gold_loss":0}],"is_beta":true,"boss_relics":[{"not_picked":["Coffee Dripper","Black Star"],"picked":"Empty Cage"},{"not_picked":["FrozenCore","Orrery"],"picked":"Inserter"}],"items_purged_floors":[29,48],"is_endless":false,"potions_floor_spawned":[5,8,11,18,28,31,36,38,41],"ascension_level":0}