{"gold_per_floor":[210,220,231,244,262,262,262,287,287,287,287,322,322,339,339,443,443,453,466,45,57,73,101,121,121,121,121,121,135,135,135,135,135],"floor_reached":33,"playtime":1705,"items_purged":["Strike_B"],"score":419,"play_id":"0ed8c624-6f61-4cc8-ac41-4be52eff3a79","local_time":"20181202205557","is_ascension_mode":true,"campfire_choices":[{"data":"Zap","floor":6,"key":"SMITH"},{"data":"Glacier","floor":10,"key":"SMITH"},{"data":"Biased Cognition","floor":13,"key":"SMITH"},{"data":"Hologram","floor":15,"key":"SMITH"},{"data":"Blizzard","floor":25,"key":"SMITH"},{"data":"Coolheaded","floor":28,"key":"SMITH"},{"data":"White Noise","floor":30,"key":"SMITH"},{"floor":32,"key":"REST"}],"neow_cost":"NONE","seed_source_timestamp":3009116763244270,"circlet_count":0,"master_deck":["AscendersBane","Defend_B","Defend_B","Defend_B","Defend_B","Zap+1","Dualcast","Coolheaded+1","Ball Lightning","Glacier+1","Ball Lightning","Blizzard+1","Stack","Biased Cognition+1","Hologram+1","Electrodynamics","Redo","Double Energy+1","Steam Power+1","Conserve Battery","Redo+1","White Noise+1","Blizzard","Recycle"],"relics":["Cracked Core","PreservedInsect","Symbiotic Virus","Sundial","Bird Faced Urn","Nuclear Battery","Regal Pillow","Medical Kit","Darkstone Periapt","Kunai"],"potions_floor_usage":[16,23,33],"damage_taken":[{"damage":1,"enemies":"Cultist","floor":1,"turns":3},{"damage":4,"enemies":"Jaw Worm","floor":2,"turns":5},{"damage":2,"enemies":"2 Louse","floor":3,"turns":2},{"damage":5,"enemies":"Red Slaver","floor":4,"turns":4},{"damage":0,"enemies":"Exordium Wildlife","floor":5,"turns":3},{"damage":17,"enemies":"Gremlin Nob","floor":8,"turns":4},{"damage":14,"enemies":"Lagavulin","floor":12,"turns":4},{"damage":0,"enemies":"Looter","floor":14,"turns":3},{"damage":22,"enemies":"The Guardian","floor":16,"turns":13},{"damage":0,"enemies":"Chosen","floor":18,"turns":4},{"damage":10,"enemies":"Spheric Guardian","floor":19,"turns":4},{"damage":11,"enemies":"3 Cultists","floor":21,"turns":4},{"damage":8,"enemies":"Chosen and Byrds","floor":22,"turns":3},{"damage":12,"enemies":"Slavers","floor":23,"turns":4},{"damage":13,"enemies":"Snake Plant","floor":24,"turns":3},{"damage":0,"enemies":"3 Cultists","floor":29,"turns":3},{"damage":162,"enemies":"Automaton","floor":33,"turns":14}],"seed_played":"-1911374014413131575","potions_obtained":[{"floor":1,"key":"AttackPotion"},{"floor":4,"key":"FairyPotion"},{"floor":8,"key":"Dexterity Potion"},{"floor":12,"key":"EssenceOfSteel"},{"floor":18,"key":"Energy Potion"},{"floor":24,"key":"SmokeBomb"},{"floor":29,"key":"Regen Potion"}],"is_trial":false,"path_per_floor":["M","M","M","M","M","R","?","E","T","R","T","E","R","M","R","B",null,"M","M","$","M","M","E","M","R","T","?","R","M","R","?","R","B"],"character_chosen":"DEFECT","items_purchased":["Regal Pillow","Medical Kit"],"campfire_rested":1,"item_purchase_floors":[20,20],"current_hp_per_floor":[67,63,61,56,56,56,61,44,44,44,44,30,30,32,32,12,63,67,61,61,54,50,42,33,33,33,33,33,37,37,37,76,0],"gold":135,"neow_bonus":"HUNDRED_GOLD","is_prod":false,"is_daily":false,"chose_seed":false,"campfire_upgraded":7,"win_rate":0,"timestamp":1543802157,"path_taken":["M","M","?","?","?","R","?","E","T","R","?","E","R","M","R","BOSS","M","M","$","M","M","E","M","R","T","?","R","?","R","?","R","BOSS"],"build_version":"2018-11-15","purchased_purges":1,"victory":false,"max_hp_per_floor":[75,75,75,75,75,75,80,80,80,80,80,80,80,80,80,80,80,80,80,80,80,80,80,80,80,80,80,80,80,80,80,80,80],"card_choices":[{"not_picked":["Hello World","Beam Cell"],"picked":"Coolheaded","floor":1},{"not_picked":["Streamline","Beam Cell"],"picked":"Ball Lightning","floor":2},{"not_picked":["Coolheaded","Go for the Eyes"],"picked":"Glacier","floor":3},{"not_picked":["Fusion","Undo"],"picked":"Ball Lightning","floor":4},{"not_picked":["Beam Cell","Buffer"],"picked":"Blizzard","floor":5},{"not_picked":["Barrage","Auto Shields"],"picked":"Stack","floor":8},{"not_picked":["Go for the Eyes","Consume"],"picked":"Biased Cognition","floor":12},{"not_picked":["Aggregate","Streamline"],"picked":"Hologram","floor":14},{"not_picked":["Thunder Strike","Echo Form"],"picked":"Electrodynamics","floor":16},{"not_picked":["Reprogram","Cold Snap"],"picked":"Redo","floor":18},{"not_picked":["Redo","Beam Cell"],"picked":"Double Energy+1","floor":19},{"not_picked":["Ball Lightning","Hologram+1"],"picked":"Steam Power+1","floor":21},{"not_picked":["Hologram","Meteor Strike"],"picked":"Conserve Battery","floor":22},{"not_picked":["Rebound","Reprogram","Gash"],"picked":"SKIP","floor":23},{"not_picked":["Turbo","Melter+1"],"picked":"Redo+1","floor":24},{"not_picked":["Streamline","Compile Driver"],"picked":"White Noise","floor":29}],"player_experience":647169,"relics_obtained":[{"floor":8,"key":"PreservedInsect"},{"floor":9,"key":"Symbiotic Virus"},{"floor":11,"key":"Sundial"},{"floor":12,"key":"Bird Faced Urn"},{"floor":23,"key":"Darkstone Periapt"},{"floor":26,"key":"Kunai"}],"event_choices":[{"damage_healed":0,"gold_gain":0,"player_choice":"Donut","damage_taken":0,"max_hp_gain":5,"max_hp_loss":0,"event_name":"Big Fish","floor":7,"gold_loss":0},{"cards_removed":["Strike_B"],"damage_healed":0,"gold_gain":0,"player_choice":"Offered Basic","damage_taken":0,"max_hp_gain":0,"max_hp_loss":0,"event_name":"Bonfire Elementals","floor":27,"gold_loss":0},{"damage_healed":0,"gold_gain":0,"cards_transformed":["Strike_B","Strike_B"],"player_choice":"Became Test Subject","damage_taken":0,"max_hp_gain":0,"max_hp_loss":0,"event_name":"Drug Dealer","floor":31,"gold_loss":0,"cards_obtained":["Blizzard","Recycle"]}],"is_beta":false,"boss_relics":[{"not_picked":["White Beast Statue","Black Star"],"picked":"Nuclear Battery"}],"items_purged_floors":[20],"is_endless":false,"potions_floor_spawned":[1,4,8,12,18,24,29],"killed_by":"Automaton","ascension_level":10}