{"gold_per_floor":[111,122,72,89,39,39,58,58,58,58,93,43,71,71,71,173,173,141,157,174,124,141,172,227,227,253,253,253,203,203,12,12,108,108,118,169,20,20,31,31,58,76,76,76,26,26,0,0,0,0],"floor_reached":50,"playtime":6982,"items_purged":["Strike_G","Defend_G","Strike_G","Regret","Doubt","Strike_G"],"score":517,"play_id":"f558e614-5fe9-4414-a9aa-47d55bddac8d","local_time":"20190205035902","is_ascension_mode":false,"campfire_choices":[{"data":"Neutralize","floor":6,"key":"SMITH"},{"data":"Backflip","floor":10,"key":"SMITH"},{"data":"Blade Dance","floor":15,"key":"SMITH"},{"floor":25,"key":"REST"},{"floor":28,"key":"REST"},{"data":"Adrenaline","floor":30,"key":"SMITH"},{"data":"Finisher","floor":32,"key":"SMITH"},{"data":"A Thousand Cuts","floor":40,"key":"SMITH"},{"data":"Well Laid Plans","floor":46,"key":"SMITH"},{"data":"Finisher","floor":49,"key":"SMITH"}],"neow_cost":"NONE","seed_source_timestamp":1231818631621969,"circlet_count":0,"master_deck":["Defend_G","Defend_G","Defend_G","Strike_G","Strike_G","Survivor","Neutralize+1","Blade Dance+1","Acrobatics","Heel Hook","Backflip+1","Flying Knee","Cloak And Dagger","Adrenaline+1","Clumsy","Finisher+1","Endless Agony","Outmaneuver","Finisher+1","A Thousand Cuts+1","Acrobatics+1","Well Laid Plans+1","Flying Knee+1","Acrobatics+1"],"relics":["Ring of the Snake","Smiling Mask","WingedGreaves","Incense Burner","Kunai","Calling Bell","Pen Nib","Darkstone Periapt","Thread and Needle","Meat on the Bone","Vajra","Blood Vial","HandDrill","HoveringKite","Unceasing Top","Bag of Preparation","Orichalcum","Lantern","Red Mask"],"potions_floor_usage":[13,16,16,23,33,33,35,50,50],"damage_taken":[{"damage":0,"enemies":"Cultist","floor":1,"turns":4},{"damage":3,"enemies":"2 Louse","floor":2,"turns":5},{"damage":0,"enemies":"Small Slimes","floor":4,"turns":3},{"damage":0,"enemies":"Blue Slaver","floor":7,"turns":5},{"damage":13,"enemies":"Gremlin Nob","floor":11,"turns":5},{"damage":18,"enemies":"3 Sentries","floor":13,"turns":9},{"damage":19,"enemies":"Slime Boss","floor":16,"turns":12},{"damage":20,"enemies":"2 Thieves","floor":18,"turns":5},{"damage":3,"enemies":"Spheric Guardian","floor":19,"turns":5},{"damage":10,"enemies":"Chosen and Byrds","floor":20,"turns":6},{"damage":0,"enemies":"Snake Plant","floor":22,"turns":5},{"damage":10,"enemies":"Book of Stabbing","floor":23,"turns":5},{"damage":50,"enemies":"Collector","floor":33,"turns":8},{"damage":1,"enemies":"3 Shapes","floor":35,"turns":4},{"damage":21,"enemies":"2 Orb Walkers","floor":36,"turns":6},{"damage":13,"enemies":"3 Darklings","floor":39,"turns":4},{"damage":0,"enemies":"Reptomancer","floor":41,"turns":4},{"damage":0,"enemies":"Maw","floor":42,"turns":6},{"damage":69,"enemies":"Time Eater","floor":50,"turns":10}],"seed_played":"-898046158718408721","potions_obtained":[{"floor":2,"key":"PowerPotion"},{"floor":11,"key":"Poison Potion"},{"floor":13,"key":"LiquidBronze"},{"floor":16,"key":"FearPotion"},{"floor":19,"key":"Ancient Potion"},{"floor":20,"key":"EssenceOfSteel"},{"floor":23,"key":"SteroidPotion"},{"floor":39,"key":"EssenceOfSteel"},{"floor":42,"key":"Dexterity Potion"}],"is_trial":false,"path_per_floor":["$","?","M","T","?","?","?","M","?","$","?","?"],"character_chosen":"THE_SILENT","items_purchased":["HandDrill","Bag of Preparation"],"campfire_rested":2,"item_purchase_floors":[31,37],"current_hp_per_floor":[70,67,67,67,67,67,67,67,67,67,54,54,36,36,36,17,70,50,47,37,37,37,27,27,48,48,35,57,57,57,57,57,21,75,74,54,54,75,62,62,64,66,66,66,66,66,66,66,66,0],"gold":0,"neow_bonus":"RANDOM_COMMON_RELIC","is_prod":false,"is_daily":false,"chose_seed":false,"campfire_upgraded":8,"win_rate":0.0,"timestamp":1549335542,"path_taken":["M","M","$","M","?","R","M","?","T","R","E","$","E","$","R","BOSS","M","?","M","$","M","E","?","R","T","?","R","$","R","$","R","BOSS","M","?","$","?","M","R","E","?","T","?","?","R","?","?","R","BOSS"],"build_version":"2019-01-23","purchased_purges":6,"victory":false,"max_hp_per_floor":[70,70,70,70,70,70,70,70,70,70,70,70,70,70,70,70,70,70,70,70,70,70,70,70,70,70,75,75,75,75,75,75,75,75,75,75,75,75,75,75,75,75,75,75,75,75,75,75,75,75],"card_choices":[{"not_picked":["Prepared","Dodge and Roll"],"picked":"Blade Dance","floor":1},{"not_picked":["Poisoned Stab","Quick Slash"],"picked":"Acrobatics","floor":2},{"not_picked":["Acrobatics","Prepared"],"picked":"Heel Hook","floor":4},{"not_picked":["Poisoned Stab","Masterful Stab"],"picked":"Backflip","floor":7},{"not_picked":["Acrobatics","Eviscerate"],"picked":"Flying Knee","floor":11},{"not_picked":["Doppelganger","Riddle With Holes"],"picked":"Cloak And Dagger","floor":13},{"not_picked":["Venomology","A Thousand Cuts"],"picked":"Adrenaline","floor":16},{"not_picked":["Reflex","Deflect"],"picked":"Finisher","floor":18},{"not_picked":["Deadly Poison","Poisoned Stab"],"picked":"Endless Agony","floor":19},{"not_picked":["Expertise","Skewer"],"picked":"Outmaneuver","floor":20},{"not_picked":["Terror","Slice"],"picked":"Heel Hook","floor":22},{"not_picked":["Reflex","Poisoned Stab"],"picked":"Finisher","floor":23},{"not_picked":["Unload","Tools of the Trade"],"picked":"A Thousand Cuts","floor":33},{"not_picked":["Sucker Punch+1","Well Laid Plans"],"picked":"Acrobatics+1","floor":35},{"not_picked":["Acrobatics","Flying Knee"],"picked":"Well Laid Plans","floor":36},{"not_picked":["Dodge and Roll","Dagger Throw"],"picked":"Flying Knee+1","floor":39},{"not_picked":["Dash+1","Bane+1"],"picked":"Acrobatics+1","floor":41},{"not_picked":["Dagger Throw","Caltrops"],"picked":"Heel Hook+1","floor":42}],"player_experience":32895,"relics_obtained":[{"floor":9,"key":"WingedGreaves"},{"floor":11,"key":"Incense Burner"},{"floor":13,"key":"Kunai"},{"floor":17,"key":"Pen Nib"},{"floor":17,"key":"Darkstone Periapt"},{"floor":17,"key":"Thread and Needle"},{"floor":23,"key":"Meat on the Bone"},{"floor":24,"key":"Vajra"},{"floor":26,"key":"Blood Vial"},{"floor":36,"key":"Unceasing Top"},{"floor":41,"key":"Orichalcum"},{"floor":43,"key":"Lantern"}],"event_choices":[{"cards_removed":["Defend_G"],"damage_healed":0,"gold_gain":0,"player_choice":"Purged","damage_taken":0,"max_hp_gain":0,"max_hp_loss":0,"event_name":"Purifier","floor":8,"gold_loss":0},{"damage_healed":0,"gold_gain":0,"player_choice":"Shed Blood","damage_taken":18,"max_hp_gain":5,"max_hp_loss":0,"event_name":"Forgotten Altar","floor":27,"gold_loss":0},{"damage_healed":0,"gold_gain":0,"player_choice":"Fight","damage_taken":0,"max_hp_gain":0,"max_hp_loss":0,"event_name":"Mysterious Sphere","floor":36,"gold_loss":0},{"cards_removed":["Heel Hook"],"damage_healed":21,"gold_gain":0,"player_choice":"Offered Uncommon","damage_taken":0,"max_hp_gain":0,"max_hp_loss":0,"event_name":"Bonfire Elementals","floor":38,"gold_loss":0},{"damage_healed":0,"gold_gain":0,"player_choice":"Ignored","damage_taken":0,"max_hp_gain":0,"max_hp_loss":0,"event_name":"SecretPortal","floor":44,"gold_loss":0},{"damage_healed":0,"gold_gain":0,"player_choice":"Paid","damage_taken":0,"relics_obtained":["Red Mask"],"max_hp_gain":0,"max_hp_loss":0,"event_name":"Tomb of Lord Red Mask","floor":47,"gold_loss":26},{"cards_removed":["Heel Hook"],"damage_healed":0,"gold_gain":0,"player_choice":"Removed Attack","damage_taken":0,"max_hp_gain":0,"max_hp_loss":0,"event_name":"Falling","floor":48,"gold_loss":0}],"is_beta":false,"boss_relics":[{"not_picked":["Tiny House","Fusion Hammer"],"picked":"Calling Bell"},{"not_picked":["Velvet Choker","Empty Cage"],"picked":"HoveringKite"}],"items_purged_floors":[3,5,12,21,29,45],"is_endless":false,"potions_floor_spawned":[2,11,13,16,19,20,23,39,42],"killed_by":"Time Eater","ascension_level":0}