{"gold_per_floor":[112,82,98,113,128,128,190,217,217,217,251,267,285,285,285,389,389,406,82,102,102,17,17,45,45,45,45,56,56,81,131,131,131],"floor_reached":33,"playtime":3336,"items_purged":["Strike_R"],"score":293,"play_id":"12c4be56-47d6-4015-bd67-55b12d88259c","local_time":"20181225010128","is_ascension_mode":false,"campfire_choices":[{"data":"Pommel Strike","floor":6,"key":"SMITH"},{"data":"Iron Wave","floor":10,"key":"SMITH"},{"floor":15,"key":"REST"},{"data":"Offering","floor":23,"key":"SMITH"},{"data":"RitualDagger","floor":25,"key":"SMITH"},{"data":"Pommel Strike","floor":29,"key":"SMITH"},{"data":"Thunderclap","floor":32,"key":"SMITH"}],"neow_cost":"NONE","seed_source_timestamp":7815127699400,"circlet_count":0,"master_deck":["Strike_R","Strike_R","Strike_R","Strike_R","Defend_R","Defend_R","Defend_R","Defend_R","Bash","Anger","Iron Wave+1","Cleave","Pommel Strike+1","Havoc","Thunderclap+1","Anger","Dropkick","Pommel Strike+1","Offering+1","Dropkick","Thunderclap+1","RitualDagger+1","Cleave"],"relics":["Black Blood","PreservedInsect","Frozen Egg 2","Darkstone Periapt","Strawberry","Paper Frog","Dream Catcher","Blue Candle","Shuriken","Happy Flower","Boot"],"potions_floor_usage":[7,7,16,20,28,33,33],"damage_taken":[{"damage":0,"enemies":"Jaw Worm","floor":1,"turns":4},{"damage":1,"enemies":"Cultist","floor":3,"turns":3},{"damage":3,"enemies":"Small Slimes","floor":4,"turns":3},{"damage":20,"enemies":"Gremlin Gang","floor":5,"turns":5},{"damage":15,"enemies":"Gremlin Nob","floor":7,"turns":4},{"damage":36,"enemies":"Lagavulin","floor":8,"turns":4},{"damage":14,"enemies":"Gremlin Nob","floor":11,"turns":3},{"damage":0,"enemies":"3 Louse","floor":12,"turns":2},{"damage":3,"enemies":"Large Slime","floor":13,"turns":4},{"damage":30,"enemies":"Slime Boss","floor":16,"turns":9},{"damage":16,"enemies":"Chosen","floor":18,"turns":3},{"damage":25,"enemies":"Spheric Guardian","floor":20,"turns":4},{"damage":29,"enemies":"Book of Stabbing","floor":24,"turns":3},{"damage":23,"enemies":"Snake Plant","floor":28,"turns":3},{"damage":45,"enemies":"Slavers","floor":30,"turns":4},{"damage":24,"enemies":"Automaton","floor":33,"turns":4}],"seed_played":"4091212098357438654","potions_obtained":[{"floor":2,"key":"PowerPotion"},{"floor":2,"key":"SmokeBomb"},{"floor":3,"key":"FearPotion"},{"floor":5,"key":"FearPotion"},{"floor":7,"key":"SneckoOil"},{"floor":16,"key":"Poison Potion"},{"floor":18,"key":"Explosive Potion"},{"floor":24,"key":"EssenceOfSteel"},{"floor":30,"key":"Ancient Potion"}],"is_trial":false,"path_per_floor":["M","?","M","M","M","R","?","E","T","R","E","M","M","?","R","B",null,"M","$","M","?","?","R","E","R","T","?","M","R","E","T","R","B"],"character_chosen":"IRONCLAD","items_purchased":["Paper Frog"],"campfire_rested":1,"item_purchase_floors":[19],"current_hp_per_floor":[80,80,80,80,66,66,57,27,27,27,26,32,35,35,61,37,87,81,81,66,60,60,60,41,41,41,70,57,57,22,22,22,0],"gold":131,"neow_bonus":"THREE_CARDS","is_prod":false,"is_daily":false,"chose_seed":false,"campfire_upgraded":6,"win_rate":0,"timestamp":1545670888,"path_taken":["M","?","M","M","?","R","?","E","T","R","E","M","M","?","R","BOSS","M","$","?","?","?","R","E","R","T","?","M","R","E","?","R","BOSS"],"build_version":"2018-12-20","purchased_purges":1,"victory":false,"max_hp_per_floor":[80,80,80,80,80,80,80,80,80,80,87,87,87,87,87,87,87,87,87,87,87,87,87,87,87,87,87,87,87,87,87,87,87],"card_choices":[{"not_picked":["Warcry","Reckless Charge"],"picked":"Anger","floor":0},{"not_picked":["Flex","Warcry"],"picked":"Iron Wave","floor":1},{"not_picked":["Iron Wave","Shrug It Off"],"picked":"Cleave","floor":3},{"not_picked":["Intimidate","Warcry"],"picked":"Pommel Strike","floor":4},{"not_picked":["Infernal Blade","Ghostly Armor"],"picked":"Havoc","floor":5},{"not_picked":["Headbutt","Pommel Strike"],"picked":"Thunderclap","floor":7},{"not_picked":["Havoc","Pommel Strike"],"picked":"Anger","floor":8},{"not_picked":["Evolve+1","Heavy Blade"],"picked":"Dropkick","floor":11},{"not_picked":["Feed","Power Through"],"picked":"Pommel Strike","floor":12},{"not_picked":["Flex","Burning Pact","Twin Strike"],"picked":"SKIP","floor":13},{"not_picked":["Brutality+1","Berserk+1"],"picked":"Offering","floor":16},{"not_picked":["Heavy Blade","Sword Boomerang"],"picked":"Dropkick","floor":18},{"not_picked":["Feel No Pain+1","Flex"],"picked":"Thunderclap","floor":20},{"not_picked":["Anger","Inflame+1"],"picked":"Cleave","floor":24},{"not_picked":["Sword Boomerang","Perfected Strike+1","Flex"],"picked":"SKIP","floor":28},{"not_picked":["Warcry","Clash+1","Twin Strike"],"picked":"SKIP","floor":30}],"player_experience":62514,"relics_obtained":[{"floor":7,"key":"PreservedInsect"},{"floor":8,"key":"Frozen Egg 2"},{"floor":9,"key":"Darkstone Periapt"},{"floor":11,"key":"Strawberry"},{"floor":24,"key":"Blue Candle"},{"floor":26,"key":"Shuriken"},{"floor":30,"key":"Happy Flower"},{"floor":31,"key":"Boot"}],"event_choices":[{"damage_healed":0,"gold_gain":0,"player_choice":"Bought 2 Potions","damage_taken":0,"max_hp_gain":0,"max_hp_loss":0,"event_name":"The Woman in Blue","floor":2,"gold_loss":0},{"damage_healed":0,"gold_gain":0,"player_choice":"Searched \u00271\u0027 times","damage_taken":0,"max_hp_gain":0,"max_hp_loss":0,"event_name":"Dead Adventurer","floor":7,"gold_loss":0},{"damage_healed":0,"gold_gain":0,"player_choice":"Forge","damage_taken":0,"max_hp_gain":0,"max_hp_loss":0,"event_name":"Accursed Blacksmith","floor":14,"gold_loss":0,"cards_upgraded":["Thunderclap"]},{"damage_healed":0,"gold_gain":0,"player_choice":"Joined the Cult","damage_taken":6,"max_hp_gain":0,"max_hp_loss":0,"event_name":"Nest","floor":21,"gold_loss":0,"cards_obtained":["RitualDagger"]},{"damage_healed":0,"gold_gain":0,"player_choice":"Obtained Relic","damage_taken":0,"relics_obtained":["Dream Catcher"],"max_hp_gain":0,"max_hp_loss":0,"event_name":"Addict","floor":22,"gold_loss":85},{"damage_healed":29,"gold_gain":0,"player_choice":"Heal","damage_taken":0,"max_hp_gain":0,"max_hp_loss":0,"event_name":"The Library","floor":27,"gold_loss":0}],"is_beta":false,"boss_relics":[{"not_picked":["Lizard Tail","White Beast Statue"],"picked":"Black Blood"}],"items_purged_floors":[19],"is_endless":false,"potions_floor_spawned":[3,5,7,16,18,24,30],"killed_by":"Automaton","ascension_level":0}