{"gold_per_floor":[116,133,149,74,74,102,102,102,129,157,26,36,55,69,69,173,173,143,157,157,157,171,171,204,217,243,263,178,198,198],"floor_reached":30,"playtime":4265,"items_purged":["Strike_G","Pain"],"score":264,"play_id":"9a57ab02-d1ae-4bf0-a9c8-0c86843626ac","local_time":"20190206213445","is_ascension_mode":false,"campfire_choices":[{"floor":7,"key":"REST"},{"floor":15,"key":"REST"},{"data":"Footwork","floor":23,"key":"SMITH"}],"neow_cost":"NONE","seed_source_timestamp":1384268257913310,"circlet_count":0,"master_deck":["Defend_G","Defend_G","Defend_G","Defend_G","Defend_G+1","Strike_G+1","Strike_G","Strike_G","Strike_G","Survivor","Neutralize+1","Well Laid Plans","Flying Knee","Flying Knee","Calculated Gamble","Footwork+1","Outmaneuver","Venomology","Acrobatics","Noxious Fumes","All Out Attack","Acrobatics+1","Backstab+1","Backstab+1","Backflip"],"relics":["Ring of the Snake","Lantern","WarpedTongs","Oddly Smooth Stone","Smiling Mask","Black Star","Molten Egg 2","Frozen Egg 2","Snake Skull","Ninja Scroll"],"potions_floor_usage":[10,16,16,22,24,24,24,27,27,29,30],"damage_taken":[{"damage":0,"enemies":"Cultist","floor":1,"turns":4},{"damage":0,"enemies":"Jaw Worm","floor":2,"turns":5},{"damage":2,"enemies":"Small Slimes","floor":3,"turns":3},{"damage":29,"enemies":"Gremlin Nob","floor":6,"turns":6},{"damage":15,"enemies":"3 Sentries","floor":10,"turns":9},{"damage":13,"enemies":"Gremlin Gang","floor":12,"turns":4},{"damage":0,"enemies":"Looter","floor":13,"turns":3},{"damage":1,"enemies":"2 Fungi Beasts","floor":14,"turns":4},{"damage":22,"enemies":"Slime Boss","floor":16,"turns":10},{"damage":7,"enemies":"2 Thieves","floor":18,"turns":5},{"damage":2,"enemies":"3 Byrds","floor":19,"turns":9},{"damage":0,"enemies":"Snecko","floor":22,"turns":6},{"damage":25,"enemies":"Book of Stabbing","floor":24,"turns":7},{"damage":7,"enemies":"Shelled Parasite and Fungi","floor":25,"turns":7},{"damage":19,"enemies":"Cultist and Chosen","floor":27,"turns":9},{"damage":6,"enemies":"Centurion and Healer","floor":29,"turns":6},{"damage":6,"enemies":"Chosen and Byrds","floor":30,"turns":6}],"seed_played":"-8723097819304516431","potions_obtained":[{"floor":2,"key":"FearPotion"},{"floor":3,"key":"Swift Potion"},{"floor":10,"key":"EssenceOfSteel"},{"floor":18,"key":"FearPotion"},{"floor":22,"key":"SpeedPotion"}],"is_trial":false,"path_per_floor":["M","?","?","M","?","?","?"],"character_chosen":"THE_SILENT","items_purchased":["Footwork"],"campfire_rested":2,"item_purchase_floors":[11],"current_hp_per_floor":[70,70,68,68,54,25,46,46,46,31,31,18,18,17,38,16,70,63,61,61,61,61,61,36,29,29,10,10,4,0],"gold":198,"neow_bonus":"UPGRADE_CARD","is_prod":false,"is_daily":false,"chose_seed":false,"campfire_upgraded":1,"win_rate":0.0,"timestamp":1549485285,"path_taken":["M","M","?","$","?","E","R","?","T","E","$","M","M","?","R","BOSS","M","M","?","?","M","R","E","M","T","M","?","M","M"],"build_version":"2019-01-23","purchased_purges":2,"victory":false,"max_hp_per_floor":[70,70,70,70,70,70,70,70,70,70,70,70,70,70,70,70,70,70,70,70,70,70,70,70,70,70,70,70,70,70],"card_choices":[{"not_picked":["Sucker Punch","Dodge and Roll"],"picked":"Well Laid Plans","floor":1},{"not_picked":["Deadly Poison","Poisoned Stab","Caltrops"],"picked":"SKIP","floor":2},{"not_picked":["Terror","Slice"],"picked":"Flying Knee","floor":3},{"not_picked":["Sucker Punch","Backstab"],"picked":"Flying Knee","floor":6},{"not_picked":["Malaise","Phantasmal Killer"],"picked":"Calculated Gamble","floor":10},{"not_picked":["Catalyst","Dagger Spray","PiercingWail"],"picked":"SKIP","floor":12},{"not_picked":["Caltrops","Prepared","Bane"],"picked":"SKIP","floor":13},{"not_picked":["Quick Slash","Deadly Poison"],"picked":"Outmaneuver","floor":14},{"not_picked":["Die Die Die","Wraith Form v2"],"picked":"Venomology","floor":16},{"not_picked":["Underhanded Strike","Slice"],"picked":"Acrobatics","floor":18},{"not_picked":["Deadly Poison+1","Prepared"],"picked":"Noxious Fumes","floor":19},{"not_picked":["Prepared","Slice","Underhanded Strike"],"picked":"SKIP","floor":22},{"not_picked":["A Thousand Cuts","Sucker Punch+1"],"picked":"Acrobatics+1","floor":24},{"not_picked":["Expertise","Prepared"],"picked":"Backstab+1","floor":25},{"not_picked":["Well Laid Plans+1","PiercingWail"],"picked":"Backstab+1","floor":27},{"not_picked":["Expertise","Dagger Spray+1"],"picked":"Backflip","floor":29}],"player_experience":42190,"relics_obtained":[{"floor":6,"key":"Lantern"},{"floor":9,"key":"Oddly Smooth Stone"},{"floor":10,"key":"Smiling Mask"},{"floor":24,"key":"Molten Egg 2"},{"floor":24,"key":"Frozen Egg 2"},{"floor":26,"key":"Snake Skull"}],"event_choices":[{"damage_healed":0,"gold_gain":0,"player_choice":"Entered Light","damage_taken":14,"max_hp_gain":0,"max_hp_loss":0,"event_name":"Shining Light","floor":5,"gold_loss":0,"cards_upgraded":["Defend_G","Strike_G"]},{"damage_healed":0,"gold_gain":0,"player_choice":"Rummage","damage_taken":0,"relics_obtained":["WarpedTongs"],"max_hp_gain":0,"max_hp_loss":0,"event_name":"Accursed Blacksmith","floor":8,"gold_loss":0,"cards_obtained":["Pain"]},{"damage_healed":0,"gold_gain":0,"player_choice":"Ignored","damage_taken":0,"max_hp_gain":0,"max_hp_loss":0,"event_name":"Vampires","floor":20,"gold_loss":0},{"damage_healed":0,"gold_gain":0,"player_choice":"Read","damage_taken":0,"max_hp_gain":0,"max_hp_loss":0,"event_name":"The Library","floor":21,"gold_loss":0,"cards_obtained":["All Out Attack"]},{"damage_healed":0,"gold_gain":0,"player_choice":"Obtained Relic","damage_taken":0,"relics_obtained":["Ninja Scroll"],"max_hp_gain":0,"max_hp_loss":0,"event_name":"Addict","floor":28,"gold_loss":85}],"is_beta":false,"boss_relics":[{"not_picked":["Tiny House","Lizard Tail"],"picked":"Black Star"}],"items_purged_floors":[4,11],"is_endless":false,"potions_floor_spawned":[2,3,10,18,22],"killed_by":"Chosen and Byrds","ascension_level":0}