{"gold_per_floor":[117,132,93,93,103,253,287,134,213,213,540,540,55,55,55,128,128,48,48,48,48,48,48,48,48,48,48,48,48,48,48,48,48],"floor_reached":33,"playtime":1655,"items_purged":["Doubt","Strike_B"],"score":548,"play_id":"70dc0d48-8a73-41e0-be23-458a11809e14","local_time":"20181230134157","is_ascension_mode":true,"campfire_choices":[{"data":"Sunder","floor":10.0,"key":"SMITH"},{"data":"Dualcast","floor":12.0,"key":"SMITH"},{"data":"Undo","floor":15.0,"key":"SMITH"},{"data":"Heatsinks","floor":23.0,"key":"SMITH"},{"floor":28.0,"key":"REST"},{"floor":32.0,"key":"REST"}],"neow_cost":"NONE","seed_source_timestamp":0,"circlet_count":0,"master_deck":["AscendersBane","Strike_B","Strike_B","Strike_B","Defend_B","Defend_B","Defend_B","Defend_B","Zap","Dualcast+1","Rebound","Sunder+1","Glacier","Barrage","Undo+1","Loop+1","Buffer","Heatsinks+1","Loop","FTL","Compile Driver","Capacitor"],"special_seed":0,"relics":["Cracked Core","NeowsBlessing","Symbiotic Virus","Emotion Chip","Letter Opener","Old Coin","Lee\u0027s Waffle","Lantern","Ectoplasm","Omamori","Bag of Preparation"],"potions_floor_usage":[33],"damage_taken":[{"damage":0.0,"enemies":"Cultist","floor":1.0,"turns":1.0},{"damage":0.0,"enemies":"Jaw Worm","floor":2.0,"turns":1.0},{"damage":0.0,"enemies":"Small Slimes","floor":5.0,"turns":1.0},{"damage":13.0,"enemies":"3 Sentries","floor":7.0,"turns":7.0},{"damage":1.0,"enemies":"Gremlin Nob","floor":11.0,"turns":4.0},{"damage":16.0,"enemies":"Slime Boss","floor":16.0,"turns":11.0},{"damage":1.0,"enemies":"2 Thieves","floor":18.0,"turns":4.0},{"damage":4.0,"enemies":"Chosen","floor":19.0,"turns":4.0},{"damage":14.0,"enemies":"Snake Plant","floor":21.0,"turns":2.0},{"damage":9.0,"enemies":"Snecko","floor":22.0,"turns":4.0},{"damage":6.0,"enemies":"Colosseum Slavers","floor":24.0,"turns":3.0},{"damage":23.0,"enemies":"Book of Stabbing","floor":25.0,"turns":6.0},{"damage":6.0,"enemies":"Centurion and Healer","floor":27.0,"turns":3.0},{"damage":49,"enemies":"Automaton","floor":33,"turns":12}],"seed_played":"-9011770790250630671","potions_obtained":[{"floor":7.0,"key":"SteroidPotion"},{"floor":11.0,"key":"Explosive Potion"},{"floor":16.0,"key":"Explosive Potion"},{"floor":18.0,"key":"SkillPotion"},{"floor":25.0,"key":"PowerPotion"}],"is_trial":false,"path_per_floor":["M","M","$","T","M","?","E","$","T","R","E","R","$","?","R","B",null,"M","M","?","M","M","R","?","E","T","M","R","$","?","?","R","B"],"character_chosen":"DEFECT","items_purchased":["Glacier","Loop","Lee\u0027s Waffle","Lantern"],"campfire_rested":2,"item_purchase_floors":[3,8,13,13],"current_hp_per_floor":[64,64,64,64,64,64,51,51,51,51,50,50,78,78,78,62,74,73,69,69,55,46,46,40,17,17,11,34,34,34,12,36,0],"gold":48,"neow_bonus":"THREE_ENEMY_KILL","is_prod":false,"is_daily":false,"chose_seed":false,"campfire_upgraded":4,"win_rate":0,"timestamp":1546195317,"path_taken":["M","M","$","?","?","?","E","?","T","R","E","R","$","?","R","BOSS","M","M","?","M","M","R","?","E","T","M","R","$","?","?","R","BOSS"],"build_version":"2018-12-20","purchased_purges":2,"victory":false,"max_hp_per_floor":[71,71,71,71,71,71,71,71,71,71,71,71,78,78,78,78,78,78,78,78,78,78,78,78,78,78,78,78,78,78,83,83,83],"card_choices":[{"not_picked":["Redo","Sweeping Beam"],"picked":"Rebound","floor":1.0},{"not_picked":["Barrage","Coolheaded"],"picked":"Sunder","floor":2.0},{"not_picked":["Recycle","Steam"],"picked":"Barrage","floor":5.0},{"not_picked":["Double Energy","Chill"],"picked":"Undo","floor":7.0},{"not_picked":["Core Surge","All For One"],"picked":"Buffer","floor":16.0},{"not_picked":["Storm","Glacier"],"picked":"Heatsinks","floor":18.0},{"not_picked":["Double Energy","Force Field"],"picked":"Loop","floor":21.0},{"not_picked":["Leap","Stack+1"],"picked":"FTL","floor":22.0},{"not_picked":["Doom and Gloom","Steam Power"],"picked":"Compile Driver","floor":25.0},{"not_picked":["Stack","Streamline+1"],"picked":"Capacitor","floor":27.0}],"player_experience":880041,"relics_obtained":[{"floor":4.0,"key":"Symbiotic Virus"},{"floor":7.0,"key":"Emotion Chip"},{"floor":9.0,"key":"Letter Opener"},{"floor":11.0,"key":"Old Coin"},{"floor":25.0,"key":"Omamori"},{"floor":26.0,"key":"Bag of Preparation"}],"event_choices":[{"damage_healed":0.0,"max_hp_gain":0.0,"max_hp_loss":0.0,"gold_gain":150.0,"event_name":"Liars Game","player_choice":"AGREE","floor":6.0,"gold_loss":0.0,"damage_taken":0.0,"cards_obtained":["Doubt"]},{"damage_healed":0.0,"max_hp_gain":0.0,"max_hp_loss":0.0,"gold_gain":0.0,"event_name":"Upgrade Shrine","player_choice":"Upgraded","floor":14.0,"gold_loss":0.0,"damage_taken":0.0,"cards_upgraded":["Loop"]},{"damage_healed":0.0,"max_hp_gain":0.0,"max_hp_loss":0.0,"gold_gain":50.0,"event_name":"Nest","player_choice":"Stole From Cult","floor":20.0,"gold_loss":0.0,"damage_taken":0.0},{"damage_healed":0.0,"max_hp_gain":0.0,"max_hp_loss":0.0,"gold_gain":0.0,"event_name":"Colosseum","player_choice":"Fight","floor":24.0,"gold_loss":0.0,"damage_taken":0.0},{"damage_healed":0.0,"max_hp_gain":0.0,"max_hp_loss":0.0,"gold_gain":0.0,"event_name":"Colosseum","player_choice":"Fled From Nobs","floor":24.0,"gold_loss":0.0,"damage_taken":0.0},{"damage_healed":0.0,"max_hp_gain":0.0,"max_hp_loss":0.0,"gold_gain":0.0,"event_name":"Beggar","player_choice":"Ignored","floor":30.0,"gold_loss":0.0,"damage_taken":0.0},{"damage_healed":0.0,"max_hp_gain":5.0,"max_hp_loss":0.0,"gold_gain":0.0,"event_name":"Forgotten Altar","player_choice":"Shed Blood","floor":31.0,"gold_loss":0.0,"damage_taken":27.0}],"is_beta":false,"boss_relics":[{"not_picked":["Philosopher\u0027s Stone","Fusion Hammer"],"picked":"Ectoplasm"}],"items_purged_floors":[8,13],"is_endless":false,"potions_floor_spawned":[7,11,16,18,25,27],"killed_by":"Automaton","ascension_level":17}