{"gold_per_floor":[109,38,38,38,56,56,91,106,106,131,149,149,249,269,269,374,374,385,163,163,174,174,174,199,199,199,228,153,153,173,88,88,183,183,199,199,199,210,34,34,49,49,49,59,59,83,83,99,99,99],"floor_reached":51,"playtime":6362,"items_purged":["Strike_B"],"score":673,"play_id":"c5519d69-2764-4bef-bfe8-cacff5925963","local_time":"20181027171356","is_ascension_mode":true,"campfire_choices":[{"data":"Rainbow","floor":6,"key":"SMITH"},{"data":"Glacier","floor":12,"key":"SMITH"},{"data":"Static Discharge","floor":15,"key":"SMITH"},{"data":"Machine Learning","floor":23,"key":"SMITH"},{"data":"Consume","floor":25,"key":"SMITH"},{"floor":29,"key":"REST"},{"data":"Dualcast","floor":32,"key":"SMITH"},{"data":"Bandage Up","floor":40,"key":"SMITH"},{"data":"Thinking Ahead","floor":42,"key":"SMITH"},{"floor":45,"key":"REST"},{"data":"Buffer","floor":49,"key":"SMITH"}],"neow_cost":"TEN_PERCENT_HP_LOSS","seed_source_timestamp":1219042771542123,"circlet_count":0,"master_deck":["Defend_B","Defend_B","Zap+1","Dualcast+1","Rainbow+1","Auto Shields","Coolheaded+1","Beam Cell","Darkness","Glacier+1","Chill","Conserve Battery","Static Discharge+1","Hologram","Machine Learning+1","Sunder","Barrage","Consume+1","Go for the Eyes","Consume+1","FTL","Buffer+1","Chaos","Bandage Up+1","Multi-Cast","Darkness+1","Thinking Ahead+1","Beam Cell+1","Go for the Eyes+1","Parasite","Sunder+1"],"relics":["Cracked Core","Du-Vu Doll","Darkstone Periapt","Happy Flower","Inserter","Potion Belt","Shuriken","Ancient Tea Set","Calipers","Lizard Tail","War Paint","Boot"],"potions_floor_usage":[24,33],"damage_taken":[{"damage":1,"enemies":"Jaw Worm","floor":1,"turns":4},{"damage":0,"enemies":"2 Louse","floor":5,"turns":4},{"damage":1,"enemies":"3 Sentries","floor":7,"turns":10},{"damage":0,"enemies":"Cultist","floor":8,"turns":3},{"damage":16,"enemies":"Gremlin Nob","floor":10,"turns":5},{"damage":0,"enemies":"2 Fungi Beasts","floor":11,"turns":4},{"damage":6,"enemies":"Red Slaver","floor":14,"turns":3},{"damage":19,"enemies":"Hexaghost","floor":16,"turns":9},{"damage":8,"enemies":"Chosen","floor":18,"turns":6},{"damage":3,"enemies":"Shell Parasite","floor":21,"turns":8},{"damage":16,"enemies":"Book of Stabbing","floor":24,"turns":6},{"damage":28,"enemies":"Slavers","floor":27,"turns":8},{"damage":5,"enemies":"Sentry and Sphere","floor":30,"turns":5},{"damage":10,"enemies":"Automaton","floor":33,"turns":11},{"damage":5,"enemies":"Orb Walker","floor":35,"turns":6},{"damage":26,"enemies":"3 Darklings","floor":38,"turns":6},{"damage":55,"enemies":"Jaw Worm Horde","floor":41,"turns":6},{"damage":10,"enemies":"4 Shapes","floor":44,"turns":7},{"damage":1,"enemies":"Writhing Mass","floor":48,"turns":5},{"damage":18,"enemies":"Awakened One","floor":50,"turns":15}],"seed_played":"-7150078410931109841","potions_obtained":[{"floor":1,"key":"Regen Potion"},{"floor":5,"key":"GamblersBrew"},{"floor":10,"key":"Swift Potion"},{"floor":16,"key":"Block Potion"},{"floor":18,"key":"Dexterity Potion"},{"floor":27,"key":"Ancient Potion"},{"floor":30,"key":"Regen Potion"},{"floor":38,"key":"Dexterity Potion"},{"floor":44,"key":"PowerPotion"}],"is_trial":false,"path_per_floor":["M","$","?","?","M","R","E","M","T","E","M","R","?","M","R","B",null,"M","$","?","M","?","R","E","R","T","E","?","R","M","?","R","B",null,"M","?","?","M","$","R","M","R","T","M","R","T","$","M","R","B"],"character_chosen":"DEFECT","items_purchased":["Coolheaded","Beam Cell","Barrage","Consume","Go for the Eyes","Thinking Ahead"],"campfire_rested":2,"item_purchase_floors":[2,2,19,19,19,39],"current_hp_per_floor":[67,67,67,68,68,68,67,67,67,51,51,51,51,45,45,26,68,60,60,60,57,57,57,50,50,50,22,22,42,37,37,37,42,68,63,63,63,41,41,41,31,31,31,27,47,47,47,58,58,46],"gold":99,"neow_bonus":"THREE_RARE_CARDS","is_prod":false,"is_daily":false,"chose_seed":false,"campfire_upgraded":9,"win_rate":0,"timestamp":1540674836,"path_taken":["M","$","?","?","?","R","E","M","T","E","M","R","?","M","R","BOSS","M","$","?","M","?","R","E","R","T","E","?","R","M","?","R","BOSS","M","?","?","?","?","R","M","R","T","M","R","?","$","M","R","BOSS"],"build_version":"2018-10-25v2","purchased_purges":1,"victory":true,"max_hp_per_floor":[68,68,68,68,68,68,68,68,68,68,68,68,68,68,68,68,68,68,68,68,68,68,68,68,68,68,68,68,68,68,68,68,68,68,68,68,68,68,68,68,68,68,68,68,68,68,68,74,74,74],"card_choices":[{"not_picked":["Seek","Amplify"],"picked":"Rainbow","floor":0},{"not_picked":["Streamline","Reinforced Body"],"picked":"Auto Shields","floor":1},{"not_picked":["Reprogram","Aggregate"],"picked":"Glacier","floor":5},{"not_picked":["Ball Lightning","Blizzard"],"picked":"Chill","floor":7},{"not_picked":["Coolheaded","Storm"],"picked":"Conserve Battery","floor":8},{"not_picked":["Double Energy","Coolheaded"],"picked":"Static Discharge","floor":10},{"not_picked":["Rebound","Auto Shields","White Noise"],"picked":"SKIP","floor":11},{"not_picked":["Turbo","Recycle"],"picked":"Hologram","floor":14},{"not_picked":["Rainbow","Reboot"],"picked":"Machine Learning","floor":16},{"not_picked":["Steam","Redo+1"],"picked":"Sunder","floor":18},{"not_picked":["Aggregate","Streamline+1"],"picked":"Consume+1","floor":21},{"not_picked":["Conserve Battery","Leap","Coolheaded"],"picked":"SKIP","floor":24},{"not_picked":["Cold Snap","Go for the Eyes"],"picked":"FTL","floor":27},{"not_picked":["Aggregate","Double Energy+1","Stack"],"picked":"SKIP","floor":30},{"not_picked":["Meteor Strike","Core Surge"],"picked":"Buffer","floor":33},{"not_picked":["Ball Lightning","Darkness"],"picked":"Chaos","floor":35},{"not_picked":["PanicButton","Discovery"],"picked":"Bandage Up","floor":36},{"not_picked":["Gash+1","Lockon"],"picked":"Darkness+1","floor":38},{"not_picked":["Gash+1","Barrage+1"],"picked":"Beam Cell+1","floor":41},{"not_picked":["Hello World+1","FTL+1"],"picked":"Go for the Eyes+1","floor":44},{"not_picked":["Force Field+1","Lockon"],"picked":"Sunder+1","floor":48}],"player_experience":192165,"relics_obtained":[{"floor":7,"key":"Du-Vu Doll"},{"floor":9,"key":"Darkstone Periapt"},{"floor":10,"key":"Happy Flower"},{"floor":24,"key":"Potion Belt"},{"floor":26,"key":"Shuriken"},{"floor":27,"key":"Ancient Tea Set"},{"floor":43,"key":"War Paint"},{"floor":46,"key":"Boot"}],"event_choices":[{"damage_healed":0,"gold_gain":0,"cards_transformed":["Strike_B"],"player_choice":"Change","damage_taken":0,"max_hp_gain":0,"max_hp_loss":0,"event_name":"Living Wall","floor":3,"gold_loss":0,"cards_obtained":["Darkness"]},{"damage_healed":1,"gold_gain":0,"player_choice":"Full Heal","damage_taken":0,"max_hp_gain":0,"max_hp_loss":0,"event_name":"Wheel of Change","floor":4,"gold_loss":0},{"damage_healed":0,"gold_gain":100,"player_choice":"Pray","damage_taken":0,"max_hp_gain":0,"max_hp_loss":0,"event_name":"Golden Shrine","floor":13,"gold_loss":0},{"cards_removed":["Strike_B"],"damage_healed":0,"gold_gain":0,"player_choice":"Elegance","damage_taken":0,"max_hp_gain":0,"max_hp_loss":0,"event_name":"Back to Basics","floor":20,"gold_loss":0},{"cards_removed":["Defend_B"],"damage_healed":0,"gold_gain":0,"player_choice":"Offered Basic","damage_taken":0,"max_hp_gain":0,"max_hp_loss":0,"event_name":"Bonfire Elementals","floor":22,"gold_loss":0},{"cards_removed":["Defend_B"],"damage_healed":0,"gold_gain":0,"player_choice":"Gave Gold","damage_taken":0,"max_hp_gain":0,"max_hp_loss":0,"event_name":"Beggar","floor":28,"gold_loss":75},{"damage_healed":0,"gold_gain":0,"player_choice":"Obtained Relic","damage_taken":0,"relics_obtained":["Calipers"],"max_hp_gain":0,"max_hp_loss":0,"event_name":"Addict","floor":31,"gold_loss":85},{"damage_healed":0,"gold_gain":0,"player_choice":"Memory 1","damage_taken":0,"max_hp_gain":0,"max_hp_loss":0,"event_name":"SensoryStone","floor":36,"gold_loss":0},{"damage_healed":0,"gold_gain":0,"cards_transformed":["Strike_B"],"player_choice":"Transformed","damage_taken":0,"max_hp_gain":0,"max_hp_loss":0,"event_name":"Transmorgrifier","floor":37,"gold_loss":0,"cards_obtained":["Multi-Cast"]}],"is_beta":false,"boss_relics":[{"not_picked":["Nuclear Battery","Philosopher\u0027s Stone"],"picked":"Inserter"},{"not_picked":["Velvet Choker","Fusion Hammer"],"picked":"Lizard Tail"}],"items_purged_floors":[19],"is_endless":false,"potions_floor_spawned":[1,5,10,11,16,18,27,30,38,44],"ascension_level":1}