{"gold_per_floor":[112,125,144,144,154,187,203,203,203,215,215,242,93,105,105,203,203,214,227,127,127,147,147,177,177,200,200,213,228,17,47,59,172,234,262,274,303,68,68,99,99,109,109,109,122,122,122,135,135,135],"floor_reached":50,"playtime":4673,"items_purged":["Strike_R","Defend_R","Strike_R","Enlightenment"],"score":576,"play_id":"aa120400-3ab1-45a2-a358-6479e06aac8a","local_time":"20181227061049","is_ascension_mode":false,"campfire_choices":[{"data":"Seeing Red","floor":15,"key":"SMITH"},{"floor":23,"key":"RECALL"},{"data":"Barricade","floor":25,"key":"SMITH"},{"floor":32,"key":"REST"},{"floor":41,"key":"REST"},{"floor":44,"key":"REST"},{"floor":47,"key":"REST"},{"floor":49,"key":"REST"}],"neow_cost":"NONE","seed_source_timestamp":104882295512598,"circlet_count":0,"master_deck":["Defend_R+1","Defend_R","Defend_R","Iron Wave","Flame Barrier","Metallicize","Anger","Armaments+1","Shrug It Off","Shrug It Off","Seeing Red+1","Shrug It Off+1","Bloodletting","Anger","Barricade+1","Searing Blow+1","Rampage+1","Rage+1","Wild Strike","Sword Boomerang+1","Iron Wave+1","Metallicize+1","Double Tap","Dual Wield+1","Body Slam","Madness","Shrug It Off+1"],"relics":["Burning Blood","Strawberry","Bronze Scales","Happy Flower","Astrolabe","Champion Belt","War Paint","MutagenicStrength","MawBank","Tiny House","Gremlin Horn","Bottled Lightning"],"potions_floor_usage":[12,16,18,24,28,31,40,40,42,45],"damage_taken":[{"damage":0,"enemies":"Small Slimes","floor":1,"turns":3},{"damage":5,"enemies":"Jaw Worm","floor":2,"turns":4},{"damage":6,"enemies":"Cultist","floor":3,"turns":3},{"damage":6,"enemies":"Blue Slaver","floor":5,"turns":5},{"damage":13,"enemies":"Gremlin Nob","floor":6,"turns":5},{"damage":5,"enemies":"3 Louse","floor":7,"turns":4},{"damage":13,"enemies":"Exordium Wildlife","floor":10,"turns":4},{"damage":0,"enemies":"Exordium Thugs","floor":11,"turns":5},{"damage":6,"enemies":"Lagavulin","floor":12,"turns":10},{"damage":5,"enemies":"Gremlin Gang","floor":14,"turns":5},{"damage":26,"enemies":"Slime Boss","floor":16,"turns":12},{"damage":8,"enemies":"Spheric Guardian","floor":18,"turns":7},{"damage":22,"enemies":"Shell Parasite","floor":19,"turns":8},{"damage":0,"enemies":"Centurion and Healer","floor":22,"turns":10},{"damage":16,"enemies":"Book of Stabbing","floor":24,"turns":7},{"damage":12,"enemies":"3 Cultists","floor":28,"turns":6},{"damage":10,"enemies":"Sentry and Sphere","floor":29,"turns":7},{"damage":52,"enemies":"Gremlin Leader","floor":31,"turns":11},{"damage":23,"enemies":"Collector","floor":33,"turns":20},{"damage":23,"enemies":"Orb Walker","floor":35,"turns":6},{"damage":4,"enemies":"3 Shapes","floor":37,"turns":9},{"damage":72,"enemies":"Nemesis","floor":40,"turns":9},{"damage":32,"enemies":"Spire Growth","floor":42,"turns":8},{"damage":43,"enemies":"Sphere and 2 Shapes","floor":45,"turns":9},{"damage":42,"enemies":"Writhing Mass","floor":48,"turns":11},{"damage":42,"enemies":"Donu and Deca","floor":50,"turns":4}],"seed_played":"-3301341973275935922","potions_obtained":[{"floor":1,"key":"Strength Potion"},{"floor":3,"key":"Fire Potion"},{"floor":5,"key":"FearPotion"},{"floor":10,"key":"Strength Potion"},{"floor":16,"key":"SpeedPotion"},{"floor":18,"key":"Strength Potion"},{"floor":22,"key":"Dexterity Potion"},{"floor":33,"key":"SpeedPotion"},{"floor":34,"key":"Explosive Potion"},{"floor":37,"key":"Energy Potion"},{"floor":42,"key":"SteroidPotion"}],"is_trial":false,"path_per_floor":["M","M","M","?","M","E","M","T","T","M","M","E","$","M","R","B",null,"M","M","$","?","M","R","E","R","T","?","M","M","$","E","R","B",null,"M","?","M","$","?","E","R","M","T","R","M","$","R","M","R","B"],"character_chosen":"IRONCLAD","items_purchased":["Bloodletting","Enlightenment","Madness"],"campfire_rested":5,"item_purchase_floors":[13,30,38],"current_hp_per_floor":[88,88,88,88,88,88,89,89,89,82,88,88,88,89,89,69,95,93,77,77,77,83,83,73,73,73,73,67,63,63,17,45,28,100,83,83,85,85,85,19,49,23,23,53,16,16,46,10,40,0],"gold":135,"neow_bonus":"TEN_PERCENT_HP_BONUS","is_prod":false,"is_daily":false,"chose_seed":false,"campfire_upgraded":2,"win_rate":0,"timestamp":1545858649,"path_taken":["M","M","M","?","M","E","M","?","T","M","M","E","?","M","R","BOSS","M","M","$","?","?","R","E","R","T","?","M","M","$","E","R","BOSS","M","?","M","$","?","E","R","M","T","R","M","?","R","M","R","BOSS"],"build_version":"2018-12-20","purchased_purges":4,"victory":false,"max_hp_per_floor":[88,88,88,88,88,95,95,95,95,95,95,95,95,95,95,95,95,95,95,95,95,95,95,95,95,95,95,95,95,95,95,95,95,100,100,100,100,100,100,100,100,100,100,100,100,100,100,100,100,100],"card_choices":[{"not_picked":["Sever Soul","Shockwave"],"picked":"Iron Wave","floor":1},{"not_picked":["Body Slam","Clash"],"picked":"Flame Barrier","floor":2},{"not_picked":["Shrug It Off","Iron Wave"],"picked":"Metallicize","floor":3},{"not_picked":["Clothesline","Combust"],"picked":"Anger","floor":5},{"not_picked":["Impervious","Headbutt"],"picked":"Armaments","floor":6},{"not_picked":["Combust","Blood for Blood"],"picked":"Shrug It Off","floor":7},{"not_picked":["True Grit","Heavy Blade"],"picked":"Shrug It Off","floor":10},{"not_picked":["Evolve","Headbutt"],"picked":"Seeing Red","floor":11},{"not_picked":["Reckless Charge","Rupture"],"picked":"Shrug It Off","floor":12},{"not_picked":["Dark Embrace","Clothesline"],"picked":"Anger","floor":14},{"not_picked":["Immolate","Dark Embrace"],"picked":"Barricade","floor":16},{"not_picked":["Iron Wave","Cleave"],"picked":"Rage+1","floor":18},{"not_picked":["Spot Weakness","Sword Boomerang"],"picked":"Wild Strike","floor":19},{"not_picked":["Feel No Pain","Power Through","True Grit"],"picked":"SKIP","floor":22},{"not_picked":["Clash","Metallicize"],"picked":"Sword Boomerang+1","floor":24},{"not_picked":["Anger","Dual Wield"],"picked":"Iron Wave+1","floor":28},{"not_picked":["Pommel Strike","Fire Breathing","Reckless Charge"],"picked":"SKIP","floor":29},{"not_picked":["Whirlwind","Hemokinesis"],"picked":"Metallicize+1","floor":31},{"not_picked":["Berserk","Barricade"],"picked":"Double Tap","floor":33},{"not_picked":["Iron Wave","Flex"],"picked":"Dual Wield+1","floor":34},{"not_picked":["Anger","Sword Boomerang+1"],"picked":"Body Slam","floor":35},{"not_picked":["Flame Barrier","True Grit+1","Sword Boomerang+1"],"picked":"SKIP","floor":37},{"not_picked":["True Grit","Heavy Blade+1","Perfected Strike"],"picked":"SKIP","floor":40},{"not_picked":["Rupture","Sword Boomerang","Thunderclap+1"],"picked":"SKIP","floor":42},{"not_picked":["Wild Strike","Anger"],"picked":"Shrug It Off+1","floor":45},{"not_picked":["Rampage+1","Twin Strike","Power Through"],"picked":"SKIP","floor":48}],"player_experience":77357,"relics_obtained":[{"floor":6,"key":"Strawberry"},{"floor":9,"key":"Bronze Scales"},{"floor":12,"key":"Happy Flower"},{"floor":24,"key":"Champion Belt"},{"floor":26,"key":"War Paint"},{"floor":31,"key":"MawBank"},{"floor":40,"key":"Gremlin Horn"},{"floor":43,"key":"Bottled Lightning"}],"event_choices":[{"cards_removed":["Strike_R"],"damage_healed":0,"gold_gain":0,"player_choice":"Forget","damage_taken":0,"max_hp_gain":0,"max_hp_loss":0,"event_name":"Living Wall","floor":4,"gold_loss":0},{"damage_healed":0,"gold_gain":0,"player_choice":"Ignored","damage_taken":0,"max_hp_gain":0,"max_hp_loss":0,"event_name":"NoteForYourself","floor":21,"gold_loss":0},{"damage_healed":0,"gold_gain":0,"player_choice":"Inject Mutagens","damage_taken":0,"relics_obtained":["MutagenicStrength"],"max_hp_gain":0,"max_hp_loss":0,"event_name":"Drug Dealer","floor":27,"gold_loss":0},{"cards_removed":["Rampage"],"damage_healed":0,"gold_gain":0,"player_choice":"Removed Attack","damage_taken":0,"max_hp_gain":0,"max_hp_loss":0,"event_name":"Falling","floor":36,"gold_loss":0},{"damage_healed":0,"gold_gain":0,"player_choice":"Ignored","damage_taken":0,"max_hp_gain":0,"max_hp_loss":0,"event_name":"Mysterious Sphere","floor":39,"gold_loss":0}],"is_beta":false,"boss_relics":[{"not_picked":["Ectoplasm","Mark of Pain"],"picked":"Astrolabe"},{"not_picked":["Coffee Dripper","Snecko Eye"],"picked":"Tiny House"}],"items_purged_floors":[13,20,30,38],"is_endless":false,"potions_floor_spawned":[1,3,5,10,16,18,22,33,37,42],"killed_by":"Donu and Deca","ascension_level":0}