{"gold_per_floor":[114,189,204,204,219,219,249,11,36,51,66,81,111,186,186,286,286,301,316,331,346],"floor_reached":21,"playtime":2362,"items_purged":[],"score":220,"play_id":"41d13208-9b3c-4ee8-a978-4217fac7ca30","local_time":"20190125114722","daily_mods":["Cursed Run","ControlledChaos","Night Terrors"],"is_ascension_mode":false,"campfire_choices":[{"floor":6.0,"key":"REST"},{"data":"Dualcast","floor":15.0,"key":"SMITH"}],"neow_cost":"","seed_source_timestamp":0,"circlet_count":0,"master_deck":["Strike_B","Strike_B","Strike_B","Strike_B","Defend_B","Defend_B","Defend_B","Defend_B","Zap","Dualcast+1","Aggregate","Stack","Aggregate","Coolheaded","Pain","Self Repair","Aggregate+1","Echo Form","White Noise+1","Doubt","Parasite","Reboot+1","Coolheaded+1"],"special_seed":17919,"relics":["Cursed Key","Darkstone Periapt","Du-Vu Doll","Frozen Eye","PreservedInsect","MawBank","Toxic Egg 2","Strawberry","Dodecahedron","Letter Opener","Busted Crown"],"potions_floor_usage":[21],"damage_taken":[{"damage":0.0,"enemies":"2 Louse","floor":1.0,"turns":3.0},{"damage":6.0,"enemies":"Jaw Worm","floor":3.0,"turns":3.0},{"damage":4.0,"enemies":"Cultist","floor":5.0,"turns":4.0},{"damage":10.0,"enemies":"3 Sentries","floor":7.0,"turns":6.0},{"damage":3.0,"enemies":"Exordium Thugs","floor":10.0,"turns":4.0},{"damage":25.0,"enemies":"Gremlin Gang","floor":11.0,"turns":6.0},{"damage":19.0,"enemies":"Lots of Slimes","floor":12.0,"turns":6.0},{"damage":10.0,"enemies":"Lagavulin","floor":13.0,"turns":5.0},{"damage":48.0,"enemies":"The Guardian","floor":16.0,"turns":7.0},{"damage":6,"enemies":"Spheric Guardian","floor":18,"turns":3},{"damage":2,"enemies":"2 Thieves","floor":19,"turns":4},{"damage":3,"enemies":"Shelled Parasite and Fungi","floor":20,"turns":5},{"damage":11,"enemies":"Snecko","floor":21,"turns":5}],"seed_played":"-8779709241295091905","potions_obtained":[{"floor":1.0,"key":"Poison Potion"},{"floor":5.0,"key":"Energy Potion"},{"floor":7.0,"key":"Strength Potion"},{"floor":12.0,"key":"GamblersBrew"},{"floor":19,"key":"SteroidPotion"},{"floor":20,"key":"GamblersBrew"}],"is_trial":false,"path_per_floor":["?","?","M","M","T","M","M","M","M"],"character_chosen":"DEFECT","items_purchased":["Toxic Egg 2"],"campfire_rested":1,"item_purchase_floors":[8],"current_hp_per_floor":[75,64,58,51,47,70,60,60,73,70,52,40,44,50,50,8,95,95,93,95,84],"gold":346,"neow_bonus":"","is_prod":false,"is_daily":true,"chose_seed":false,"campfire_upgraded":1,"win_rate":0,"timestamp":1548388042,"path_taken":["M","?","M","?","?","R","E","$","T","?","M","M","E","?","R","BOSS","M","?","?","?"],"build_version":"2019-01-23","purchased_purges":0,"victory":false,"max_hp_per_floor":[75,75,75,75,75,70,70,70,83,83,83,83,83,89,89,95,95,95,95,95,95],"card_choices":[{"not_picked":["Gash","Go for the Eyes"],"picked":"Aggregate","floor":1.0},{"not_picked":["Recycle","Loop"],"picked":"Stack","floor":3.0},{"not_picked":["Steam","Cold Snap"],"picked":"Aggregate","floor":5.0},{"not_picked":["Barrage","Beam Cell"],"picked":"Coolheaded","floor":7.0},{"not_picked":["Ball Lightning","Redo+1"],"picked":"Self Repair","floor":10.0},{"not_picked":["Leap+1","Redo+1"],"picked":"Aggregate+1","floor":11.0},{"not_picked":["Barrage","Rebound"],"picked":"Echo Form","floor":12.0},{"not_picked":["Stack+1","Hologram+1"],"picked":"White Noise+1","floor":13.0},{"not_picked":["Echo Form","Buffer"],"picked":"Reboot+1","floor":16.0},{"not_picked":["Steam+1"],"picked":"SKIP","floor":18},{"not_picked":[],"picked":"Coolheaded+1","floor":19},{"not_picked":["Redo+1"],"picked":"SKIP","floor":20},{"not_picked":["Sunder"],"picked":"SKIP","floor":21}],"player_experience":269478,"relics_obtained":[{"floor":7.0,"key":"MawBank"},{"floor":9.0,"key":"Strawberry"},{"floor":13.0,"key":"Dodecahedron"},{"floor":14.0,"key":"Letter Opener"}],"event_choices":[{"damage_healed":0.0,"max_hp_gain":0.0,"max_hp_loss":0.0,"gold_gain":75.0,"event_name":"World of Goop","player_choice":"Gather Gold","floor":2.0,"gold_loss":0.0,"damage_taken":11.0},{"damage_healed":0.0,"max_hp_gain":0.0,"max_hp_loss":0.0,"gold_gain":0.0,"event_name":"Scrap Ooze","player_choice":"Success","floor":4.0,"gold_loss":0.0,"damage_taken":7.0,"relics_obtained":["PreservedInsect"]}],"is_beta":false,"boss_relics":[{"not_picked":["Lizard Tail","Eternal Feather"],"picked":"Busted Crown"}],"items_purged_floors":[],"is_endless":false,"potions_floor_spawned":[1,5,7,12,19,20],"killed_by":"Snecko","ascension_level":0}