{"gold_per_floor":[112,129,141,15,33,33,19,19,19,30,57,57,72,90,90,191,191,209,209,109,109,109,109,143,143,143,153,28,28,39,55,55,152,152,163,174,174,174,174,193,205,205,205,221,76,76,76,26,26,26],"floor_reached":51,"playtime":4128,"items_purged":["Defend_G","Night Terror+1","Strike_G"],"score":644,"play_id":"ee4d1e25-bc94-4c87-a649-8da260773328","local_time":"20181226061454","is_ascension_mode":false,"campfire_choices":[{"data":"Cloak And Dagger","floor":6,"key":"SMITH"},{"data":"Cloak And Dagger","floor":8,"key":"SMITH"},{"data":"Night Terror","floor":15,"key":"SMITH"},{"data":"Blade Dance","floor":23,"key":"SMITH"},{"floor":25,"key":"REST"},{"data":"Backflip","floor":29,"key":"SMITH"},{"floor":32,"key":"REST"},{"data":"Footwork","floor":46,"key":"SMITH"},{"data":"Venomology","floor":49,"key":"SMITH"}],"neow_cost":"NONE","seed_source_timestamp":19250402552413,"circlet_count":0,"master_deck":["Defend_G","Defend_G","Defend_G","Strike_G","Survivor","Neutralize","Cloak And Dagger+1","Cloak And Dagger+1","Noxious Fumes","Backflip+1","Prepared","Blur","Dagger Spray","Finisher","Footwork+1","Venomology+1","Dodge and Roll+1","Storm of Steel+1","PiercingWail+1","Flying Knee","Blade Dance+1","Backstab","Accuracy+1","Dagger Throw","Cloak And Dagger+1","Deflect+1","Distraction+1","Burst","Backflip+1","Escape Plan+1","Finesse","Dagger Throw+1","Quick Slash+1","Tactician","Doubt","Blur+1","Accuracy+1"],"relics":["Ring of the Snake","Orichalcum","Peace Pipe","FossilizedHelix","Astrolabe","Prayer Wheel","Incense Burner","Happy Flower","Eternal Feather","Ornamental Fan","Juzu Bracelet"],"potions_floor_usage":[11,11,18,18,18,24,24,24,31,33,33,33,33,35,40,41,44,50,50,50,50],"damage_taken":[{"damage":0,"enemies":"2 Louse","floor":1,"turns":3},{"damage":0,"enemies":"Cultist","floor":2,"turns":4},{"damage":2,"enemies":"Jaw Worm","floor":3,"turns":3},{"damage":4,"enemies":"Looter","floor":5,"turns":3},{"damage":1,"enemies":"Exordium Thugs","floor":7,"turns":4},{"damage":6,"enemies":"Large Slime","floor":10,"turns":6},{"damage":16,"enemies":"Gremlin Nob","floor":11,"turns":6},{"damage":0,"enemies":"3 Louse","floor":13,"turns":4},{"damage":0,"enemies":"Red Slaver","floor":14,"turns":4},{"damage":9,"enemies":"The Guardian","floor":16,"turns":14},{"damage":0,"enemies":"Spheric Guardian","floor":18,"turns":4},{"damage":14,"enemies":"Colosseum Slavers","floor":21,"turns":6},{"damage":30,"enemies":"Slavers","floor":24,"turns":6},{"damage":0,"enemies":"3 Byrds","floor":27,"turns":5},{"damage":0,"enemies":"Centurion and Healer","floor":30,"turns":5},{"damage":0,"enemies":"3 Cultists","floor":31,"turns":5},{"damage":26,"enemies":"Collector","floor":33,"turns":10},{"damage":40,"enemies":"3 Darklings","floor":35,"turns":7},{"damage":0,"enemies":"Orb Walker","floor":36,"turns":4},{"damage":24,"enemies":"Spire Growth","floor":40,"turns":7},{"damage":9,"enemies":"Sphere and 2 Shapes","floor":41,"turns":7},{"damage":15,"enemies":"3 Darklings","floor":44,"turns":6},{"damage":35,"enemies":"Awakened One","floor":50,"turns":14}],"seed_played":"6068732067934627147","potions_obtained":[{"floor":3,"key":"Ancient Potion"},{"floor":5,"key":"SteroidPotion"},{"floor":7,"key":"Weak Potion"},{"floor":11,"key":"SteroidPotion"},{"floor":13,"key":"Strength Potion"},{"floor":14,"key":"Energy Potion"},{"floor":16,"key":"EssenceOfSteel"},{"floor":24,"key":"GamblersBrew"},{"floor":31,"key":"PowerPotion"},{"floor":40,"key":"Ancient Potion"},{"floor":41,"key":"GamblersBrew"},{"floor":44,"key":"SpeedPotion"}],"is_trial":false,"path_per_floor":["M","M","M","$","M","R","M","R","T","M","E","?","M","M","R","B",null,"M","?","$","?","?","R","E","R","T","M","$","R","M","M","R","B",null,"M","M","?","?","$","M","M","?","T","M","$","R","?","$","R","B",null],"character_chosen":"THE_SILENT","items_purchased":["Backflip","Juzu Bracelet","FearPotion"],"campfire_rested":2,"item_purchase_floors":[4,45,48],"current_hp_per_floor":[70,70,68,68,64,64,63,63,63,57,41,41,41,41,41,32,70,70,70,70,56,56,56,26,47,47,47,47,47,47,47,68,42,70,30,30,61,61,61,37,28,61,61,46,46,61,61,61,61,32],"gold":26,"neow_bonus":"RANDOM_COMMON_RELIC","is_prod":false,"is_daily":false,"chose_seed":false,"campfire_upgraded":7,"win_rate":0,"timestamp":1545772494,"path_taken":["M","M","M","$","M","R","M","R","T","M","E","?","?","M","R","BOSS","M","?","$","?","?","R","E","R","T","M","$","R","?","M","R","BOSS","M","M","?","?","$","M","M","?","T","M","$","R","?","$","R","BOSS"],"build_version":"2018-12-20","purchased_purges":3,"victory":true,"max_hp_per_floor":[70,70,70,70,70,70,70,70,70,70,70,70,70,70,70,70,70,70,70,70,70,70,70,70,70,70,70,70,70,70,70,70,70,70,70,70,61,61,61,61,61,61,61,61,61,61,61,61,61,61],"card_choices":[{"not_picked":["Slice","Bouncing Flask"],"picked":"Cloak And Dagger","floor":1},{"not_picked":["Sucker Punch","Noxious Fumes"],"picked":"Cloak And Dagger","floor":2},{"not_picked":["Dodge and Roll","All Out Attack"],"picked":"Noxious Fumes","floor":3},{"not_picked":["Backstab","Poisoned Stab"],"picked":"Prepared","floor":5},{"not_picked":["Endless Agony","Cloak And Dagger"],"picked":"Blur","floor":7},{"not_picked":["Predator","Masterful Stab"],"picked":"Dagger Spray","floor":10},{"not_picked":["Backflip","Bane"],"picked":"Finisher","floor":11},{"not_picked":["Expertise","Die Die Die"],"picked":"Footwork","floor":13},{"not_picked":["Underhanded Strike","Caltrops","Terror"],"picked":"SKIP","floor":14},{"not_picked":["Night Terror","Envenom"],"picked":"Venomology","floor":16},{"not_picked":["Cloak And Dagger","Backflip"],"picked":"Flying Knee","floor":18},{"not_picked":["Endless Agony","Footwork"],"picked":"Backstab","floor":24},{"not_picked":["Prepared","Poisoned Stab+1"],"picked":"Accuracy+1","floor":27},{"not_picked":["Blur","Deflect"],"picked":"Dagger Throw","floor":27},{"not_picked":["Endless Agony","Backflip"],"picked":"Cloak And Dagger+1","floor":30},{"not_picked":["Dodge and Roll","Outmaneuver"],"picked":"Deflect+1","floor":30},{"not_picked":["All Out Attack","Malaise"],"picked":"Distraction+1","floor":31},{"not_picked":["Catalyst+1","Tactician","Slice"],"picked":"SKIP","floor":31},{"not_picked":["Phantasmal Killer","Unload"],"picked":"Burst","floor":33},{"not_picked":["Sucker Punch","Eviscerate+1","Predator+1"],"picked":"SKIP","floor":35},{"not_picked":["Heel Hook+1","Bane+1","Tactician+1"],"picked":"SKIP","floor":35},{"not_picked":["Quick Slash","Acrobatics"],"picked":"Backflip+1","floor":36},{"not_picked":["All Out Attack+1","Flechettes"],"picked":"Escape Plan+1","floor":36},{"not_picked":["Jack Of All Trades","Purity"],"picked":"Finesse","floor":38},{"not_picked":["Underhanded Strike","All Out Attack+1"],"picked":"Dagger Throw+1","floor":40},{"not_picked":["Underhanded Strike","Sucker Punch","Dagger Spray"],"picked":"SKIP","floor":40},{"not_picked":["Calculated Gamble","Dagger Throw"],"picked":"Quick Slash+1","floor":41},{"not_picked":["Phantasmal Killer","Acrobatics+1"],"picked":"Tactician","floor":41},{"not_picked":["Cloak And Dagger+1","Heel Hook"],"picked":"Blur+1","floor":44},{"not_picked":["Slice","Dodge and Roll","Predator"],"picked":"SKIP","floor":44}],"player_experience":64835,"relics_obtained":[{"floor":9,"key":"Peace Pipe"},{"floor":11,"key":"FossilizedHelix"},{"floor":22,"key":"Prayer Wheel"},{"floor":24,"key":"Incense Burner"},{"floor":26,"key":"Happy Flower"},{"floor":43,"key":"Ornamental Fan"}],"event_choices":[{"damage_healed":0,"gold_gain":0,"cards_transformed":["Strike_G"],"player_choice":"Transformed","damage_taken":0,"max_hp_gain":0,"max_hp_loss":0,"event_name":"Transmorgrifier","floor":12,"gold_loss":0,"cards_obtained":["Night Terror"]},{"damage_healed":0,"gold_gain":0,"player_choice":"Read","damage_taken":0,"max_hp_gain":0,"max_hp_loss":0,"event_name":"The Library","floor":19,"gold_loss":0,"cards_obtained":["Blade Dance"]},{"damage_healed":0,"gold_gain":0,"player_choice":"Fight","damage_taken":0,"max_hp_gain":0,"max_hp_loss":0,"event_name":"Colosseum","floor":21,"gold_loss":0},{"damage_healed":0,"gold_gain":0,"player_choice":"Fled From Nobs","damage_taken":0,"max_hp_gain":0,"max_hp_loss":0,"event_name":"Colosseum","floor":21,"gold_loss":0},{"damage_healed":0,"gold_gain":0,"player_choice":"Relic","damage_taken":0,"max_hp_gain":0,"max_hp_loss":0,"event_name":"Wheel of Change","floor":22,"gold_loss":0},{"damage_healed":61,"gold_gain":0,"player_choice":"Heal","damage_taken":0,"max_hp_gain":0,"max_hp_loss":9,"event_name":"The Moai Head","floor":37,"gold_loss":0},{"damage_healed":0,"gold_gain":0,"player_choice":"Memory 1","damage_taken":0,"max_hp_gain":0,"max_hp_loss":0,"event_name":"SensoryStone","floor":38,"gold_loss":0},{"damage_healed":33,"gold_gain":0,"player_choice":"Heal","damage_taken":0,"max_hp_gain":0,"max_hp_loss":0,"event_name":"MindBloom","floor":42,"gold_loss":0,"cards_obtained":["Doubt"]},{"damage_healed":0,"gold_gain":0,"player_choice":"Copied","damage_taken":0,"max_hp_gain":0,"max_hp_loss":0,"event_name":"Duplicator","floor":47,"gold_loss":0,"cards_obtained":["Accuracy"]}],"is_beta":false,"boss_relics":[{"not_picked":["Cursed Key","Runic Pyramid"],"picked":"Astrolabe"},{"not_picked":["Busted Crown","Sozu"],"picked":"Eternal Feather"}],"items_purged_floors":[4,20,28],"is_endless":false,"potions_floor_spawned":[3,5,7,11,13,14,16,24,31,40,41,44],"ascension_level":0}