{"gold_per_floor":[115,115,133,93,108,108,125,95,120,140,175,187,187,212,212,212],"floor_reached":16,"playtime":891,"items_purged":[],"score":134,"play_id":"f054f920-7d90-49ae-b0a0-b7c185b215f9","local_time":"20190205151623","is_ascension_mode":true,"campfire_choices":[{"floor":6,"key":"RECALL"},{"floor":13,"key":"REST"},{"floor":15,"key":"REST"}],"neow_cost":"CURSE","seed_source_timestamp":354450830993609,"circlet_count":0,"master_deck":["Defend_G","Defend_G","Defend_G","Defend_G","Defend_G","Strike_G","Strike_G","Strike_G","Strike_G","Strike_G","Survivor","Neutralize","Finesse","Violence","Pain","Prepared","Regret","Dagger Spray","Sucker Punch","Caltrops","Crippling Poison","Escape Plan","Dagger Throw","Dash"],"relics":["Ring of the Snake","PreservedInsect","Blood Vial","Dodecahedron","Mummified Hand"],"potions_floor_usage":[10,12,12,16],"damage_taken":[{"damage":16,"enemies":"Jaw Worm","floor":1,"turns":4},{"damage":2,"enemies":"2 Louse","floor":3,"turns":4},{"damage":6,"enemies":"Cultist","floor":5,"turns":4},{"damage":7,"enemies":"Looter","floor":7,"turns":3},{"damage":13,"enemies":"Blue Slaver","floor":10,"turns":4},{"damage":24,"enemies":"Gremlin Nob","floor":11,"turns":4},{"damage":12,"enemies":"Red Slaver","floor":12,"turns":5},{"damage":22,"enemies":"3 Sentries","floor":14,"turns":6},{"damage":41,"enemies":"The Guardian","floor":16,"turns":8}],"seed_played":"441970696510863733","potions_obtained":[{"floor":4,"key":"FearPotion"},{"floor":4,"key":"AttackPotion"},{"floor":4,"key":"Swift Potion"},{"floor":10,"key":"Fruit Juice"},{"floor":11,"key":"Regen Potion"}],"is_trial":false,"path_per_floor":["M","?","M","?","M","R","M","?","T","M","E","M","R","E","R","B"],"character_chosen":"THE_SILENT","items_purchased":[],"campfire_rested":2,"item_purchase_floors":[],"current_hp_per_floor":[54,54,52,52,46,46,39,39,39,33,11,10,32,12,34,0],"gold":212,"neow_bonus":"RANDOM_COLORLESS_2","is_prod":false,"is_daily":false,"chose_seed":false,"campfire_upgraded":0,"win_rate":0,"timestamp":1549376183,"path_taken":["M","?","M","?","?","R","M","?","T","M","E","M","R","E","R","BOSS"],"build_version":"2019-01-23","purchased_purges":0,"victory":false,"max_hp_per_floor":[70,70,70,70,70,70,70,70,70,75,75,75,75,75,75,75],"card_choices":[{"not_picked":["Masterful Stab","Catalyst"],"picked":"Prepared","floor":1},{"not_picked":["Catalyst","Acrobatics"],"picked":"Dagger Spray","floor":3},{"not_picked":["Blade Dance","Predator"],"picked":"Sucker Punch","floor":5},{"not_picked":["Heel Hook","Sucker Punch"],"picked":"Caltrops","floor":7},{"not_picked":["Backflip","Reflex"],"picked":"Crippling Poison","floor":10},{"not_picked":["Concentrate","Predator"],"picked":"Escape Plan","floor":11},{"not_picked":["Finisher","Catalyst"],"picked":"Dagger Throw","floor":12},{"not_picked":["Endless Agony","Distraction"],"picked":"Dash","floor":14}],"player_experience":564877,"relics_obtained":[{"floor":9,"key":"Blood Vial"},{"floor":11,"key":"Dodecahedron"},{"floor":14,"key":"Mummified Hand"}],"event_choices":[{"damage_healed":0,"gold_gain":0,"player_choice":"Box","damage_taken":0,"relics_obtained":["PreservedInsect"],"max_hp_gain":0,"max_hp_loss":0,"event_name":"Big Fish","floor":2,"gold_loss":0,"cards_obtained":["Regret"]},{"damage_healed":0,"gold_gain":0,"player_choice":"Bought 3 Potions","damage_taken":0,"max_hp_gain":0,"max_hp_loss":0,"event_name":"The Woman in Blue","floor":4,"gold_loss":0},{"damage_healed":0,"gold_gain":0,"player_choice":"Left Gold","damage_taken":0,"max_hp_gain":0,"max_hp_loss":0,"event_name":"World of Goop","floor":8,"gold_loss":30}],"is_beta":false,"boss_relics":[],"items_purged_floors":[],"is_endless":false,"potions_floor_spawned":[5,7,10,11],"killed_by":"The Guardian","ascension_level":4}