{"gold_per_floor":[112,112,112,124,137,137,148,148,198,212,212,232,250,262,262,364,364,384,483,500,512,512,512,528,528,528,561,561,561,197,212,212,212],"floor_reached":33,"playtime":1959,"items_purged":[],"score":261,"play_id":"9755e1a4-19a1-4ecd-a1fb-d8ac89834d80","local_time":"20181224085508","is_ascension_mode":false,"campfire_choices":[{"data":"Dualcast","floor":6,"key":"SMITH"},{"data":"Ball Lightning","floor":8,"key":"SMITH"},{"data":"Rebound","floor":11,"key":"SMITH"},{"data":"Compile Driver","floor":15,"key":"SMITH"},{"data":"Biased Cognition","floor":23,"key":"SMITH"},{"floor":25,"key":"REST"},{"floor":28,"key":"REST"},{"floor":32,"key":"REST"}],"neow_cost":"NONE","seed_source_timestamp":254197708578783,"circlet_count":0,"master_deck":["Strike_B","Strike_B","Strike_B","Defend_B","Defend_B","Defend_B","Defend_B","Zap+1","Dualcast+1","Rebound+1","Steam","Hello World","Ball Lightning+1","Conserve Battery","Compile Driver+1","Steam","Loop","Biased Cognition+1","Barrage+1","Aggregate","Leap+1","Redo","Streamline+1","Necronomicurse","Double Energy+1","Chaos+1"],"relics":["Cracked Core","Anchor","MutagenicStrength","Letter Opener","Ancient Tea Set","Necronomicon","Prayer Wheel"],"potions_floor_usage":[20,33,33,33],"damage_taken":[{"damage":0,"enemies":"Small Slimes","floor":1,"turns":3},{"damage":0,"enemies":"2 Louse","floor":4,"turns":2},{"damage":0,"enemies":"Cultist","floor":5,"turns":3},{"damage":10,"enemies":"Looter","floor":7,"turns":3},{"damage":8,"enemies":"2 Fungi Beasts","floor":10,"turns":3},{"damage":0,"enemies":"Large Slime","floor":12,"turns":3},{"damage":0,"enemies":"Looter","floor":13,"turns":2},{"damage":0,"enemies":"Blue Slaver","floor":14,"turns":2},{"damage":7,"enemies":"The Guardian","floor":16,"turns":11},{"damage":0,"enemies":"Shell Parasite","floor":18,"turns":5},{"damage":1,"enemies":"3 Byrds","floor":20,"turns":4},{"damage":22,"enemies":"Shelled Parasite and Fungi","floor":21,"turns":5},{"damage":26,"enemies":"Cultist and Chosen","floor":24,"turns":6},{"damage":47,"enemies":"Slavers","floor":27,"turns":5},{"damage":14,"enemies":"3 Cultists","floor":31,"turns":4},{"damage":57,"enemies":"Automaton","floor":33,"turns":6}],"seed_played":"-9220445759119303043","potions_obtained":[{"floor":4,"key":"Poison Potion"},{"floor":5,"key":"SkillPotion"},{"floor":10,"key":"GamblersBrew"},{"floor":13,"key":"Explosive Potion"},{"floor":14,"key":"EssenceOfSteel"},{"floor":18,"key":"LiquidBronze"}],"is_trial":false,"path_per_floor":["M","?","?","M","M","R","M","R","T","M","R","M","M","M","R","B",null,"M","?","M","M","?","R","M","R","T","E","R","?","$","M","R","B"],"character_chosen":"DEFECT","items_purchased":["EssenceOfSteel","Prayer Wheel"],"campfire_rested":3,"item_purchase_floors":[30,30],"current_hp_per_floor":[82,75,75,75,75,75,65,65,65,57,57,57,57,57,57,50,82,82,82,81,59,59,59,33,57,57,10,34,18,18,4,28,0],"gold":212,"neow_bonus":"TEN_PERCENT_HP_BONUS","is_prod":false,"is_daily":false,"chose_seed":false,"campfire_upgraded":5,"win_rate":0.0,"timestamp":1545609308,"path_taken":["M","?","?","M","?","R","M","R","T","M","R","M","M","M","R","BOSS","M","?","M","M","?","R","M","R","T","E","R","?","?","M","R","BOSS"],"build_version":"2018-12-20","purchased_purges":0,"victory":false,"max_hp_per_floor":[82,82,82,82,82,82,82,82,82,82,82,82,82,82,82,82,82,82,82,82,82,82,82,82,82,82,82,82,82,82,82,82,82],"card_choices":[{"not_picked":["Hologram","Cold Snap"],"picked":"Rebound","floor":1},{"not_picked":["Gash","Beam Cell"],"picked":"Steam","floor":4},{"not_picked":["Compile Driver","Barrage"],"picked":"Hello World","floor":5},{"not_picked":["Barrage","Skim"],"picked":"Ball Lightning","floor":7},{"not_picked":["Hologram","Aggregate"],"picked":"Conserve Battery","floor":10},{"not_picked":["Conserve Battery","Darkness"],"picked":"Compile Driver","floor":12},{"not_picked":["Go for the Eyes","Auto Shields"],"picked":"Steam","floor":13},{"not_picked":["Self Repair","Heatsinks"],"picked":"Loop","floor":14},{"not_picked":["All For One","Creative AI"],"picked":"Biased Cognition","floor":16},{"not_picked":["Steam Power","Force Field"],"picked":"Barrage+1","floor":18},{"not_picked":["Ball Lightning+1","Conserve Battery"],"picked":"Aggregate","floor":20},{"not_picked":["Compile Driver+1","Gash"],"picked":"Leap+1","floor":21},{"not_picked":["Undo","Tempest"],"picked":"Redo","floor":24},{"not_picked":["Barrage","Beam Cell"],"picked":"Streamline+1","floor":27},{"not_picked":["Hologram+1","Conserve Battery"],"picked":"Double Energy+1","floor":31},{"not_picked":["Gash","Hologram"],"picked":"Chaos+1","floor":31}],"player_experience":28710,"relics_obtained":[{"floor":9,"key":"Anchor"},{"floor":26,"key":"Letter Opener"},{"floor":27,"key":"Ancient Tea Set"},{"floor":29,"key":"Necronomicon"}],"event_choices":[{"cards_removed":["Strike_B"],"damage_healed":0,"gold_gain":0,"player_choice":"Card Removal","damage_taken":7,"max_hp_gain":0,"max_hp_loss":0,"event_name":"Golden Wing","floor":2,"gold_loss":0},{"damage_healed":0,"gold_gain":0,"player_choice":"Upgraded","damage_taken":0,"max_hp_gain":0,"max_hp_loss":0,"event_name":"Upgrade Shrine","floor":3,"gold_loss":0,"cards_upgraded":["Zap"]},{"damage_healed":0,"gold_gain":99,"player_choice":"Stole From Cult","damage_taken":0,"max_hp_gain":0,"max_hp_loss":0,"event_name":"Nest","floor":19,"gold_loss":0},{"damage_healed":0,"gold_gain":0,"player_choice":"Inject Mutagens","damage_taken":0,"relics_obtained":["MutagenicStrength"],"max_hp_gain":0,"max_hp_loss":0,"event_name":"Drug Dealer","floor":22,"gold_loss":0},{"damage_healed":0,"gold_gain":0,"player_choice":"Obtained Book","damage_taken":16,"max_hp_gain":0,"max_hp_loss":0,"event_name":"Cursed Tome","floor":29,"gold_loss":0}],"is_beta":false,"boss_relics":[{"not_picked":["Runic Pyramid","FrozenCore","Velvet Choker"]}],"items_purged_floors":[],"is_endless":false,"potions_floor_spawned":[4,5,10,13,14,18,31],"killed_by":"Automaton","ascension_level":0}