{"gold_per_floor":[114,114,114,129,144,144,174,174,199,199,214,244,259,34,34,134,134,149,149,2,32,32],"floor_reached":22,"playtime":1631,"items_purged":["Strike_G","Defend_R"],"score":237,"play_id":"07ffc8e0-1a14-49f3-9497-6da8621d1afc","local_time":"20190111104406","daily_mods":["Chimera","ControlledChaos","DeadlyEvents"],"is_ascension_mode":false,"campfire_choices":[{"data":"Turbo","floor":6,"key":"SMITH"},{"data":"Aggregate","floor":8,"key":"SMITH"},{"floor":10,"key":"REST"},{"data":"Survivor","floor":15,"key":"SMITH"}],"neow_cost":"","seed_source_timestamp":0,"circlet_count":0,"master_deck":["Bash","Survivor+1","Zap","Defend_B","Aggregate+1","Turbo+1","Hologram","Hologram","Double Energy"],"special_seed":17907,"relics":["Cracked Core","Frozen Eye","FossilizedHelix","Orichalcum","Gremlin Horn","DataDisk","Empty Cage","Omamori","Ornamental Fan"],"potions_floor_usage":[7,7,7,16],"damage_taken":[{"damage":1,"enemies":"Jaw Worm","floor":1,"turns":4},{"damage":7,"enemies":"Small Slimes","floor":4,"turns":4},{"damage":0,"enemies":"Cultist","floor":5,"turns":3},{"damage":22,"enemies":"Gremlin Nob","floor":7,"turns":4},{"damage":0,"enemies":"Blue Slaver","floor":11,"turns":3},{"damage":0,"enemies":"Lagavulin","floor":12,"turns":7},{"damage":0,"enemies":"Red Slaver","floor":13,"turns":4},{"damage":12,"enemies":"Hexaghost","floor":16,"turns":9},{"damage":15,"enemies":"Spheric Guardian","floor":18,"turns":6},{"damage":48,"enemies":"Book of Stabbing","floor":21,"turns":6},{"damage":12,"enemies":"3 Byrds","floor":22,"turns":3}],"seed_played":"3536575198636057260","potions_obtained":[{"floor":1,"key":"Poison Potion"},{"floor":3,"key":"FearPotion"},{"floor":3,"key":"Weak Potion"},{"floor":3,"key":"Fire Potion"},{"floor":7,"key":"SteroidPotion"},{"floor":12,"key":"SpeedPotion"}],"is_trial":false,"path_per_floor":["M","?","?","M","M","R","E","R","T","R","M","E","M","$","R","B",null,"M","?","$","E","M"],"character_chosen":"DEFECT","items_purchased":["DataDisk","Hologram"],"campfire_rested":1,"item_purchase_floors":[14,20],"current_hp_per_floor":[74,67,67,60,60,60,38,38,38,60,60,60,60,60,60,48,75,60,60,60,12,0],"gold":32,"neow_bonus":"","is_prod":false,"is_daily":true,"chose_seed":false,"campfire_upgraded":3,"win_rate":0,"timestamp":1547174646,"path_taken":["M","?","?","M","M","R","E","R","T","R","M","?","M","$","R","BOSS","M","?","$","?","M"],"build_version":"2019-01-10","purchased_purges":2,"victory":false,"max_hp_per_floor":[75,75,75,75,75,75,75,75,75,75,75,75,75,75,75,75,75,75,75,75,75,75],"card_choices":[{"not_picked":["Reprogram","Leap","Defragment"],"picked":"SKIP","floor":1},{"not_picked":["Streamline","Gash"],"picked":"Aggregate","floor":4},{"not_picked":["Conserve Battery","Leap"],"picked":"Turbo","floor":5},{"not_picked":["Capacitor","Melter","Doom and Gloom"],"picked":"SKIP","floor":7},{"not_picked":["Sweeping Beam","Stack","Barrage"],"picked":"SKIP","floor":11},{"not_picked":["Scrape","Barrage","Electrodynamics"],"picked":"SKIP","floor":12},{"not_picked":["Coolheaded","Redo","BootSequence"],"picked":"SKIP","floor":13},{"not_picked":["Melter","Ball Lightning+1"],"picked":"Hologram","floor":18},{"not_picked":["Heatsinks","Core Surge"],"picked":"Double Energy","floor":21}],"player_experience":185091,"relics_obtained":[{"floor":7,"key":"FossilizedHelix"},{"floor":9,"key":"Orichalcum"},{"floor":12,"key":"Gremlin Horn"},{"floor":21,"key":"Ornamental Fan"}],"event_choices":[{"cards_removed":["Strike_R"],"damage_healed":0,"gold_gain":0,"player_choice":"Card Removal","damage_taken":7,"max_hp_gain":0,"max_hp_loss":0,"event_name":"Golden Wing","floor":2,"gold_loss":0},{"damage_healed":0,"gold_gain":0,"player_choice":"Got Potions","damage_taken":0,"max_hp_gain":0,"max_hp_loss":0,"event_name":"Lab","floor":3,"gold_loss":0},{"damage_healed":0,"gold_gain":0,"player_choice":"Gave Potion","damage_taken":0,"relics_obtained":["Omamori"],"max_hp_gain":0,"max_hp_loss":0,"event_name":"WeMeetAgain","floor":19,"gold_loss":0}],"is_beta":false,"boss_relics":[{"not_picked":["Inserter","FrozenCore"],"picked":"Empty Cage"}],"items_purged_floors":[14,20],"is_endless":false,"potions_floor_spawned":[1,7,12],"killed_by":"3 Byrds","ascension_level":0}