{"gold_per_floor":[114,129,129,79,42,42,57,57,82,112,127,157,172,187,187,287,287,302,302,302,317,416,416,446,461,511,511,436,436,466,466,466,466],"floor_reached":33,"playtime":1833,"items_purged":[],"score":368,"play_id":"6e471187-1f71-471f-8a19-38bb6857716e","local_time":"20190127193857","daily_mods":["Insanity","ControlledChaos","Elite Swarm"],"is_ascension_mode":false,"campfire_choices":[{"data":"Armaments","floor":6,"key":"SMITH"},{"data":"Armaments","floor":8,"key":"SMITH"},{"data":"Corruption","floor":15,"key":"SMITH"},{"data":"Barricade","floor":23,"key":"SMITH"},{"floor":27,"key":"REST"},{"data":"True Grit","floor":32,"key":"SMITH"}],"neow_cost":"","seed_source_timestamp":0,"circlet_count":0,"master_deck":["Flame Barrier","Entrench","Thunderclap","Pummel","Iron Wave","Anger","Twin Strike","Headbutt","Heavy Blade","Warcry","Power Through","Burning Pact","Pommel Strike","Thunderclap","True Grit","Shrug It Off","Armaments+1","Warcry","Flex","Bloodletting","Intimidate","Cleave","Iron Wave","Clothesline","Armaments+1","Twin Strike","Bloodletting","Cleave","Reckless Charge","Body Slam","Havoc","Anger","Clothesline","Warcry","Battle Trance","Pummel","Heavy Blade","Combust","Corruption+1","Flex","Heavy Blade","Heavy Blade","Clash","Flex","True Grit+1","Entrench","Fire Breathing","Shrug It Off","Metallicize","Impervious","Evolve","Demon Form","Ghostly Armor","Barricade+1","Power Through","Impervious","Seeing Red","Juggernaut"],"special_seed":17923,"relics":["Burning Blood","Frozen Eye","Art of War","Mummified Hand","Dodecahedron","Philosopher\u0027s Stone","Charon\u0027s Ashes","Oddly Smooth Stone","Nilry\u0027s Codex","The Courier","Question Card"],"potions_floor_usage":[12,14,16,16,24,33],"damage_taken":[{"damage":11,"enemies":"Jaw Worm","floor":1,"turns":2},{"damage":5,"enemies":"2 Louse","floor":2,"turns":2},{"damage":5,"enemies":"Small Slimes","floor":7,"turns":3},{"damage":15,"enemies":"Lagavulin","floor":10,"turns":7},{"damage":0,"enemies":"2 Fungi Beasts","floor":11,"turns":2},{"damage":12,"enemies":"3 Sentries","floor":12,"turns":4},{"damage":10,"enemies":"Looter","floor":13,"turns":3},{"damage":5,"enemies":"Exordium Thugs","floor":14,"turns":2},{"damage":41,"enemies":"The Guardian","floor":16,"turns":7},{"damage":9,"enemies":"Chosen","floor":18,"turns":4},{"damage":8,"enemies":"Shell Parasite","floor":21,"turns":5},{"damage":27,"enemies":"Gremlin Leader","floor":24,"turns":5},{"damage":22,"enemies":"Chosen and Byrds","floor":25,"turns":6},{"damage":13,"enemies":"Slavers","floor":30,"turns":3},{"damage":41,"enemies":"Champ","floor":33,"turns":7}],"seed_played":"-4277099179774056171","potions_obtained":[{"floor":1,"key":"Explosive Potion"},{"floor":2,"key":"Block Potion"},{"floor":13,"key":"Dexterity Potion"},{"floor":14,"key":"Strength Potion"},{"floor":16,"key":"Poison Potion"},{"floor":24,"key":"SpeedPotion"},{"floor":30,"key":"Explosive Potion"}],"is_trial":false,"path_per_floor":["M","M","?","?","$","R","M","R","T","E","M","E","M","M","R","B",null,"M","?","?","M","?","R","E","M","T","R","?","?","E","T","R","B"],"character_chosen":"IRONCLAD","items_purchased":["Metallicize"],"campfire_rested":1,"item_purchase_floors":[5],"current_hp_per_floor":[75,76,69,69,69,69,70,70,70,61,67,61,57,58,58,23,80,77,77,77,75,75,75,54,38,38,62,62,46,39,39,39,0],"gold":466,"neow_bonus":"","is_prod":false,"is_daily":true,"chose_seed":false,"campfire_upgraded":5,"win_rate":0,"timestamp":1548589137,"path_taken":["M","M","?","?","$","R","M","R","T","E","M","E","M","M","R","BOSS","M","?","?","M","?","R","E","?","T","R","?","?","E","?","R","BOSS"],"build_version":"2019-01-23","purchased_purges":0,"victory":false,"max_hp_per_floor":[80,80,80,80,80,80,80,80,80,80,80,80,80,80,80,80,80,80,80,80,80,80,80,80,80,80,80,80,80,80,80,80,80],"card_choices":[{"not_picked":["Iron Wave","Shockwave"],"picked":"Shrug It Off","floor":1},{"not_picked":["Flex","Clash","Warcry"],"picked":"SKIP","floor":2},{"not_picked":["Clothesline","Iron Wave","Blood for Blood"],"picked":"SKIP","floor":7},{"not_picked":["Feed","Immolate"],"picked":"Impervious","floor":10},{"not_picked":["Anger","Sword Boomerang"],"picked":"Evolve","floor":11},{"not_picked":["Exhume","Impervious"],"picked":"Demon Form","floor":12},{"not_picked":["Evolve","Heavy Blade","Sentinel"],"picked":"SKIP","floor":13},{"not_picked":["Warcry","Searing Blow"],"picked":"Ghostly Armor","floor":14},{"not_picked":["Impervious","Offering"],"picked":"Barricade","floor":16},{"not_picked":["Searing Blow","Entrench+1"],"picked":"Power Through","floor":18},{"not_picked":["Iron Wave","True Grit+1","Clothesline"],"picked":"SKIP","floor":21},{"not_picked":["Feed","Immolate"],"picked":"Impervious","floor":24},{"not_picked":["Ghostly Armor","Pommel Strike+1"],"picked":"Seeing Red","floor":25},{"not_picked":["Dark Embrace","Berserk"],"picked":"Juggernaut","floor":30}],"player_experience":278885,"relics_obtained":[{"floor":9,"key":"Art of War"},{"floor":10,"key":"Mummified Hand"},{"floor":12,"key":"Dodecahedron"},{"floor":24,"key":"Charon\u0027s Ashes"},{"floor":26,"key":"Oddly Smooth Stone"},{"floor":29,"key":"Nilry\u0027s Codex"},{"floor":30,"key":"The Courier"},{"floor":31,"key":"Question Card"}],"event_choices":[{"cards_removed":["Wild Strike"],"damage_healed":0,"gold_gain":0,"player_choice":"Card Removal","damage_taken":7,"max_hp_gain":0,"max_hp_loss":0,"event_name":"Golden Wing","floor":3,"gold_loss":0},{"cards_removed":["Wild Strike"],"damage_healed":0,"gold_gain":0,"player_choice":"Card Removal","damage_taken":0,"max_hp_gain":0,"max_hp_loss":0,"event_name":"The Cleric","floor":4,"gold_loss":50},{"damage_healed":0,"gold_gain":0,"player_choice":"Ignored","damage_taken":0,"max_hp_gain":0,"max_hp_loss":0,"event_name":"Vampires","floor":19,"gold_loss":0},{"damage_healed":0,"gold_gain":0,"player_choice":"Ignored","damage_taken":0,"max_hp_gain":0,"max_hp_loss":0,"event_name":"Ghosts","floor":20,"gold_loss":0},{"damage_healed":0,"gold_gain":99,"player_choice":"Stole From Cult","damage_taken":0,"max_hp_gain":0,"max_hp_loss":0,"event_name":"Nest","floor":22,"gold_loss":0},{"cards_removed":["Sever Soul"],"damage_healed":0,"gold_gain":0,"player_choice":"Gave Gold","damage_taken":0,"max_hp_gain":0,"max_hp_loss":0,"event_name":"Beggar","floor":28,"gold_loss":75},{"damage_healed":0,"gold_gain":0,"player_choice":"Obtained Book","damage_taken":16,"max_hp_gain":0,"max_hp_loss":0,"event_name":"Cursed Tome","floor":29,"gold_loss":0}],"is_beta":false,"boss_relics":[{"not_picked":["Black Star","Coffee Dripper"],"picked":"Philosopher\u0027s Stone"}],"items_purged_floors":[],"is_endless":false,"potions_floor_spawned":[1,2,13,14,16,24,30],"killed_by":"Champ","ascension_level":0}