{"gold_per_floor":[129,129,186,186,186,267,345,447,493,586,676,778,778],"floor_reached":13,"playtime":599,"items_purged":[],"score":154,"play_id":"b6b5e9b5-825e-4f5c-9e20-de6da9ec0af1","local_time":"20181201192500","daily_mods":["Draft","Flight","DeadlyEvents","Elite Swarm","Midas"],"is_ascension_mode":false,"campfire_choices":[],"neow_cost":"","seed_source_timestamp":33825701957300,"circlet_count":0,"master_deck":["Demon Form","Wraith Form v2","Echo Form","Static Discharge+1","Gash","Sweeping Beam","Redo","Glacier","Conserve Battery","Gash","Compile Driver","Storm","Doom and Gloom+1","Ball Lightning","Coolheaded","Ball Lightning","Rip and Tear","Go for the Eyes","Go for the Eyes","Hyperbeam","Meteor Strike","Reboot","Electrodynamics"],"relics":["Cracked Core","Gremlin Horn","Blood Vial","Girya","Omamori","Happy Flower","Oddly Smooth Stone","Shuriken"],"potions_floor_usage":[11,12],"damage_taken":[{"damage":4,"enemies":"2 Louse","floor":1,"turns":2},{"damage":6,"enemies":"Cultist","floor":3,"turns":3},{"damage":2,"enemies":"Lagavulin","floor":6,"turns":6},{"damage":27,"enemies":"3 Sentries","floor":7,"turns":3},{"damage":2,"enemies":"Lagavulin","floor":8,"turns":6},{"damage":27,"enemies":"3 Sentries","floor":10,"turns":3},{"damage":12,"enemies":"Gremlin Nob","floor":11,"turns":3},{"damage":0,"enemies":"Lagavulin","floor":12,"turns":4},{"damage":32,"enemies":"Gremlin Nob","floor":13,"turns":3}],"seed_played":"-2448165925621294769","potions_obtained":[{"floor":3,"key":"LiquidBronze"},{"floor":8,"key":"Block Potion"},{"floor":10,"key":"GamblersBrew"}],"is_trial":true,"path_per_floor":["M","?","M","?","?","E","E","E","T","E","E","E","E"],"character_chosen":"DEFECT","items_purchased":[],"campfire_rested":0,"item_purchase_floors":[],"current_hp_per_floor":[71,71,65,70,70,68,41,41,41,16,6,8,0],"gold":778,"neow_bonus":"","is_prod":false,"is_daily":false,"chose_seed":false,"campfire_upgraded":0,"win_rate":0.0,"timestamp":1543663500,"path_taken":["M","?","?","?","?","E","E","E","T","E","E","E","E"],"build_version":"2018-11-15","purchased_purges":0,"victory":false,"max_hp_per_floor":[75,75,75,80,80,80,80,80,80,80,80,80,80],"card_choices":[{"not_picked":["Streamline","Coolheaded"],"picked":"Static Discharge","floor":0},{"not_picked":["Stack","Turbo"],"picked":"Gash","floor":0},{"not_picked":["Consume","Capacitor"],"picked":"Sweeping Beam","floor":0},{"not_picked":["Consume","Leap"],"picked":"Redo","floor":0},{"not_picked":["Heatsinks","Hello World"],"picked":"Glacier","floor":0},{"not_picked":["White Noise","Undo"],"picked":"Conserve Battery","floor":0},{"not_picked":["Coolheaded","Cold Snap"],"picked":"Gash","floor":0},{"not_picked":["Stack","Cold Snap"],"picked":"Compile Driver","floor":0},{"not_picked":["Barrage","Rip and Tear"],"picked":"Storm","floor":0},{"not_picked":["Rebound","Turbo"],"picked":"Doom and Gloom","floor":0},{"not_picked":["Rip and Tear","Barrage"],"picked":"Ball Lightning","floor":0},{"not_picked":["Hologram","Compile Driver"],"picked":"Coolheaded","floor":0},{"not_picked":["Undo","Go for the Eyes"],"picked":"Ball Lightning","floor":0},{"not_picked":["Reprogram","Leap"],"picked":"Rip and Tear","floor":0},{"not_picked":["Ball Lightning","Hologram"],"picked":"Go for the Eyes","floor":0},{"not_picked":["Aggregate","Scrape"],"picked":"Go for the Eyes","floor":1},{"not_picked":["Recycle","Stack","Undo"],"picked":"SKIP","floor":3},{"not_picked":["Seek","Amplify","Reboot"],"picked":"SKIP","floor":6},{"not_picked":["Buffer","Amplify"],"picked":"Hyperbeam","floor":7},{"not_picked":["Amplify","Fission"],"picked":"Meteor Strike","floor":8},{"not_picked":["Biased Cognition","Echo Form"],"picked":"Reboot","floor":10},{"not_picked":["Echo Form","Fission","Biased Cognition"],"picked":"SKIP","floor":11},{"not_picked":["Biased Cognition","Buffer"],"picked":"Electrodynamics","floor":12}],"player_experience":54825,"relics_obtained":[{"floor":6,"key":"Gremlin Horn"},{"floor":7,"key":"Blood Vial"},{"floor":8,"key":"Girya"},{"floor":9,"key":"Omamori"},{"floor":10,"key":"Happy Flower"},{"floor":11,"key":"Oddly Smooth Stone"},{"floor":12,"key":"Shuriken"}],"event_choices":[{"damage_healed":0,"gold_gain":0,"player_choice":"Forge","damage_taken":0,"max_hp_gain":0,"max_hp_loss":0,"event_name":"Accursed Blacksmith","floor":2,"gold_loss":0,"cards_upgraded":["Static Discharge"]},{"damage_healed":0,"gold_gain":0,"player_choice":"Donut","damage_taken":0,"max_hp_gain":5,"max_hp_loss":0,"event_name":"Big Fish","floor":4,"gold_loss":0},{"damage_healed":0,"gold_gain":0,"player_choice":"Grow","damage_taken":0,"max_hp_gain":0,"max_hp_loss":0,"event_name":"Living Wall","floor":5,"gold_loss":0,"cards_upgraded":["Doom and Gloom"]}],"is_beta":false,"boss_relics":[],"items_purged_floors":[],"is_endless":false,"potions_floor_spawned":[3,8,10],"killed_by":"Gremlin Nob","ascension_level":0}