{"gold_per_floor":[115,128,146,163,178,213,236,236,308,321,321,321,321,385,385,490,490,503,463,216,228,228,228,246,246,246,264,282,282,7,22,22,22],"floor_reached":33,"playtime":2879,"items_purged":[],"score":249,"play_id":"47ed5982-591e-4eee-a951-1b04bd01b0d1","local_time":"20181223031645","is_ascension_mode":false,"campfire_choices":[{"floor":8,"key":"REST"},{"floor":11,"key":"REST"},{"floor":13,"key":"REST"},{"data":"Deflect","floor":15,"key":"SMITH"},{"data":"Deflect","floor":23,"key":"SMITH"},{"floor":25,"key":"REST"},{"floor":32,"key":"REST"}],"neow_cost":"NONE","seed_source_timestamp":146573896798135,"circlet_count":0,"master_deck":["Defend_G","Defend_G","Defend_G","Defend_G","Defend_G","Strike_G+1","Strike_G","Strike_G","Strike_G","Strike_G","Survivor","Neutralize","Flying Knee","Dagger Throw","Deflect+1","PiercingWail+1","Predator+1","Escape Plan","Deflect+1","Dagger Spray","Backflip","Doppelganger","Deadly Poison+1","Master of Strategy","Slice","Sucker Punch+1","Dodge and Roll+1","Blade Dance+1","Noxious Fumes+1","PiercingWail","Deflect"],"relics":["Ring of the Snake","PreservedInsect","Odd Mushroom","Bottled Lightning","Unceasing Top","Velvet Choker","Ornamental Fan","Pantograph"],"potions_floor_usage":[5,6,16,16,28,33,33,33],"damage_taken":[{"damage":2,"enemies":"Small Slimes","floor":1,"turns":4},{"damage":0,"enemies":"Jaw Worm","floor":2,"turns":3},{"damage":0,"enemies":"2 Louse","floor":3,"turns":3},{"damage":8,"enemies":"2 Fungi Beasts","floor":4,"turns":6},{"damage":17,"enemies":"Exordium Thugs","floor":5,"turns":8},{"damage":14,"enemies":"3 Sentries","floor":6,"turns":9},{"damage":5,"enemies":"The Mushroom Lair","floor":7,"turns":4},{"damage":9,"enemies":"Lots of Slimes","floor":10,"turns":4},{"damage":0,"enemies":"Gremlin Nob","floor":14,"turns":3},{"damage":27,"enemies":"Hexaghost","floor":16,"turns":12},{"damage":9,"enemies":"Chosen","floor":18,"turns":7},{"damage":1,"enemies":"3 Byrds","floor":21,"turns":5},{"damage":35,"enemies":"Sentry and Sphere","floor":24,"turns":6},{"damage":16,"enemies":"Centurion and Healer","floor":27,"turns":11},{"damage":14,"enemies":"Snake Plant","floor":28,"turns":6},{"damage":3,"enemies":"Shelled Parasite and Fungi","floor":31,"turns":6},{"damage":80,"enemies":"Automaton","floor":33,"turns":12}],"seed_played":"732510014708016606","potions_obtained":[{"floor":0,"key":"EssenceOfSteel"},{"floor":0,"key":"SteroidPotion"},{"floor":0,"key":"SkillPotion"},{"floor":2,"key":"Poison Potion"},{"floor":3,"key":"SkillPotion"},{"floor":6,"key":"Poison Potion"},{"floor":16,"key":"GamblersBrew"},{"floor":21,"key":"Dexterity Potion"},{"floor":27,"key":"Fire Potion"},{"floor":28,"key":"SkillPotion"}],"is_trial":false,"path_per_floor":["M","M","M","M","M","E","?","R","T","M","R","?","R","?","R","B",null,"M","?","$","M","?","R","M","R","T","M","M","?","$","M","R","B"],"character_chosen":"THE_SILENT","items_purchased":["Master of Strategy","Slice","Pantograph","PiercingWail"],"campfire_rested":5,"item_purchase_floors":[20,20,30,30],"current_hp_per_floor":[68,68,68,60,43,29,24,45,45,36,57,57,70,70,70,43,70,61,61,61,60,60,60,25,46,46,30,16,39,39,36,57,0],"gold":22,"neow_bonus":"THREE_SMALL_POTIONS","is_prod":false,"is_daily":false,"chose_seed":false,"campfire_upgraded":2,"win_rate":0.0,"timestamp":1545502605,"path_taken":["M","M","M","M","M","E","?","R","T","M","R","?","R","?","R","BOSS","M","?","?","?","?","R","M","R","T","M","M","?","$","M","R","BOSS"],"build_version":"2018-12-20","purchased_purges":0,"victory":false,"max_hp_per_floor":[70,70,70,70,70,70,70,70,70,70,70,70,70,70,70,70,70,70,70,70,70,70,70,70,70,70,70,70,70,70,70,70,70],"card_choices":[{"not_picked":["Sucker Punch","Outmaneuver"],"picked":"Flying Knee","floor":1},{"not_picked":["Backflip","Acrobatics"],"picked":"Dagger Throw","floor":2},{"not_picked":["Backflip","Tactician"],"picked":"Deflect","floor":3},{"not_picked":["Dagger Spray","Masterful Stab"],"picked":"PiercingWail","floor":4},{"not_picked":["Malaise","Blade Dance"],"picked":"Predator","floor":5},{"not_picked":["Backstab","Infinite Blades"],"picked":"Escape Plan","floor":6},{"not_picked":["PiercingWail","Prepared"],"picked":"Deflect","floor":7},{"not_picked":["Tools of the Trade","Calculated Gamble"],"picked":"Dagger Spray","floor":10},{"not_picked":["Acrobatics","Flying Knee"],"picked":"Backflip","floor":14},{"not_picked":["Venomology","Night Terror"],"picked":"Doppelganger","floor":16},{"not_picked":["Bouncing Flask","PiercingWail"],"picked":"Deadly Poison+1","floor":18},{"not_picked":["Outmaneuver","Finisher"],"picked":"Sucker Punch+1","floor":21},{"not_picked":["Outmaneuver","Bouncing Flask"],"picked":"Dodge and Roll+1","floor":24},{"not_picked":["Prepared+1","Escape Plan"],"picked":"Blade Dance+1","floor":27},{"not_picked":["Bouncing Flask","Wraith Form v2"],"picked":"Noxious Fumes+1","floor":28},{"not_picked":["Calculated Gamble","Caltrops"],"picked":"Deflect","floor":31}],"player_experience":6217,"relics_obtained":[{"floor":6,"key":"PreservedInsect"},{"floor":7,"key":"Odd Mushroom"},{"floor":9,"key":"Bottled Lightning"},{"floor":14,"key":"Unceasing Top"},{"floor":26,"key":"Ornamental Fan"}],"event_choices":[{"damage_healed":0,"gold_gain":0,"player_choice":"Fought Mushrooms","damage_taken":0,"max_hp_gain":0,"max_hp_loss":0,"event_name":"Mushrooms","floor":7,"gold_loss":0},{"damage_healed":0,"gold_gain":0,"player_choice":"Grow","damage_taken":0,"max_hp_gain":0,"max_hp_loss":0,"event_name":"Living Wall","floor":12,"gold_loss":0,"cards_upgraded":["Predator"]},{"damage_healed":0,"gold_gain":0,"player_choice":"Searched \u00272\u0027 times","damage_taken":0,"max_hp_gain":0,"max_hp_loss":0,"event_name":"Dead Adventurer","floor":14,"gold_loss":0},{"damage_healed":0,"gold_gain":0,"player_choice":"Upgraded Two","damage_taken":0,"max_hp_gain":0,"max_hp_loss":0,"event_name":"Designer","floor":19,"gold_loss":40,"cards_upgraded":["PiercingWail","Strike_G"]},{"damage_healed":0,"gold_gain":0,"player_choice":"Ignored","damage_taken":0,"max_hp_gain":0,"max_hp_loss":0,"event_name":"Vampires","floor":22,"gold_loss":0},{"damage_healed":23,"gold_gain":0,"player_choice":"Heal","damage_taken":0,"max_hp_gain":0,"max_hp_loss":0,"event_name":"The Library","floor":29,"gold_loss":0}],"is_beta":false,"boss_relics":[{"not_picked":["Sozu","White Beast Statue"],"picked":"Velvet Choker"}],"items_purged_floors":[],"is_endless":false,"potions_floor_spawned":[2,3,6,16,21,27,28],"killed_by":"Automaton","ascension_level":0}