{"gold_per_floor":[117,127,127,52,65,65,84,84,84,84,96,110,128,143,143,143],"floor_reached":16,"playtime":923,"items_purged":["Strike_G"],"score":96,"play_id":"bf2aae21-f5c0-476a-b661-8121a6b4c339","local_time":"20181226081134","is_ascension_mode":false,"campfire_choices":[{"data":"Bane","floor":6,"key":"SMITH"},{"data":"Backflip","floor":8,"key":"SMITH"},{"data":"Bane","floor":15,"key":"SMITH"}],"neow_cost":"NONE","seed_source_timestamp":29473256608184,"circlet_count":0,"master_deck":["Defend_G","Defend_G","Defend_G","Defend_G","Defend_G","Strike_G","Strike_G","Strike_G","Survivor","Neutralize","Bane+1","Backflip+1","Prepared","Dagger Throw","Deflect","Deflect","Bane+1","Flying Knee"],"relics":["Ring of the Snake","NeowsBlessing","Bottled Lightning"],"potions_floor_usage":[14,14],"damage_taken":[{"damage":0,"enemies":"2 Louse","floor":1,"turns":1},{"damage":0,"enemies":"Jaw Worm","floor":2,"turns":1},{"damage":0,"enemies":"Small Slimes","floor":5,"turns":1},{"damage":0,"enemies":"Exordium Wildlife","floor":7,"turns":5},{"damage":1,"enemies":"Red Slaver","floor":11,"turns":3},{"damage":6,"enemies":"Lots of Slimes","floor":12,"turns":6},{"damage":0,"enemies":"Blue Slaver","floor":13,"turns":4},{"damage":9,"enemies":"Exordium Wildlife","floor":14,"turns":8},{"damage":58,"enemies":"Hexaghost","floor":16,"turns":16}],"seed_played":"5272522755614118719","potions_obtained":[{"floor":12,"key":"LiquidBronze"},{"floor":13,"key":"Weak Potion"}],"is_trial":false,"path_per_floor":["M","M","?","$","M","R","M","R","T","?","M","M","M","M","R","B"],"character_chosen":"THE_SILENT","items_purchased":[],"campfire_rested":0,"item_purchase_floors":[],"current_hp_per_floor":[70,70,70,70,70,70,70,70,70,70,69,63,63,54,54,0],"gold":143,"neow_bonus":"THREE_ENEMY_KILL","is_prod":false,"is_daily":false,"chose_seed":false,"campfire_upgraded":3,"win_rate":0,"timestamp":1545779494,"path_taken":["M","M","?","$","M","R","M","R","T","?","M","M","?","M","R","BOSS"],"build_version":"2018-12-20","purchased_purges":1,"victory":false,"max_hp_per_floor":[70,70,70,70,70,70,70,70,70,70,70,70,70,70,70,70],"card_choices":[{"not_picked":["Blade Dance","Flying Knee"],"picked":"Bane","floor":1},{"not_picked":["Dagger Throw","Masterful Stab"],"picked":"Backflip","floor":2},{"not_picked":["Reflex","Well Laid Plans"],"picked":"Prepared","floor":5},{"not_picked":["Escape Plan","Dagger Spray"],"picked":"Dagger Throw","floor":7},{"not_picked":["Choke","After Image"],"picked":"Deflect","floor":11},{"not_picked":["Riddle With Holes","Blade Dance"],"picked":"Deflect","floor":12},{"not_picked":["Backstab","Dodge and Roll"],"picked":"Bane","floor":13},{"not_picked":["Outmaneuver","Escape Plan"],"picked":"Flying Knee","floor":14}],"player_experience":74058,"relics_obtained":[{"floor":9,"key":"Bottled Lightning"}],"event_choices":[{"cards_removed":["Strike_G"],"damage_healed":0,"gold_gain":0,"player_choice":"Forget","damage_taken":0,"max_hp_gain":0,"max_hp_loss":0,"event_name":"Living Wall","floor":3,"gold_loss":0},{"damage_healed":0,"gold_gain":0,"player_choice":"Ignored","damage_taken":0,"max_hp_gain":0,"max_hp_loss":0,"event_name":"Golden Idol","floor":10,"gold_loss":0}],"is_beta":false,"boss_relics":[],"items_purged_floors":[4],"is_endless":false,"potions_floor_spawned":[12,13],"killed_by":"Hexaghost","ascension_level":0}