{"gold_per_floor":[114,114,114,129,144,144,174,174,199,229,244,274,289,42,42,142,142,157,157,57,57,72,102,102,132,182,182],"floor_reached":27,"playtime":1985,"items_purged":["Strike_G","Defend_G"],"score":319,"play_id":"b6a3d27a-b5da-46ce-9a4e-c0a25479c33d","local_time":"20190111112639","daily_mods":["Chimera","ControlledChaos","DeadlyEvents"],"is_ascension_mode":false,"campfire_choices":[{"data":"Defragment","floor":6,"key":"SMITH"},{"data":"Capacitor","floor":8,"key":"SMITH"},{"floor":15,"key":"REST"},{"floor":24,"key":"REST"}],"neow_cost":"","seed_source_timestamp":0,"circlet_count":0,"master_deck":["Bash","Survivor","Zap","Defend_B","Defragment+1","Capacitor+1","Capacitor","Coolheaded","Heatsinks+1","Glacier+1","Cold Snap+1"],"special_seed":17907,"relics":["Cracked Core","Frozen Eye","FossilizedHelix","Orichalcum","Gremlin Horn","Omamori","DataDisk","Empty Cage","Ornamental Fan","Frozen Egg 2","Kunai","Dodecahedron","Anchor"],"potions_floor_usage":[7,7,10,16,25,25],"damage_taken":[{"damage":2,"enemies":"Jaw Worm","floor":1,"turns":4},{"damage":10,"enemies":"Small Slimes","floor":4,"turns":3},{"damage":0,"enemies":"Cultist","floor":5,"turns":4},{"damage":18,"enemies":"Gremlin Nob","floor":7,"turns":3},{"damage":7,"enemies":"Lagavulin","floor":10,"turns":6},{"damage":6,"enemies":"Blue Slaver","floor":11,"turns":4},{"damage":16,"enemies":"Gremlin Nob","floor":12,"turns":5},{"damage":0,"enemies":"Red Slaver","floor":13,"turns":5},{"damage":0,"enemies":"Hexaghost","floor":16,"turns":9},{"damage":0,"enemies":"Spheric Guardian","floor":18,"turns":5},{"damage":43,"enemies":"3 Byrds","floor":22,"turns":7},{"damage":5,"enemies":"Book of Stabbing","floor":23,"turns":7},{"damage":40,"enemies":"Slavers","floor":25,"turns":4},{"damage":11,"enemies":"Gremlin Leader","floor":27,"turns":3}],"seed_played":"3536575198636057260","potions_obtained":[{"floor":1,"key":"Poison Potion"},{"floor":3,"key":"FearPotion"},{"floor":3,"key":"Weak Potion"},{"floor":3,"key":"Fire Potion"},{"floor":7,"key":"SteroidPotion"},{"floor":11,"key":"SpeedPotion"},{"floor":16,"key":"SpeedPotion"},{"floor":23,"key":"LiquidBronze"}],"is_trial":false,"path_per_floor":["M","?","?","M","M","R","E","R","T","E","M","E","M","$","R","B",null,"M","T","$","T","M","E","R","E","T","E"],"character_chosen":"DEFECT","items_purchased":["Coolheaded","DataDisk"],"campfire_rested":2,"item_purchase_floors":[14,14],"current_hp_per_floor":[73,66,66,56,56,56,38,38,38,31,25,9,9,9,31,31,75,75,75,75,75,32,27,49,9,9,0],"gold":182,"neow_bonus":"","is_prod":false,"is_daily":true,"chose_seed":false,"campfire_upgraded":2,"win_rate":0,"timestamp":1547177199,"path_taken":["M","?","?","M","M","R","E","R","T","?","M","E","?","$","R","BOSS","M","?","$","?","?","E","R","?","T","E"],"build_version":"2019-01-10","purchased_purges":2,"victory":false,"max_hp_per_floor":[75,75,75,75,75,75,75,75,75,75,75,75,75,75,75,75,75,75,75,75,75,75,75,75,75,75,75],"card_choices":[{"not_picked":["Reprogram","Leap"],"picked":"Defragment","floor":1},{"not_picked":["Streamline","Aggregate","Gash"],"picked":"SKIP","floor":4},{"not_picked":["Conserve Battery","Turbo","Leap"],"picked":"SKIP","floor":5},{"not_picked":["Melter","Doom and Gloom"],"picked":"Capacitor","floor":7},{"not_picked":["Sweeping Beam","Stack","Barrage"],"picked":"SKIP","floor":10},{"not_picked":["Scrape","Barrage","Recycle"],"picked":"SKIP","floor":11},{"not_picked":["Genetic Algorithm","Compile Driver"],"picked":"Capacitor","floor":12},{"not_picked":["Compile Driver","Leap","Multi-Cast"],"picked":"SKIP","floor":13},{"not_picked":["Melter","Hologram","Ball Lightning+1"],"picked":"SKIP","floor":18},{"not_picked":["Double Energy","Aggregate"],"picked":"Heatsinks+1","floor":22},{"not_picked":["Compile Driver","Stack+1"],"picked":"Glacier+1","floor":23},{"not_picked":["Gash","Glacier+1"],"picked":"Cold Snap+1","floor":25}],"player_experience":187204,"relics_obtained":[{"floor":7,"key":"FossilizedHelix"},{"floor":9,"key":"Orichalcum"},{"floor":10,"key":"Gremlin Horn"},{"floor":12,"key":"Omamori"},{"floor":19,"key":"Ornamental Fan"},{"floor":21,"key":"Frozen Egg 2"},{"floor":23,"key":"Kunai"},{"floor":25,"key":"Dodecahedron"},{"floor":26,"key":"Anchor"}],"event_choices":[{"cards_removed":["Strike_R"],"damage_healed":0,"gold_gain":0,"player_choice":"Card Removal","damage_taken":7,"max_hp_gain":0,"max_hp_loss":0,"event_name":"Golden Wing","floor":2,"gold_loss":0},{"damage_healed":0,"gold_gain":0,"player_choice":"Got Potions","damage_taken":0,"max_hp_gain":0,"max_hp_loss":0,"event_name":"Lab","floor":3,"gold_loss":0}],"is_beta":false,"boss_relics":[{"not_picked":["Inserter","FrozenCore"],"picked":"Empty Cage"}],"items_purged_floors":[14,20],"is_endless":false,"potions_floor_spawned":[1,7,11,16,23],"killed_by":"Gremlin Leader","ascension_level":0}