{"gold_per_floor":[117,42,57,57,332,366,380,380,380,52,52],"floor_reached":11,"playtime":540,"items_purged":["Regret"],"score":178,"play_id":"640230f4-65ff-4e0f-8062-7ba808002a7c","local_time":"20181227143431","is_ascension_mode":true,"campfire_choices":[{"data":"Coolheaded","floor":8,"key":"SMITH"}],"neow_cost":"NONE","seed_source_timestamp":838893245485404,"circlet_count":0,"master_deck":["AscendersBane","Strike_B","Strike_B","Strike_B","Defend_B","Defend_B","Defend_B","Defend_B","Zap","Dualcast","Rebound","Coolheaded+1","White Noise","Compile Driver","Steam"],"relics":["Cracked Core","NeowsBlessing","Shuriken","The Courier","Question Card"],"potions_floor_usage":[],"damage_taken":[{"damage":0,"enemies":"2 Louse","floor":1,"turns":1},{"damage":0,"enemies":"Jaw Worm","floor":3,"turns":1},{"damage":0,"enemies":"Lagavulin","floor":6,"turns":1},{"damage":8,"enemies":"Cultist","floor":7,"turns":3},{"damage":59,"enemies":"Gremlin Nob","floor":11,"turns":4}],"seed_played":"8598498054454838854","potions_obtained":[{"floor":6,"key":"Fire Potion"}],"is_trial":false,"path_per_floor":["M","?","M","$","?","E","M","R","T","$","E"],"character_chosen":"DEFECT","items_purchased":["Question Card","Steam"],"campfire_rested":0,"item_purchase_floors":[10,10],"current_hp_per_floor":[64,64,64,64,64,64,56,56,56,56,0],"gold":52,"neow_bonus":"THREE_ENEMY_KILL","is_prod":false,"is_daily":false,"chose_seed":false,"campfire_upgraded":1,"win_rate":0,"timestamp":1545939271,"path_taken":["M","?","M","$","?","E","?","R","T","$","E"],"build_version":"2018-12-20","purchased_purges":1,"victory":false,"max_hp_per_floor":[71,71,71,71,71,71,71,71,71,71,71],"card_choices":[{"not_picked":["Hologram","Turbo"],"picked":"Rebound","floor":1},{"not_picked":["Stack","Compile Driver"],"picked":"Coolheaded","floor":3},{"not_picked":["Self Repair","Barrage"],"picked":"White Noise","floor":6},{"not_picked":["Genetic Algorithm","Go for the Eyes"],"picked":"Compile Driver","floor":7}],"player_experience":876069,"relics_obtained":[{"floor":6,"key":"Shuriken"},{"floor":9,"key":"The Courier"}],"event_choices":[{"cards_removed":["Strike_B"],"damage_healed":0,"gold_gain":0,"player_choice":"Card Removal","damage_taken":0,"max_hp_gain":0,"max_hp_loss":0,"event_name":"The Cleric","floor":2,"gold_loss":75},{"damage_healed":0,"gold_gain":275,"player_choice":"Desecrate","damage_taken":0,"max_hp_gain":0,"max_hp_loss":0,"event_name":"Golden Shrine","floor":5,"gold_loss":0,"cards_obtained":["Regret"]}],"is_beta":false,"boss_relics":[],"items_purged_floors":[10],"is_endless":false,"potions_floor_spawned":[6],"killed_by":"Gremlin Nob","ascension_level":17}