{"gold_per_floor":[144,189,234,279,229,229,274,364,439,439,484,529,129,174,174,474,474,519,564,564,479,591,603,660,717,729,786,723,735,747,6,6,306,306,351,51,96,141,70,70,70],"floor_reached":41,"playtime":2375,"items_purged":[],"score":772,"play_id":"82fa8e4b-f255-4381-b426-855f95bd87e8","local_time":"20190201130131","daily_mods":["Insanity","Hoarder","Midas"],"is_ascension_mode":false,"campfire_choices":[{"floor":6,"key":"REST"},{"floor":15,"key":"REST"},{"floor":23,"key":"REST"},{"floor":32,"key":"REST"},{"floor":40,"key":"REST"}],"neow_cost":"","seed_source_timestamp":0,"circlet_count":0,"master_deck":["Dagger Spray","Outmaneuver","Poisoned Stab","Crippling Poison","Underhanded Strike","Distraction","Underhanded Strike","Prepared","Dodge and Roll","Deadly Poison","Outmaneuver","Dodge and Roll","Accuracy","Bouncing Flask","Dagger Spray","Underhanded Strike","Sucker Punch","Flying Knee","Outmaneuver","Terror","Crippling Poison","Slice","Deflect","Dodge and Roll","Underhanded Strike","Deadly Poison","Prepared","Slice","Flying Knee","Acrobatics","Underhanded Strike","Quick Slash","Blade Dance","Endless Agony","Flechettes","Escape Plan","Cloak And Dagger","Accuracy","Acrobatics","Dodge and Roll","Backflip","Prepared","Outmaneuver","Endless Agony","Sucker Punch","Backflip","Backflip","Backflip","Deflect","Deflect","Deflect","Deadly Poison","Deadly Poison","Deadly Poison","Acrobatics","Acrobatics","Acrobatics","Blade Dance","Blade Dance","Blade Dance","Slice","Slice","Slice","Die Die Die","Die Die Die","Die Die Die","Deflect","Deflect","Deflect","Envenom","Envenom","Envenom","Cloak And Dagger","Cloak And Dagger","Cloak And Dagger","Dash","Dash","Dash","PiercingWail","PiercingWail","PiercingWail","Ghostly","Ghostly","Ghostly","Ghostly","Ghostly","Ghostly","Ghostly","Ghostly","Ghostly","Ghostly","Ghostly","Ghostly","Ghostly","Ghostly","Ghostly","Panacea","Panacea","Panacea","Panache","Panache","Panache","Infinite Blades","Infinite Blades","Infinite Blades","Catalyst","Catalyst","Catalyst","Burst","Burst","Burst","Infinite Blades+1","Infinite Blades+1","Infinite Blades+1","Noxious Fumes","Noxious Fumes","Noxious Fumes"],"special_seed":17928,"relics":["Ring of the Snake","Paper Crane","Bottled Tornado","Question Card","Empty Cage","MawBank","Bird Faced Urn","ClockworkSouvenir","Centennial Puzzle","Fusion Hammer","Ice Cream"],"potions_floor_usage":[8,16,18,24,33,33,33,38],"damage_taken":[{"damage":2,"enemies":"2 Louse","floor":1,"turns":2},{"damage":0,"enemies":"Small Slimes","floor":2,"turns":3},{"damage":0,"enemies":"Cultist","floor":3,"turns":3},{"damage":7,"enemies":"2 Fungi Beasts","floor":4,"turns":3},{"damage":7,"enemies":"Large Slime","floor":7,"turns":3},{"damage":15,"enemies":"3 Sentries","floor":8,"turns":5},{"damage":6,"enemies":"Lots of Slimes","floor":11,"turns":3},{"damage":9,"enemies":"Gremlin Gang","floor":12,"turns":3},{"damage":8,"enemies":"Exordium Thugs","floor":14,"turns":3},{"damage":34,"enemies":"The Guardian","floor":16,"turns":7},{"damage":0,"enemies":"3 Byrds","floor":18,"turns":3},{"damage":2,"enemies":"Spheric Guardian","floor":19,"turns":3},{"damage":9,"enemies":"3 Cultists","floor":24,"turns":5},{"damage":27,"enemies":"Snake Plant","floor":25,"turns":6},{"damage":26,"enemies":"Snecko","floor":27,"turns":6},{"damage":30,"enemies":"Champ","floor":33,"turns":11},{"damage":1,"enemies":"Orb Walker","floor":35,"turns":5},{"damage":15,"enemies":"3 Shapes","floor":37,"turns":5},{"damage":9,"enemies":"Sphere and 2 Shapes","floor":38,"turns":6},{"damage":44,"enemies":"Reptomancer","floor":41,"turns":2}],"seed_played":"4077721088213470918","potions_obtained":[{"floor":2,"key":"LiquidBronze"},{"floor":3,"key":"EssenceOfSteel"},{"floor":7,"key":"Ancient Potion"},{"floor":14,"key":"LiquidBronze"},{"floor":16,"key":"LiquidBronze"},{"floor":19,"key":"Explosive Potion"},{"floor":25,"key":"Poison Potion"},{"floor":37,"key":"Block Potion"}],"is_trial":false,"path_per_floor":["M","M","M","M","?","R","M","E","T","?","M","M","$","M","R","B",null,"M","M","?","?","?","R","M","M","T","M","?","?","?","$","R","B",null,"M","$","M","M","$","R","E"],"character_chosen":"THE_SILENT","items_purchased":["Question Card","Die Die Die","Panacea","ClockworkSouvenir","Centennial Puzzle","Panache","Infinite Blades","Catalyst","Ice Cream","Noxious Fumes"],"campfire_rested":5,"item_purchase_floors":[13,13,31,31,31,31,31,31,36,39],"current_hp_per_floor":[68,68,68,61,61,70,63,48,48,48,42,33,33,25,46,12,70,70,68,68,68,68,70,61,34,34,12,12,35,35,35,35,15,35,35,35,24,29,29,35,0],"gold":70,"neow_bonus":"","is_prod":false,"is_daily":true,"chose_seed":false,"campfire_upgraded":0,"win_rate":0,"timestamp":1548997291,"path_taken":["M","M","M","M","?","R","M","E","T","?","M","M","$","M","R","BOSS","M","M","?","?","?","R","?","M","T","M","?","?","?","$","R","BOSS","M","$","M","M","$","R","E"],"build_version":"2019-01-23","purchased_purges":0,"victory":false,"max_hp_per_floor":[70,70,70,70,70,70,70,70,70,70,70,70,70,70,70,70,70,70,70,70,70,70,70,70,70,70,70,70,70,35,35,35,35,35,35,35,35,35,35,35,35],"card_choices":[{"not_picked":["Leg Sweep","Sucker Punch"],"picked":"Backflip","floor":1},{"not_picked":["Blade Dance","Riddle With Holes","Flying Knee"],"picked":"SKIP","floor":2},{"not_picked":["Bane","Catalyst"],"picked":"Deflect","floor":3},{"not_picked":["Terror","Eviscerate"],"picked":"Deadly Poison","floor":4},{"not_picked":["Dagger Throw","Prepared"],"picked":"Acrobatics","floor":7},{"not_picked":["Bane","Dodge and Roll","Poisoned Stab"],"picked":"SKIP","floor":8},{"not_picked":["Calculated Gamble","Dagger Spray"],"picked":"Blade Dance","floor":11},{"not_picked":["Backflip","Quick Slash"],"picked":"Slice","floor":12},{"not_picked":["Doppelganger","Bane","Poisoned Stab"],"picked":"Deflect","floor":14},{"not_picked":["Wraith Form v2","Glass Knife","Storm of Steel"],"picked":"Envenom","floor":16},{"not_picked":["Slice","PiercingWail","Expertise+1"],"picked":"Cloak And Dagger","floor":18},{"not_picked":["Poisoned Stab","Bane","Calculated Gamble"],"picked":"Dash","floor":19},{"not_picked":["Crippling Poison","Reflex+1","Accuracy"],"picked":"PiercingWail","floor":24},{"not_picked":["Dodge and Roll+1","Outmaneuver+1","Blade Dance","Underhanded Strike"],"picked":"SKIP","floor":25},{"not_picked":["Blade Dance","Sucker Punch","Terror","Dodge and Roll"],"picked":"SKIP","floor":27},{"not_picked":["Die Die Die","Night Terror","After Image"],"picked":"Burst","floor":33},{"not_picked":["Slice","Blade Dance+1","Dagger Spray","Prepared"],"picked":"SKIP","floor":35},{"not_picked":["Calculated Gamble","Deadly Poison","Caltrops"],"picked":"Infinite Blades+1","floor":37},{"not_picked":["Cloak And Dagger","Sucker Punch+1","Prepared","Footwork+1"],"picked":"SKIP","floor":38}],"player_experience":313823,"relics_obtained":[{"floor":8,"key":"Paper Crane"},{"floor":9,"key":"Bottled Tornado"},{"floor":26,"key":"Bird Faced Urn"}],"event_choices":[{"cards_removed":["Flechettes"],"damage_healed":0,"gold_gain":0,"player_choice":"Card Removal","damage_taken":0,"max_hp_gain":0,"max_hp_loss":0,"event_name":"The Cleric","floor":5,"gold_loss":50},{"damage_healed":0,"gold_gain":0,"player_choice":"Ignored","damage_taken":0,"max_hp_gain":0,"max_hp_loss":0,"event_name":"Liars Game","floor":10,"gold_loss":0},{"cards_removed":["Flying Knee"],"damage_healed":0,"gold_gain":0,"player_choice":"Elegance","damage_taken":0,"max_hp_gain":0,"max_hp_loss":0,"event_name":"Back to Basics","floor":20,"gold_loss":0},{"damage_healed":0,"gold_gain":0,"player_choice":"Obtained Relic","damage_taken":0,"relics_obtained":["MawBank"],"max_hp_gain":0,"max_hp_loss":0,"event_name":"Addict","floor":21,"gold_loss":85},{"damage_healed":0,"gold_gain":100,"player_choice":"Pray","damage_taken":0,"max_hp_gain":0,"max_hp_loss":0,"event_name":"Golden Shrine","floor":22,"gold_loss":0},{"cards_removed":["Flying Knee"],"damage_healed":0,"gold_gain":0,"player_choice":"Gave Gold","damage_taken":0,"max_hp_gain":0,"max_hp_loss":0,"event_name":"Beggar","floor":28,"gold_loss":75},{"damage_healed":23,"gold_gain":0,"player_choice":"Heal","damage_taken":0,"max_hp_gain":0,"max_hp_loss":0,"event_name":"The Library","floor":29,"gold_loss":0},{"damage_healed":0,"gold_gain":0,"player_choice":"Became a Ghost","damage_taken":0,"max_hp_gain":0,"max_hp_loss":35,"event_name":"Ghosts","floor":30,"gold_loss":0,"cards_obtained":["Ghostly","Ghostly","Ghostly","Ghostly","Ghostly"]}],"is_beta":false,"boss_relics":[{"not_picked":["Black Star","Ring of the Serpent"],"picked":"Empty Cage"},{"not_picked":["Velvet Choker","HoveringKite"],"picked":"Fusion Hammer"}],"items_purged_floors":[],"is_endless":false,"potions_floor_spawned":[2,3,7,14,16,19,25,37],"killed_by":"Reptomancer","ascension_level":0}