{"gold_per_floor":[114,39,39,39,54,54,84,84,134,149,164,164,164,179,179,279,279,294,294,294,18,33,33],"floor_reached":23,"playtime":1545,"items_purged":["Strike_B","Strike_B"],"score":189,"play_id":"457f0ebf-26d0-4677-9197-838380dddad6","local_time":"20190115082323","daily_mods":["Heirloom","Diverse","Night Terrors"],"is_ascension_mode":false,"campfire_choices":[{"data":"Dualcast","floor":6,"key":"SMITH"},{"data":"Warcry","floor":8,"key":"SMITH"},{"floor":13,"key":"REST"},{"data":"Distraction","floor":15,"key":"SMITH"}],"neow_cost":"","seed_source_timestamp":0,"circlet_count":0,"master_deck":["Strike_B","Defend_B","Defend_B","Defend_B","Defend_B","Zap+1","Dualcast+1","Hologram","Warcry+1","Distraction+1","Backflip","True Grit","Flying Knee","Impervious","Ball Lightning","Aggregate","Feel No Pain"],"special_seed":17910,"relics":["Cracked Core","Dead Branch","Emotion Chip","Smiling Mask","Runic Pyramid","DataDisk"],"potions_floor_usage":[16,23],"damage_taken":[{"damage":1,"enemies":"Cultist","floor":1,"turns":3},{"damage":1,"enemies":"Jaw Worm","floor":5,"turns":3},{"damage":39,"enemies":"3 Sentries","floor":7,"turns":7},{"damage":0,"enemies":"2 Louse","floor":10,"turns":1},{"damage":11,"enemies":"Red Slaver","floor":11,"turns":2},{"damage":6,"enemies":"3 Louse","floor":14,"turns":2},{"damage":14,"enemies":"Hexaghost","floor":16,"turns":7},{"damage":0,"enemies":"3 Byrds","floor":18,"turns":4},{"damage":27,"enemies":"Colosseum Slavers","floor":20,"turns":4},{"damage":3,"enemies":"Shell Parasite","floor":22,"turns":3},{"damage":40,"enemies":"Gremlin Leader","floor":23,"turns":6}],"seed_played":"-1411169466540276601","potions_obtained":[{"floor":7,"key":"GamblersBrew"},{"floor":11,"key":"Block Potion"},{"floor":22,"key":"Fire Potion"}],"is_trial":false,"path_per_floor":["M","$","?","$","M","R","E","R","T","M","M","?","R","M","R","B",null,"M","?","?","$","M","E"],"character_chosen":"DEFECT","items_purchased":["Feel No Pain","DataDisk"],"campfire_rested":1,"item_purchase_floors":[21,21],"current_hp_per_floor":[74,74,74,74,73,73,34,34,34,34,23,23,70,64,64,50,70,70,70,43,43,40,0],"gold":33,"neow_bonus":"","is_prod":false,"is_daily":true,"chose_seed":false,"campfire_upgraded":3,"win_rate":0,"timestamp":1547511803,"path_taken":["M","?","?","$","M","R","E","R","T","?","M","?","R","M","R","BOSS","M","?","?","$","M","E"],"build_version":"2019-01-10","purchased_purges":2,"victory":false,"max_hp_per_floor":[75,75,75,75,75,75,75,75,75,75,75,75,70,70,70,70,70,70,70,70,70,70,70],"card_choices":[{"not_picked":["Ball Lightning","Gash"],"picked":"Hologram","floor":1},{"not_picked":["Tempest","Poisoned Stab"],"picked":"Warcry","floor":5},{"not_picked":["Tempest","Rupture"],"picked":"Distraction","floor":7},{"not_picked":["Beam Cell","Setup"],"picked":"Backflip","floor":10},{"not_picked":["Rage","Evolve"],"picked":"True Grit","floor":11},{"not_picked":["Storm of Steel","Finisher"],"picked":"Flying Knee","floor":14},{"not_picked":["Phantasmal Killer","Tools of the Trade"],"picked":"Impervious","floor":16},{"not_picked":["Dodge and Roll","Poisoned Stab"],"picked":"Ball Lightning","floor":18},{"not_picked":["Clash+1","Blood for Blood","Beam Cell"],"picked":"SKIP","floor":22}],"player_experience":241402,"relics_obtained":[{"floor":7,"key":"Emotion Chip"},{"floor":9,"key":"Smiling Mask"}],"event_choices":[{"damage_healed":0,"gold_gain":0,"player_choice":"Forge","damage_taken":0,"max_hp_gain":0,"max_hp_loss":0,"event_name":"Accursed Blacksmith","floor":3,"gold_loss":0,"cards_upgraded":["Zap"]},{"cards_removed":["Strike_B"],"damage_healed":0,"gold_gain":0,"player_choice":"Purged","damage_taken":0,"max_hp_gain":0,"max_hp_loss":0,"event_name":"Purifier","floor":12,"gold_loss":0},{"damage_healed":0,"gold_gain":0,"player_choice":"Read","damage_taken":0,"max_hp_gain":0,"max_hp_loss":0,"event_name":"The Library","floor":19,"gold_loss":0,"cards_obtained":["Aggregate"]},{"damage_healed":0,"gold_gain":0,"player_choice":"Fight","damage_taken":0,"max_hp_gain":0,"max_hp_loss":0,"event_name":"Colosseum","floor":20,"gold_loss":0},{"damage_healed":0,"gold_gain":0,"player_choice":"Fled From Nobs","damage_taken":0,"max_hp_gain":0,"max_hp_loss":0,"event_name":"Colosseum","floor":20,"gold_loss":0}],"is_beta":false,"boss_relics":[{"not_picked":["Fusion Hammer","Snecko Eye"],"picked":"Runic Pyramid"}],"items_purged_floors":[2,21],"is_endless":false,"potions_floor_spawned":[7,11,20,22],"killed_by":"Gremlin Leader","ascension_level":0}