{"gold_per_floor":[119,134,11,86,61,61,61,61,61,71,97,97,107,122,122,218,218,230,280,300,149,163,189,189,11,11,11,31,31,31,45,45,45],"floor_reached":33,"playtime":2505,"items_purged":["Defend_R","Strike_R","Strike_R"],"score":265,"play_id":"3393637b-d9cd-409d-997b-8149644ab58c","local_time":"20181019133023","is_ascension_mode":false,"campfire_choices":[{"data":"True Grit","floor":6,"key":"SMITH"},{"data":"Shrug It Off","floor":8,"key":"SMITH"},{"data":"Body Slam","floor":12,"key":"SMITH"},{"data":"Uppercut","floor":15,"key":"SMITH"},{"floor":24,"key":"REST"},{"floor":27,"key":"REST"},{"floor":32,"key":"REST"}],"neow_cost":"NONE","seed_source_timestamp":10277848938600,"circlet_count":0,"master_deck":["Strike_R","Strike_R","Strike_R","Defend_R","Defend_R","Bash+1","True Grit+1","Shrug It Off+1","Twin Strike","Shrug It Off","Body Slam+1","Heavy Blade","Uppercut+1","Limit Break","Rampage","Body Slam","Feel No Pain+1","Pommel Strike","Body Slam","Thunderclap"],"relics":["Burning Blood","Bottled Lightning","Oddly Smooth Stone","Mark of Pain","Frozen Egg 2","Shuriken","Paper Frog"],"potions_floor_usage":[16,16,22,23,23,28,28,31,33],"damage_taken":[{"damage":11,"enemies":"Jaw Worm","floor":1,"turns":2},{"damage":0,"enemies":"2 Louse","floor":2,"turns":3},{"damage":0,"enemies":"Small Slimes","floor":10,"turns":3},{"damage":28,"enemies":"Gremlin Nob","floor":11,"turns":4},{"damage":1,"enemies":"Exordium Wildlife","floor":13,"turns":4},{"damage":0,"enemies":"Large Slime","floor":14,"turns":4},{"damage":49,"enemies":"Slime Boss","floor":16,"turns":13},{"damage":18,"enemies":"2 Thieves","floor":18,"turns":5},{"damage":33,"enemies":"Spheric Guardian","floor":20,"turns":6},{"damage":11,"enemies":"Snecko","floor":22,"turns":5},{"damage":41,"enemies":"Slavers","floor":23,"turns":7},{"damage":46,"enemies":"Centurion and Healer","floor":28,"turns":6},{"damage":12,"enemies":"Cultist and Chosen","floor":31,"turns":8},{"damage":35,"enemies":"Collector","floor":33,"turns":3}],"seed_played":"-8151506695043176977","potions_obtained":[{"floor":2,"key":"Dexterity Potion"},{"floor":13,"key":"Poison Potion"},{"floor":14,"key":"Energy Potion"},{"floor":16,"key":"EntropicBrew"},{"floor":18,"key":"FearPotion"},{"floor":20,"key":"BloodPotion"},{"floor":31,"key":"AttackPotion"}],"is_trial":false,"path_per_floor":["M","M","$","?","$","R","?","R","T","M","E","R","M","M","R","B",null,"M","?","M","$","M","E","R","$","T","R","M","T","?","M","R"],"character_chosen":"IRONCLAD","items_purchased":["Twin Strike","Shrug It Off","Body Slam","Pommel Strike"],"campfire_rested":3,"item_purchase_floors":[3,5,21,25],"current_hp_per_floor":[75,80,80,69,69,69,69,69,69,75,53,53,58,64,64,21,80,68,68,41,41,44,9,33,33,33,57,17,17,17,11,35,0],"gold":45,"neow_bonus":"UPGRADE_CARD","is_prod":false,"is_daily":false,"chose_seed":false,"campfire_upgraded":4,"win_rate":0.0,"timestamp":1539927023,"path_taken":["M","M","$","?","$","R","?","R","T","M","E","R","M","?","R","BOSS","M","?","M","$","M","E","R","?","T","R","M","?","?","M","R","BOSS"],"build_version":"2018-10-18","purchased_purges":3,"victory":false,"max_hp_per_floor":[80,80,80,80,80,80,80,80,80,80,80,80,80,80,80,80,80,80,80,80,80,80,80,80,80,80,80,80,80,80,80,80,80],"card_choices":[{"not_picked":["Perfected Strike","Twin Strike"],"picked":"True Grit","floor":1},{"not_picked":["Body Slam","True Grit"],"picked":"Shrug It Off","floor":2},{"not_picked":["Armaments","Uppercut"],"picked":"Body Slam","floor":10},{"not_picked":["Combust","Wild Strike","Anger"],"picked":"SKIP","floor":11},{"not_picked":["Berserk","Carnage"],"picked":"Heavy Blade","floor":13},{"not_picked":["Armaments","Reckless Charge"],"picked":"Uppercut","floor":14},{"not_picked":["Barricade","Fiend Fire"],"picked":"Limit Break","floor":16},{"not_picked":["Headbutt","Hemokinesis","Iron Wave"],"picked":"SKIP","floor":18},{"not_picked":["Second Wind","Clash+1"],"picked":"Rampage","floor":20},{"not_picked":["Wild Strike+1","Dual Wield","Armaments"],"picked":"SKIP","floor":22},{"not_picked":["Anger","Heavy Blade"],"picked":"Feel No Pain","floor":23},{"not_picked":["Searing Blow","Twin Strike"],"picked":"Body Slam","floor":28},{"not_picked":["Armaments","Offering"],"picked":"Thunderclap","floor":31}],"player_experience":32327,"relics_obtained":[{"floor":9,"key":"Bottled Lightning"},{"floor":11,"key":"Oddly Smooth Stone"},{"floor":23,"key":"Frozen Egg 2"},{"floor":26,"key":"Shuriken"},{"floor":29,"key":"Paper Frog"}],"event_choices":[{"damage_healed":0,"gold_gain":75,"player_choice":"Gather Gold","damage_taken":11,"max_hp_gain":0,"max_hp_loss":0,"event_name":"World of Goop","floor":4,"gold_loss":0},{"cards_removed":["Defend_R"],"damage_healed":0,"gold_gain":0,"player_choice":"Forget","damage_taken":0,"max_hp_gain":0,"max_hp_loss":0,"event_name":"Living Wall","floor":7,"gold_loss":0},{"damage_healed":0,"gold_gain":100,"player_choice":"Bet on Murderer","damage_taken":0,"max_hp_gain":0,"max_hp_loss":0,"event_name":"The Joust","floor":19,"gold_loss":50},{"damage_healed":0,"gold_gain":0,"player_choice":"Ignored","damage_taken":0,"max_hp_gain":0,"max_hp_loss":0,"event_name":"Ghosts","floor":30,"gold_loss":0}],"is_beta":false,"boss_relics":[{"not_picked":["White Beast Statue","Coffee Dripper"],"picked":"Mark of Pain"}],"items_purged_floors":[3,21,25],"is_endless":false,"potions_floor_spawned":[2,13,14,16,18,20,31],"killed_by":"Collector","ascension_level":0}