{"gold_per_floor":[115,133,133,58,58,92,92,107,131,161,175,190,190,215,215,215],"floor_reached":16,"playtime":789,"items_purged":[],"score":268,"play_id":"4f79432f-0553-42d9-b47c-640df88f22c4","local_time":"20181223111639","is_ascension_mode":true,"campfire_choices":[{"data":"Zap","floor":7,"key":"SMITH"},{"floor":13,"key":"REST"},{"data":"Skim","floor":15,"key":"SMITH"}],"neow_cost":"NONE","seed_source_timestamp":0,"circlet_count":0,"master_deck":["AscendersBane","Strike_B","Strike_B","Strike_B","Defend_B","Defend_B+1","Defend_B","Defend_B","Zap+1","Dualcast","Gash+1","Seek","FTL","Leap","Steam","Gash","Skim+1"],"special_seed":0,"relics":["Cracked Core","NeowsBlessing","Omamori","Vajra","Shuriken","Anchor"],"potions_floor_usage":[10,14],"damage_taken":[{"damage":0.0,"enemies":"2 Louse","floor":1.0,"turns":1.0},{"damage":0.0,"enemies":"Small Slimes","floor":2.0,"turns":1.0},{"damage":0.0,"enemies":"Gremlin Nob","floor":6.0,"turns":1.0},{"damage":0,"enemies":"Cultist","floor":8,"turns":3},{"damage":20,"enemies":"3 Sentries","floor":10,"turns":7},{"damage":6,"enemies":"Looter","floor":11,"turns":3},{"damage":2,"enemies":"Blue Slaver","floor":12,"turns":3},{"damage":3,"enemies":"Lagavulin","floor":14,"turns":6},{"damage":42,"enemies":"Hexaghost","floor":16,"turns":9}],"seed_played":"3047289549173498143","potions_obtained":[{"floor":2.0,"key":"Block Potion"},{"floor":6,"key":"SpeedPotion"}],"is_trial":false,"path_per_floor":["M","M","?","?","?","E","E","R","M","T","E","M","M","R","E","R","B"],"character_chosen":"DEFECT","items_purchased":[],"campfire_rested":1,"item_purchase_floors":[],"current_hp_per_floor":[64,64,43,43,48,48,48,48,48,28,22,20,41,38,38,0],"gold":215,"neow_bonus":"THREE_ENEMY_KILL","is_prod":false,"is_daily":false,"chose_seed":false,"campfire_upgraded":2,"win_rate":0,"timestamp":1545581799,"path_taken":["M","M","?","?","?","E","R","M","T","E","M","?","R","E","R","BOSS"],"build_version":"2018-12-20","purchased_purges":0,"victory":false,"max_hp_per_floor":[71,71,71,71,71,71,71,71,71,71,71,71,71,71,71,71],"card_choices":[{"not_picked":["Beam Cell","Turbo"],"picked":"Barrage","floor":1.0},{"not_picked":["Streamline","Rebound"],"picked":"Gash","floor":2.0},{"not_picked":["Streamline","Lockon"],"picked":"Seek","floor":6},{"not_picked":["Beam Cell","Turbo"],"picked":"FTL","floor":8},{"not_picked":["Redo","Recycle"],"picked":"Leap","floor":10},{"not_picked":["Cold Snap","Beam Cell"],"picked":"Steam","floor":11},{"not_picked":["Turbo","Blizzard"],"picked":"Gash","floor":12},{"not_picked":["Cold Snap","Beam Cell"],"picked":"Skim","floor":14}],"player_experience":863866,"relics_obtained":[{"floor":6,"key":"Omamori"},{"floor":9,"key":"Vajra"},{"floor":10,"key":"Shuriken"},{"floor":14,"key":"Anchor"}],"event_choices":[{"damage_healed":0.0,"max_hp_gain":0.0,"max_hp_loss":0.0,"gold_gain":0.0,"event_name":"Shining Light","player_choice":"Entered Light","floor":3.0,"gold_loss":0.0,"damage_taken":21.0,"cards_upgraded":["Defend_B","Gash"]},{"cards_removed":["Strike_B"],"damage_healed":0.0,"max_hp_gain":0.0,"max_hp_loss":0.0,"gold_gain":0.0,"event_name":"The Cleric","player_choice":"Card Removal","floor":4.0,"gold_loss":75.0,"damage_taken":0.0},{"cards_removed":["Barrage"],"damage_healed":5.0,"max_hp_gain":0.0,"max_hp_loss":0.0,"gold_gain":0.0,"event_name":"Bonfire Elementals","player_choice":"Offered Common","floor":5.0,"gold_loss":0.0,"damage_taken":0.0},{"cards_removed":["Barrage"],"damage_healed":5.0,"max_hp_gain":0.0,"max_hp_loss":0.0,"gold_gain":0.0,"event_name":"Bonfire Elementals","player_choice":"Offered Special","floor":5.0,"gold_loss":0.0,"damage_taken":0.0}],"is_beta":false,"boss_relics":[],"items_purged_floors":[],"is_endless":false,"potions_floor_spawned":[2,6,8],"killed_by":"Hexaghost","ascension_level":17}