{"gold_per_floor":[115,126,126,139,139,139,154,174,229,241,241,274,274,309,309,409,409,429,439,439,439],"floor_reached":21,"playtime":1368,"items_purged":[],"score":220,"play_id":"ff061d12-1af0-4e36-9e3c-b1f58363ed33","local_time":"20190206170038","is_ascension_mode":true,"campfire_choices":[{"data":"Redo","floor":6,"key":"SMITH"},{"floor":11,"key":"RECALL"},{"floor":13,"key":"REST"},{"floor":15,"key":"REST"}],"neow_cost":"NONE","seed_source_timestamp":446627762917070,"circlet_count":0,"master_deck":["Strike_B+1","Strike_B","Strike_B","Defend_B","Defend_B","Defend_B","Defend_B","Zap","Dualcast","Redo+1","Cold Snap","Conserve Battery+1","Redo","Redo","Ball Lightning","Blizzard+1","Self Repair","Amplify","Steam","Conserve Battery+1"],"relics":["Cracked Core","Mummified Hand","Whetstone","Cursed Key"],"potions_floor_usage":[21],"damage_taken":[{"damage":0,"enemies":"Small Slimes","floor":1,"turns":4},{"damage":0,"enemies":"2 Louse","floor":2,"turns":3},{"damage":0,"enemies":"Cultist","floor":4,"turns":3},{"damage":0,"enemies":"Looter","floor":7,"turns":3},{"damage":29,"enemies":"Lots of Slimes","floor":8,"turns":4},{"damage":0,"enemies":"2 Fungi Beasts","floor":10,"turns":3},{"damage":31,"enemies":"3 Sentries","floor":12,"turns":8},{"damage":16,"enemies":"Lagavulin","floor":14,"turns":6},{"damage":45,"enemies":"The Guardian","floor":16,"turns":12},{"damage":30,"enemies":"Chosen","floor":18,"turns":6},{"damage":36,"enemies":"2 Thieves","floor":19,"turns":4},{"damage":56,"enemies":"Chosen and Byrds","floor":21,"turns":6}],"seed_played":"5909105353760641466","potions_obtained":[{"floor":7,"key":"FearPotion"},{"floor":8,"key":"SteroidPotion"},{"floor":12,"key":"EssenceOfSteel"},{"floor":16,"key":"Fire Potion"},{"floor":19,"key":"Dexterity Potion"}],"is_trial":false,"path_per_floor":["M","M","?","M","?","R","M","M","T","M","R","E","R","E","R","B",null,"M","M","?","M"],"character_chosen":"DEFECT","items_purchased":[],"campfire_rested":2,"item_purchase_floors":[],"current_hp_per_floor":[82,82,87,87,80,80,80,51,51,51,51,20,46,30,56,18,87,71,42,42,0],"gold":439,"neow_bonus":"TEN_PERCENT_HP_BONUS","is_prod":false,"is_daily":false,"chose_seed":false,"campfire_upgraded":1,"win_rate":0,"timestamp":1549468838,"path_taken":["M","M","?","M","?","R","M","M","T","M","R","E","R","E","R","BOSS","M","M","?","M"],"build_version":"2019-01-23","purchased_purges":0,"victory":false,"max_hp_per_floor":[82,82,87,87,87,87,87,87,87,87,87,87,87,87,87,87,87,87,87,87,87],"card_choices":[{"not_picked":["Streamline","Conserve Battery"],"picked":"Redo","floor":1},{"not_picked":["Barrage","Self Repair"],"picked":"Cold Snap","floor":2},{"not_picked":["Rebound","Go for the Eyes"],"picked":"Conserve Battery","floor":4},{"not_picked":["Reprogram","Streamline"],"picked":"Redo","floor":7},{"not_picked":["Hello World","Heatsinks"],"picked":"Redo","floor":8},{"not_picked":["Reinforced Body","Stack"],"picked":"Ball Lightning","floor":10},{"not_picked":["Redo","Gash"],"picked":"Blizzard","floor":12},{"not_picked":["Conserve Battery","Gash"],"picked":"Self Repair","floor":14},{"not_picked":["Machine Learning","Hyperbeam"],"picked":"Amplify","floor":16},{"not_picked":["Beam Cell","Ball Lightning"],"picked":"Steam","floor":18},{"not_picked":["Rip and Tear","Double Energy"],"picked":"Conserve Battery+1","floor":19}],"player_experience":590540,"relics_obtained":[{"floor":12,"key":"Mummified Hand"},{"floor":14,"key":"Whetstone"}],"event_choices":[{"damage_healed":0,"gold_gain":0,"player_choice":"Donut","damage_taken":0,"max_hp_gain":5,"max_hp_loss":0,"event_name":"Big Fish","floor":3,"gold_loss":0},{"cards_removed":["Strike_B"],"damage_healed":0,"gold_gain":0,"player_choice":"Card Removal","damage_taken":7,"max_hp_gain":0,"max_hp_loss":0,"event_name":"Golden Wing","floor":5,"gold_loss":0},{"damage_healed":0,"gold_gain":0,"player_choice":"Forge","damage_taken":0,"max_hp_gain":0,"max_hp_loss":0,"event_name":"Accursed Blacksmith","floor":20,"gold_loss":0,"cards_upgraded":["Conserve Battery"]}],"is_beta":false,"boss_relics":[{"not_picked":["Calling Bell","Eternal Feather"],"picked":"Cursed Key"}],"items_purged_floors":[],"is_endless":false,"potions_floor_spawned":[7,8,12,16,19],"killed_by":"Chosen and Byrds","ascension_level":3}