{"gold_per_floor":[110,122,122,3,23,39,39,58,110,110,110,110,30,58,58,156,156,174,20,120,120,120,120,149,149,149,161,76,107,107,134,134,233,233,245,245,257,270,13,13,38,38,84,84,100,17,17,31,31,31,31,31,31,66,66],"floor_reached":56,"playtime":6677,"items_purged":["Strike_G","Strike_G","Defend_G","Defend_G"],"score":1204,"play_id":"bb666efb-f6d8-40af-9fb3-f6bce3305f64","local_time":"20190113144657","is_ascension_mode":false,"campfire_choices":[{"data":"Neutralize","floor":7,"key":"SMITH"},{"data":"Footwork","floor":10,"key":"SMITH"},{"data":"Cloak And Dagger","floor":12,"key":"SMITH"},{"data":"Deflect","floor":15,"key":"SMITH"},{"floor":23,"key":"REST"},{"data":"Tools of the Trade","floor":25,"key":"SMITH"},{"floor":32,"key":"REST"},{"data":"Adrenaline","floor":40,"key":"SMITH"},{"floor":42,"key":"RECALL"},{"data":"Noxious Fumes","floor":44,"key":"SMITH"},{"data":"Footwork","floor":49,"key":"SMITH"},{"data":"Caltrops","floor":52,"key":"SMITH"}],"neow_cost":"TEN_PERCENT_HP_LOSS","seed_source_timestamp":11150743740900,"circlet_count":0,"master_deck":["Defend_G","Defend_G","Survivor","Neutralize+1","Backflip","Deflect+1","Well Laid Plans","Cloak And Dagger+1","Footwork+1","Dagger Spray","Backstab","Tools of the Trade+1","Noxious Fumes+1","Caltrops+1","Dodge and Roll","PiercingWail+1","All Out Attack+1","Infinite Blades+1","Adrenaline+1","Acrobatics","Footwork+1","Deadly Poison","Deadly Poison","Predator","Deadly Poison"],"relics":["Ring of the Snake","The Courier","Ancient Tea Set","Centennial Puzzle","Empty Cage","Tough Bandages","Darkstone Periapt","Snake Skull","Bag of Preparation","Strawberry","Ice Cream","Happy Flower","Pen Nib","WristBlade","Mummified Hand","Oddly Smooth Stone","Incense Burner","Calipers"],"potions_floor_usage":[14,16,16,20,33,41,48,50,50],"damage_taken":[{"damage":1,"enemies":"Cultist","floor":1,"turns":4},{"damage":0,"enemies":"Jaw Worm","floor":2,"turns":6},{"damage":0,"enemies":"Small Slimes","floor":5,"turns":6},{"damage":1,"enemies":"2 Fungi Beasts","floor":6,"turns":7},{"damage":0,"enemies":"Large Slime","floor":8,"turns":12},{"damage":24,"enemies":"Gremlin Nob","floor":14,"turns":8},{"damage":33,"enemies":"Slime Boss","floor":16,"turns":23},{"damage":0,"enemies":"Chosen","floor":18,"turns":8},{"damage":8,"enemies":"Colosseum Slavers","floor":20,"turns":5},{"damage":58,"enemies":"Colosseum Nobs","floor":20,"turns":7},{"damage":0,"enemies":"Book of Stabbing","floor":24,"turns":7},{"damage":7,"enemies":"2 Thieves","floor":27,"turns":4},{"damage":2,"enemies":"Gremlin Leader","floor":29,"turns":6},{"damage":6,"enemies":"Slavers","floor":31,"turns":5},{"damage":14,"enemies":"Collector","floor":33,"turns":11},{"damage":3,"enemies":"Orb Walker","floor":35,"turns":3},{"damage":10,"enemies":"3 Darklings","floor":37,"turns":4},{"damage":0,"enemies":"Sphere and 2 Shapes","floor":38,"turns":4},{"damage":0,"enemies":"Giant Head","floor":41,"turns":8},{"damage":0,"enemies":"4 Shapes","floor":45,"turns":3},{"damage":0,"enemies":"3 Darklings","floor":48,"turns":4},{"damage":34,"enemies":"Awakened One","floor":50,"turns":12},{"damage":6,"enemies":"Shield and Spear","floor":54,"turns":5},{"damage":15,"enemies":"The Heart","floor":55,"turns":10}],"seed_played":"4369647395951403221","potions_obtained":[{"floor":2,"key":"Strength Potion"},{"floor":5,"key":"GhostInAJar"},{"floor":6,"key":"Weak Potion"},{"floor":8,"key":"GamblersBrew"},{"floor":18,"key":"Regen Potion"},{"floor":27,"key":"FearPotion"},{"floor":38,"key":"FearPotion"},{"floor":45,"key":"Weak Potion"}],"is_trial":false,"path_per_floor":["M","M","?","$","M","M","R","M","T","R","?","R","$","E","R","B",null,"M","$","?","?","?","R","E","R","T","M","?","E","T","E","R","B",null,"M","?","M","M","$","R","E","R","T","R","M","$","T","M","R","B",null,"R","$","E","B",null],"character_chosen":"THE_SILENT","items_purchased":["Well Laid Plans","Caltrops","Footwork","Deadly Poison","Block Potion","Deadly Poison","Explosive Potion"],"campfire_rested":2,"item_purchase_floors":[4,19,39,39,39,46,46],"current_hp_per_floor":[62,62,62,62,62,61,61,61,61,61,58,58,58,34,34,1,63,63,63,5,5,5,23,23,23,23,16,23,21,21,15,36,22,70,67,67,57,57,57,57,57,57,57,57,57,57,57,57,57,23,70,70,70,64,49],"gold":66,"neow_bonus":"REMOVE_TWO","is_prod":false,"is_daily":false,"chose_seed":false,"campfire_upgraded":9,"win_rate":0,"timestamp":1547362017,"path_taken":["M","M","?","$","?","M","R","M","T","R","?","R","$","E","R","BOSS","M","$","?","?","?","R","E","R","T","M","?","E","?","E","R","BOSS","M","?","M","M","$","R","E","R","T","R","M","$","?","M","R","BOSS","R","$","E","BOSS"],"build_version":"2019-01-10","purchased_purges":4,"victory":true,"max_hp_per_floor":[63,63,63,63,63,63,63,63,63,63,63,63,63,63,63,63,63,63,63,63,63,63,63,63,63,63,63,70,70,70,70,70,70,70,70,70,70,70,70,70,70,70,70,70,70,70,70,70,70,70,70,70,70,70,70],"card_choices":[{"not_picked":["Outmaneuver","Bane"],"picked":"Backflip","floor":1},{"not_picked":["Expertise","Concentrate"],"picked":"Deflect","floor":2},{"not_picked":["Quick Slash","Flying Knee"],"picked":"Cloak And Dagger","floor":5},{"not_picked":["Infinite Blades","Deflect"],"picked":"Footwork","floor":6},{"not_picked":["Terror","Eviscerate"],"picked":"Dagger Spray","floor":8},{"not_picked":["Backflip","PiercingWail"],"picked":"Backstab","floor":14},{"not_picked":["After Image","Night Terror"],"picked":"Tools of the Trade","floor":16},{"not_picked":["PiercingWail+1","Blade Dance+1"],"picked":"Noxious Fumes","floor":18},{"not_picked":["Dagger Spray","Expertise"],"picked":"Dodge and Roll","floor":20},{"not_picked":["Caltrops","Dagger Spray"],"picked":"PiercingWail+1","floor":24},{"not_picked":["Poisoned Stab","Wraith Form v2"],"picked":"All Out Attack+1","floor":27},{"not_picked":["Flying Knee","Poisoned Stab+1"],"picked":"Infinite Blades+1","floor":29},{"not_picked":["Die Die Die","Quick Slash","Masterful Stab"],"picked":"SKIP","floor":31},{"not_picked":["Storm of Steel","Doppelganger"],"picked":"Adrenaline","floor":33},{"not_picked":["Flying Knee+1","Deflect+1"],"picked":"Acrobatics","floor":35},{"not_picked":["Quick Slash","Slice","Underhanded Strike+1"],"picked":"SKIP","floor":37},{"not_picked":["Underhanded Strike","Blade Dance+1","Deflect"],"picked":"SKIP","floor":38},{"not_picked":["Slice","Dagger Spray"],"picked":"Deadly Poison","floor":41},{"not_picked":["Eviscerate","Masterful Stab+1"],"picked":"Predator","floor":45},{"not_picked":["Leg Sweep+1","Noxious Fumes","Acrobatics+1"],"picked":"SKIP","floor":48},{"not_picked":["Doppelganger","PiercingWail+1","Caltrops"],"picked":"SKIP","floor":54}],"player_experience":234725,"relics_obtained":[{"floor":14,"key":"Centennial Puzzle"},{"floor":20,"key":"Tough Bandages"},{"floor":20,"key":"Darkstone Periapt"},{"floor":24,"key":"Snake Skull"},{"floor":26,"key":"Bag of Preparation"},{"floor":29,"key":"Ice Cream"},{"floor":30,"key":"Happy Flower"},{"floor":31,"key":"Pen Nib"},{"floor":41,"key":"Mummified Hand"},{"floor":43,"key":"Oddly Smooth Stone"},{"floor":47,"key":"Incense Burner"},{"floor":54,"key":"Calipers"}],"event_choices":[{"damage_healed":0,"gold_gain":0,"player_choice":"Gave Potion","damage_taken":0,"relics_obtained":["The Courier"],"max_hp_gain":0,"max_hp_loss":0,"event_name":"WeMeetAgain","floor":3,"gold_loss":0},{"damage_healed":0,"gold_gain":0,"player_choice":"Success","damage_taken":3,"relics_obtained":["Ancient Tea Set"],"max_hp_gain":0,"max_hp_loss":0,"event_name":"Scrap Ooze","floor":11,"gold_loss":0},{"damage_healed":0,"gold_gain":0,"player_choice":"Fight","damage_taken":0,"max_hp_gain":0,"max_hp_loss":0,"event_name":"Colosseum","floor":20,"gold_loss":0},{"damage_healed":0,"gold_gain":0,"player_choice":"Fought Nobs","damage_taken":0,"max_hp_gain":0,"max_hp_loss":0,"event_name":"Colosseum","floor":20,"gold_loss":0},{"damage_healed":0,"gold_gain":0,"player_choice":"Ignored","damage_taken":0,"max_hp_gain":0,"max_hp_loss":0,"event_name":"Cursed Tome","floor":21,"gold_loss":0},{"damage_healed":0,"gold_gain":0,"player_choice":"Ignored","damage_taken":0,"max_hp_gain":0,"max_hp_loss":0,"event_name":"Ghosts","floor":22,"gold_loss":0},{"damage_healed":0,"gold_gain":0,"player_choice":"Obtained Relic","damage_taken":0,"relics_obtained":["Strawberry"],"max_hp_gain":0,"max_hp_loss":0,"event_name":"Addict","floor":28,"gold_loss":85},{"damage_healed":0,"gold_gain":0,"player_choice":"Ignored","damage_taken":0,"max_hp_gain":0,"max_hp_loss":0,"event_name":"SecretPortal","floor":36,"gold_loss":0}],"is_beta":false,"boss_relics":[{"not_picked":["Ring of the Serpent","Cursed Key"],"picked":"Empty Cage"},{"not_picked":["Orrery","HoveringKite"],"picked":"WristBlade"}],"items_purged_floors":[4,13,19,39],"is_endless":false,"potions_floor_spawned":[2,5,6,8,18,20,27,38,45],"ascension_level":0}