{"gold_per_floor":[144,94,169,169,169,244,342,342,342,391,440,3,3,52,52,377,377,426,475,475,475,475,475,475,524,524,585,597,609],"floor_reached":29,"playtime":1250,"items_purged":[],"score":398,"play_id":"706d7de9-ec7f-47dc-9485-81c898dbffb1","local_time":"20190201132302","daily_mods":["Insanity","Hoarder","Midas"],"is_ascension_mode":false,"campfire_choices":[{"floor":8,"key":"REST"},{"floor":15,"key":"REST"},{"floor":23,"key":"REST"}],"neow_cost":"","seed_source_timestamp":0,"circlet_count":0,"master_deck":["Dagger Spray","Outmaneuver","Poisoned Stab","Crippling Poison","Underhanded Strike","Distraction","Underhanded Strike","Prepared","Dodge and Roll","Deadly Poison","Flechettes","Outmaneuver","Dodge and Roll","Accuracy","Bouncing Flask","Dagger Spray","Underhanded Strike","Poisoned Stab","Sucker Punch","Terror","Crippling Poison","Slice","Deflect","Dodge and Roll","Underhanded Strike","Deadly Poison","Prepared","Slice","Acrobatics","Underhanded Strike","Quick Slash","Blade Dance","Endless Agony","Flechettes","Escape Plan","Bane","Cloak And Dagger","Accuracy","Acrobatics","Dodge and Roll","Backflip","Prepared","Outmaneuver","Endless Agony","Sucker Punch","Backflip","Backflip","Backflip","Metamorphosis","Metamorphosis","Metamorphosis","Escape Plan","Escape Plan","Escape Plan","Panacea","Panacea","Panacea","Well Laid Plans","Well Laid Plans","Well Laid Plans","Cloak And Dagger+1","Cloak And Dagger+1","Cloak And Dagger+1","Flying Knee","Flying Knee","Flying Knee","Backflip+1","Backflip+1","Backflip+1"],"special_seed":17928,"relics":["Ring of the Snake","Golden Idol","Paper Crane","Bottled Tornado","Bird Faced Urn","Empty Cage","MutagenicStrength","MawBank"],"potions_floor_usage":[18,25,28,29],"damage_taken":[{"damage":0,"enemies":"2 Louse","floor":1,"turns":2},{"damage":5,"enemies":"3 Sentries","floor":7,"turns":5},{"damage":0,"enemies":"Small Slimes","floor":10,"turns":2},{"damage":2,"enemies":"Cultist","floor":11,"turns":3},{"damage":24,"enemies":"2 Fungi Beasts","floor":14,"turns":3},{"damage":66,"enemies":"The Guardian","floor":16,"turns":8},{"damage":11,"enemies":"3 Byrds","floor":18,"turns":5},{"damage":24,"enemies":"Spheric Guardian","floor":19,"turns":4},{"damage":45,"enemies":"3 Cultists","floor":25,"turns":6},{"damage":24,"enemies":"Snake Plant","floor":27,"turns":5},{"damage":0,"enemies":"Snecko","floor":28,"turns":1},{"damage":13,"enemies":"Sentry and Sphere","floor":29,"turns":3}],"seed_played":"4077721088213470918","potions_obtained":[{"floor":7,"key":"LiquidBronze"},{"floor":10,"key":"EssenceOfSteel"},{"floor":19,"key":"Explosive Potion"},{"floor":27,"key":"SmokeBomb"}],"is_trial":false,"path_per_floor":["M","?","?","?","?","T","E","R","T","M","M","$","?","M","R","B",null,"M","M","?","?","?","R","?","M","T","M","M","M"],"character_chosen":"THE_SILENT","items_purchased":["Metamorphosis","Escape Plan","Panacea","Well Laid Plans"],"campfire_rested":3,"item_purchase_floors":[12,12,12,12],"current_hp_per_floor":[70,70,59,42,47,47,42,64,64,66,66,66,66,46,68,6,75,66,44,44,44,44,66,66,25,25,5,5,0],"gold":609,"neow_bonus":"","is_prod":false,"is_daily":true,"chose_seed":false,"campfire_upgraded":0,"win_rate":0,"timestamp":1548998582,"path_taken":["M","?","?","?","?","?","E","R","T","?","M","$","?","M","R","BOSS","M","M","?","?","?","R","?","M","T","M","?","?"],"build_version":"2019-01-23","purchased_purges":0,"victory":false,"max_hp_per_floor":[70,70,70,70,75,75,75,75,75,75,75,75,75,75,75,75,75,75,75,75,75,75,75,75,75,75,75,75,75],"card_choices":[{"not_picked":["Leg Sweep","Sucker Punch"],"picked":"Backflip","floor":1},{"not_picked":["Blade Dance","Riddle With Holes","Flying Knee"],"picked":"SKIP","floor":7},{"not_picked":["Deflect","Bane","Catalyst"],"picked":"SKIP","floor":10},{"not_picked":["Terror","Deadly Poison","Eviscerate"],"picked":"SKIP","floor":11},{"not_picked":["Poisoned Stab","Eviscerate","Calculated Gamble"],"picked":"SKIP","floor":14},{"not_picked":["Slice+1","PiercingWail"],"picked":"Cloak And Dagger+1","floor":18},{"not_picked":["Dagger Throw","Prepared","Predator"],"picked":"SKIP","floor":19},{"not_picked":["Calculated Gamble","Dagger Throw","Bane"],"picked":"SKIP","floor":25},{"not_picked":["Predator","Dagger Spray"],"picked":"Backflip+1","floor":27}],"player_experience":316198,"relics_obtained":[{"floor":6,"key":"Paper Crane"},{"floor":7,"key":"Bottled Tornado"},{"floor":9,"key":"Bird Faced Urn"},{"floor":26,"key":"MawBank"}],"event_choices":[{"cards_removed":["Flying Knee"],"damage_healed":0,"gold_gain":0,"player_choice":"Card Removal","damage_taken":0,"max_hp_gain":0,"max_hp_loss":0,"event_name":"The Cleric","floor":2,"gold_loss":50},{"damage_healed":0,"gold_gain":75,"player_choice":"Gather Gold","damage_taken":11,"max_hp_gain":0,"max_hp_loss":0,"event_name":"World of Goop","floor":3,"gold_loss":0},{"damage_healed":0,"gold_gain":0,"player_choice":"Take Damage","damage_taken":17,"relics_obtained":["Golden Idol"],"max_hp_gain":0,"max_hp_loss":0,"event_name":"Golden Idol","floor":4,"gold_loss":0},{"damage_healed":0,"gold_gain":0,"player_choice":"Donut","damage_taken":0,"max_hp_gain":5,"max_hp_loss":0,"event_name":"Big Fish","floor":5,"gold_loss":0},{"damage_healed":0,"gold_gain":0,"player_choice":"Ignored","damage_taken":0,"max_hp_gain":0,"max_hp_loss":0,"event_name":"Liars Game","floor":13,"gold_loss":0},{"cards_removed":["Flying Knee"],"damage_healed":0,"gold_gain":0,"player_choice":"Elegance","damage_taken":0,"max_hp_gain":0,"max_hp_loss":0,"event_name":"Back to Basics","floor":20,"gold_loss":0},{"damage_healed":0,"gold_gain":0,"player_choice":"Inject Mutagens","damage_taken":0,"relics_obtained":["MutagenicStrength"],"max_hp_gain":0,"max_hp_loss":0,"event_name":"Drug Dealer","floor":21,"gold_loss":0},{"damage_healed":0,"gold_gain":0,"player_choice":"Ignored","damage_taken":0,"max_hp_gain":0,"max_hp_loss":0,"event_name":"The Mausoleum","floor":22,"gold_loss":0},{"damage_healed":0,"gold_gain":0,"cards_transformed":["Outmaneuver"],"player_choice":"Transformed","damage_taken":0,"max_hp_gain":0,"max_hp_loss":0,"event_name":"Transmorgrifier","floor":24,"gold_loss":0,"cards_obtained":["Flying Knee"]}],"is_beta":false,"boss_relics":[{"not_picked":["Black Star","Ring of the Serpent"],"picked":"Empty Cage"}],"items_purged_floors":[],"is_endless":false,"potions_floor_spawned":[7,10,19,27],"killed_by":"Sentry and Sphere","ascension_level":0}