{"gold_per_floor":[112,122,30,49,67,97,97,124,150,169,169,182,205,2,2,104,104,116,116,100,117,133,133],"floor_reached":23,"playtime":1297,"items_purged":[],"score":205,"play_id":"dc9a3be5-13c2-4a5e-b8d2-add3cc2088bc","local_time":"20190203215408","is_ascension_mode":false,"campfire_choices":[{"floor":7,"key":"REST"},{"floor":11,"key":"REST"},{"floor":15,"key":"REST"}],"neow_cost":"NONE","seed_source_timestamp":12977092507300,"circlet_count":0,"master_deck":["Strike_B","Strike_B","Strike_B","Strike_B","Defend_B","Defend_B","Defend_B","Defend_B","Zap","Dualcast","Turbo","Cold Snap","Panacea","Beam Cell","Barrage","Conserve Battery","Genetic Algorithm","Coolheaded","Cold Snap+1","Go for the Eyes+1","Ball Lightning+1","Buffer","Steam+1","Sweeping Beam+1","Capacitor"],"relics":["Cracked Core","PreservedInsect","Molten Egg 2","Happy Flower","Regal Pillow","Odd Mushroom","Art of War","Velvet Choker"],"potions_floor_usage":[6,10,13,21],"damage_taken":[{"damage":10,"enemies":"Cultist","floor":1,"turns":4},{"damage":1,"enemies":"Jaw Worm","floor":2,"turns":3},{"damage":12,"enemies":"Small Slimes","floor":4,"turns":4},{"damage":23,"enemies":"Exordium Thugs","floor":5,"turns":4},{"damage":18,"enemies":"Gremlin Nob","floor":6,"turns":3},{"damage":27,"enemies":"3 Sentries","floor":8,"turns":7},{"damage":1,"enemies":"3 Louse","floor":10,"turns":2},{"damage":9,"enemies":"Large Slime","floor":12,"turns":5},{"damage":4,"enemies":"The Mushroom Lair","floor":13,"turns":5},{"damage":37,"enemies":"Hexaghost","floor":16,"turns":10},{"damage":0,"enemies":"Spheric Guardian","floor":18,"turns":4},{"damage":14,"enemies":"2 Thieves","floor":20,"turns":4},{"damage":25,"enemies":"Snake Plant","floor":21,"turns":6},{"damage":5,"enemies":"Shelled Parasite and Fungi","floor":22,"turns":6},{"damage":32,"enemies":"Slavers","floor":23,"turns":3}],"seed_played":"-368378034699648330","potions_obtained":[{"floor":2,"key":"PowerPotion"},{"floor":8,"key":"AttackPotion"},{"floor":10,"key":"Energy Potion"},{"floor":12,"key":"Ancient Potion"},{"floor":20,"key":"EssenceOfSteel"}],"is_trial":false,"path_per_floor":["M","M","$","M","M","E","R","E","T","M","R","M","?","$","R","B",null,"M","?","M","M","M","E"],"character_chosen":"DEFECT","items_purchased":["Panacea","Art of War","Ball Lightning+1"],"campfire_rested":3,"item_purchase_floors":[3,14,14],"current_hp_per_floor":[65,64,64,52,29,11,33,6,6,5,42,33,29,29,66,29,75,75,75,61,36,31,0],"gold":133,"neow_bonus":"RANDOM_COMMON_RELIC","is_prod":false,"is_daily":false,"chose_seed":false,"campfire_upgraded":0,"win_rate":0,"timestamp":1549202048,"path_taken":["M","M","?","M","M","E","R","E","T","M","R","M","?","$","R","BOSS","M","?","M","M","?","E"],"build_version":"2019-01-23","purchased_purges":0,"victory":false,"max_hp_per_floor":[75,75,75,75,75,75,75,75,75,75,75,75,75,75,75,75,75,75,75,75,75,75,75],"card_choices":[{"not_picked":["Sweeping Beam","Leap"],"picked":"Turbo","floor":1},{"not_picked":["Streamline","Blizzard"],"picked":"Cold Snap","floor":2},{"not_picked":["Sweeping Beam","Barrage"],"picked":"Beam Cell","floor":4},{"not_picked":["Hello World","Turbo"],"picked":"Barrage","floor":5},{"not_picked":["Recycle","Amplify"],"picked":"Conserve Battery","floor":6},{"not_picked":["Blizzard+1","Hello World"],"picked":"Genetic Algorithm","floor":8},{"not_picked":["Streamline+1","Lockon+1"],"picked":"Coolheaded","floor":10},{"not_picked":["Streamline+1","Go for the Eyes+1"],"picked":"Cold Snap+1","floor":12},{"not_picked":["Leap","Gash+1"],"picked":"Go for the Eyes+1","floor":13},{"not_picked":["Core Surge+1","All For One+1"],"picked":"Buffer","floor":16},{"not_picked":["Recycle","Rebound+1","Redo"],"picked":"SKIP","floor":18},{"not_picked":["Recycle","Rebound+1","Redo"],"picked":"SKIP","floor":18},{"not_picked":["Loop","Aggregate"],"picked":"Steam+1","floor":20},{"not_picked":["Rebound+1","Barrage+1"],"picked":"Sweeping Beam+1","floor":21},{"not_picked":["Beam Cell+1","Lockon+1"],"picked":"Capacitor","floor":22}],"player_experience":328065,"relics_obtained":[{"floor":6,"key":"Molten Egg 2"},{"floor":8,"key":"Happy Flower"},{"floor":9,"key":"Regal Pillow"},{"floor":13,"key":"Odd Mushroom"}],"event_choices":[{"damage_healed":0,"gold_gain":0,"player_choice":"Fought Mushrooms","damage_taken":0,"max_hp_gain":0,"max_hp_loss":0,"event_name":"Mushrooms","floor":13,"gold_loss":0},{"damage_healed":0,"gold_gain":0,"player_choice":"Ignored","damage_taken":0,"max_hp_gain":0,"max_hp_loss":0,"event_name":"NoteForYourself","floor":19,"gold_loss":0}],"is_beta":false,"boss_relics":[{"not_picked":["Orrery","Philosopher\u0027s Stone"],"picked":"Velvet Choker"}],"items_purged_floors":[],"is_endless":false,"potions_floor_spawned":[2,8,10,12,20],"killed_by":"Slavers","ascension_level":0}