{"gold_per_floor":[15,35,45,57,73,73,101,121,146,165,165,165,194,194,194,292,292,308,70,82,82,82,116,116],"floor_reached":24,"playtime":3157,"items_purged":["Strike_B"],"score":228,"play_id":"b32dc136-41fc-436c-96a0-1d48fc81a5e3","local_time":"20181023110116","is_ascension_mode":false,"campfire_choices":[{"data":"Zap","floor":6.0,"key":"SMITH"},{"data":"Barrage","floor":12.0,"key":"SMITH"},{"floor":15,"key":"REST"}],"neow_cost":"NO_GOLD","seed_source_timestamp":0,"circlet_count":0,"master_deck":["Strike_B","Strike_B","Defend_B","Defend_B","Defend_B","Defend_B","Zap+1","Dualcast","Conserve Battery","Coolheaded","Coolheaded","All For One","Go for the Eyes","Barrage+1","Gash","Capacitor","Decay","Steam+1","Biased Cognition","Storm","Defragment","Flash of Steel","Loop+1","Static Discharge+1"],"special_seed":0,"relics":["Cracked Core","Question Card","Oddly Smooth Stone","Toxic Egg 2","Mummified Hand","White Beast Statue","Bag of Marbles"],"potions_floor_usage":[],"damage_taken":[{"damage":6.0,"enemies":"Jaw Worm","floor":1.0,"turns":3.0},{"damage":1.0,"enemies":"Cultist","floor":2.0,"turns":4.0},{"damage":0.0,"enemies":"Small Slimes","floor":3.0,"turns":4.0},{"damage":19.0,"enemies":"Exordium Wildlife","floor":4.0,"turns":9.0},{"damage":1.0,"enemies":"Blue Slaver","floor":5.0,"turns":4.0},{"damage":18.0,"enemies":"3 Sentries","floor":7.0,"turns":11.0},{"damage":3.0,"enemies":"2 Fungi Beasts","floor":8.0,"turns":3.0},{"damage":0.0,"enemies":"Looter","floor":10.0,"turns":3.0},{"damage":12,"enemies":"Lagavulin","floor":13,"turns":6},{"damage":44,"enemies":"The Guardian","floor":16,"turns":11},{"damage":0,"enemies":"Shell Parasite","floor":18,"turns":6},{"damage":8,"enemies":"Spheric Guardian","floor":20,"turns":6},{"damage":62,"enemies":"Slavers","floor":23,"turns":7},{"damage":34,"enemies":"Cultist and Chosen","floor":24,"turns":4}],"seed_played":"-5991368696767858496","potions_obtained":[{"floor":2.0,"key":"Fire Potion"},{"floor":5.0,"key":"Weak Potion"},{"floor":18,"key":"EssenceOfSteel"},{"floor":20,"key":"PowerPotion"}],"is_trial":false,"path_per_floor":["M","M","M","M","M","R","E","M","T","M","?","R","E","T","R","B",null,"M","$","M","?","?","E"],"character_chosen":"DEFECT","items_purchased":["Defragment","Flash of Steel"],"campfire_rested":1,"item_purchase_floors":[19,19],"current_hp_per_floor":[83,82,82,63,62,62,44,41,41,41,41,41,29,29,55,11,89,89,89,81,81,81,19,0],"gold":116,"neow_bonus":"TWENTY_PERCENT_HP_BONUS","is_prod":false,"is_daily":false,"chose_seed":false,"campfire_upgraded":2,"win_rate":0.0,"timestamp":1540306876,"path_taken":["M","M","M","M","M","R","E","M","T","M","?","R","E","?","R","BOSS","M","$","M","?","?","E","M"],"build_version":"2018-10-18","purchased_purges":1,"victory":false,"max_hp_per_floor":[89,89,89,89,89,89,89,89,89,89,89,89,89,89,89,89,89,89,89,89,89,89,89,89],"card_choices":[{"not_picked":["Barrage","Rebound"],"picked":"Conserve Battery","floor":1.0},{"not_picked":["Blizzard","Streamline"],"picked":"Coolheaded","floor":2.0},{"not_picked":["Turbo","Steam Power"],"picked":"Coolheaded","floor":3.0},{"not_picked":["Coolheaded","Sweeping Beam"],"picked":"All For One","floor":4.0},{"not_picked":["Ball Lightning","Darkness"],"picked":"Go for the Eyes","floor":5.0},{"not_picked":["Cold Snap","Hologram"],"picked":"Barrage","floor":7.0},{"not_picked":["Glacier","Ball Lightning","Sweeping Beam"],"picked":"Gash","floor":8.0},{"not_picked":["Rip and Tear","Barrage","Turbo"],"picked":"Capacitor","floor":10.0},{"not_picked":["Reboot","Coolheaded","Steam Power"],"picked":"Steam","floor":13},{"not_picked":["Machine Learning","Meteor Strike","Buffer"],"picked":"Biased Cognition","floor":16},{"not_picked":["Beam Cell","Heatsinks+1","Compile Driver+1"],"picked":"Storm","floor":18},{"not_picked":["Tempest+1","Lockon+1","Hologram+1"],"picked":"Loop+1","floor":20},{"not_picked":["Conserve Battery+1","Cold Snap+1","Undo+1"],"picked":"Static Discharge+1","floor":23}],"player_experience":38902,"relics_obtained":[{"floor":7.0,"key":"Question Card"},{"floor":9.0,"key":"Oddly Smooth Stone"},{"floor":13,"key":"Toxic Egg 2"},{"floor":14,"key":"Mummified Hand"},{"floor":23,"key":"Bag of Marbles"}],"event_choices":[{"damage_healed":0.0,"max_hp_gain":0.0,"max_hp_loss":0.0,"gold_gain":0.0,"event_name":"Wheel of Change","player_choice":"Cursed","floor":11.0,"gold_loss":0.0,"damage_taken":0.0,"cards_obtained":["Decay"]},{"damage_healed":0,"gold_gain":0,"player_choice":"Ignored","damage_taken":0,"max_hp_gain":0,"max_hp_loss":0,"event_name":"The Mausoleum","floor":21,"gold_loss":0},{"cards_removed":["Strike_B"],"damage_healed":0,"gold_gain":0,"player_choice":"Elegance","damage_taken":0,"max_hp_gain":0,"max_hp_loss":0,"event_name":"Back to Basics","floor":22,"gold_loss":0}],"is_beta":false,"boss_relics":[{"not_picked":["Fusion Hammer","Velvet Choker"],"picked":"White Beast Statue"}],"items_purged_floors":[19],"is_endless":false,"potions_floor_spawned":[2,5,18,20,23],"killed_by":"Cultist and Chosen","ascension_level":0}