{"gold_per_floor":[111,111,131,131,141,141,159,159,159,159,178,194,219,234,234,335,335,347,357,373,389,389,389,389,389,389,269,169,182,202,117,117,221,221,233,233,252,252,262,262,262,262,311,311,324,324,359,180,180,180],"floor_reached":51,"playtime":3075,"items_purged":["Strike_B","Strike_B"],"score":654,"play_id":"55ea26ce-56a5-4b9d-aa0d-167013fd326c","local_time":"20181225020736","is_ascension_mode":false,"campfire_choices":[{"data":"Conserve Battery","floor":6,"key":"SMITH"},{"data":"Creative AI","floor":8,"key":"SMITH"},{"data":"Sweeping Beam","floor":10,"key":"SMITH"},{"data":"Dualcast","floor":15,"key":"SMITH"},{"floor":23,"key":"REST"},{"data":"Amplify","floor":25,"key":"SMITH"},{"data":"FTL","floor":32,"key":"SMITH"},{"data":"Leap","floor":40,"key":"SMITH"},{"floor":42,"key":"REST"},{"floor":49,"key":"REST"}],"neow_cost":"NONE","seed_source_timestamp":4537873595746,"circlet_count":0,"master_deck":["Defend_B","Defend_B+1","Defend_B","Defend_B","Zap+1","Dualcast+1","Conserve Battery+1","FTL+1","Sweeping Beam+1","Creative AI+1","Cold Snap+1","Ball Lightning+1","Echo Form+1","Storm+1","Buffer+1","Cold Snap+1","Leap+1","BootSequence+1","J.A.X.","Leap+1","Go for the Eyes+1","Electrodynamics+1","Rebound+1","Buffer+1","Steam","PanicButton","Blizzard+1","FTL+1","Sweeping Beam+1"],"relics":["Cracked Core","Molten Egg 2","Frozen Egg 2","Nuclear Battery","War Paint","Question Card","Empty Cage","Blood Vial","Shovel","Regal Pillow"],"potions_floor_usage":[13,16,29,33,50,50,50],"damage_taken":[{"damage":0,"enemies":"Cultist","floor":1,"turns":4},{"damage":1,"enemies":"Jaw Worm","floor":3,"turns":4},{"damage":0,"enemies":"2 Louse","floor":5,"turns":2},{"damage":0,"enemies":"Blue Slaver","floor":7,"turns":2},{"damage":5,"enemies":"Looter","floor":11,"turns":4},{"damage":0,"enemies":"Exordium Wildlife","floor":12,"turns":2},{"damage":8,"enemies":"Gremlin Nob","floor":13,"turns":3},{"damage":6,"enemies":"2 Fungi Beasts","floor":14,"turns":2},{"damage":16,"enemies":"Hexaghost","floor":16,"turns":6},{"damage":6,"enemies":"Shell Parasite","floor":18,"turns":4},{"damage":25,"enemies":"2 Thieves","floor":19,"turns":4},{"damage":7,"enemies":"Centurion and Healer","floor":20,"turns":4},{"damage":9,"enemies":"Shelled Parasite and Fungi","floor":21,"turns":4},{"damage":0,"enemies":"3 Cultists","floor":29,"turns":5},{"damage":0,"enemies":"Snecko","floor":30,"turns":5},{"damage":27,"enemies":"Champ","floor":33,"turns":9},{"damage":0,"enemies":"Orb Walker","floor":35,"turns":4},{"damage":21,"enemies":"3 Darklings","floor":37,"turns":6},{"damage":0,"enemies":"4 Shapes","floor":39,"turns":4},{"damage":23,"enemies":"Spire Growth","floor":45,"turns":6},{"damage":41,"enemies":"Giant Head","floor":47,"turns":8},{"damage":20,"enemies":"Time Eater","floor":50,"turns":14}],"seed_played":"-8181924855584929606","potions_obtained":[{"floor":3,"key":"Explosive Potion"},{"floor":12,"key":"FocusPotion"},{"floor":13,"key":"SkillPotion"},{"floor":14,"key":"FocusPotion"},{"floor":16,"key":"Ancient Potion"},{"floor":29,"key":"Dexterity Potion"},{"floor":37,"key":"FearPotion"}],"is_trial":false,"path_per_floor":["M","?","M","?","M","R","M","R","T","R","M","M","E","M","R","B",null,"M","M","M","M","?","R","?","R","T","$","$","M","M","?","R","B",null,"M","?","M","?","M","R","?","R","T","T","M","?","E","$","R","B",null],"character_chosen":"DEFECT","items_purchased":["Leap","Dexterity Potion","FTL+1","Sweeping Beam+1"],"campfire_rested":3,"item_purchase_floors":[27,48,48,48],"current_hp_per_floor":[75,75,74,74,74,74,74,74,74,74,69,69,61,55,55,39,75,69,44,37,28,28,50,75,75,75,75,75,75,75,75,75,48,75,75,75,54,54,54,54,54,75,75,75,52,52,13,13,50,32],"gold":180,"neow_bonus":"ONE_RANDOM_RARE_CARD","is_prod":false,"is_daily":false,"chose_seed":false,"campfire_upgraded":7,"win_rate":0.0,"timestamp":1545671256,"path_taken":["M","?","M","?","M","R","M","R","T","R","M","M","E","M","R","BOSS","M","M","?","M","?","R","?","R","T","?","$","M","M","?","R","BOSS","M","?","M","?","M","R","?","R","T","?","?","?","E","$","R","BOSS"],"build_version":"2018-12-20","purchased_purges":2,"victory":true,"max_hp_per_floor":[75,75,75,75,75,75,75,75,75,75,75,75,75,75,75,75,75,75,75,75,75,75,75,75,75,75,75,75,75,75,75,75,75,75,75,75,75,75,75,75,75,75,75,75,75,75,75,75,75,75],"card_choices":[{"not_picked":["Barrage","Streamline"],"picked":"Conserve Battery","floor":1},{"not_picked":["Go for the Eyes","Glacier"],"picked":"FTL","floor":3},{"not_picked":["Hologram","Lockon"],"picked":"Sweeping Beam","floor":5},{"not_picked":["Ball Lightning","Redo"],"picked":"Creative AI","floor":7},{"not_picked":["Aggregate","Tempest"],"picked":"Cold Snap+1","floor":11},{"not_picked":["Darkness","Coolheaded"],"picked":"Ball Lightning+1","floor":12},{"not_picked":["Rainbow","Gash+1"],"picked":"Echo Form","floor":13},{"not_picked":["Reprogram","Steam"],"picked":"Storm+1","floor":14},{"not_picked":["Thunder Strike+1","Biased Cognition+1"],"picked":"Buffer+1","floor":16},{"not_picked":["Go for the Eyes+1","Barrage+1"],"picked":"Ball Lightning+1","floor":18},{"not_picked":["Turbo+1","Undo"],"picked":"Cold Snap+1","floor":19},{"not_picked":["Seek","Aggregate"],"picked":"Leap+1","floor":20},{"not_picked":["Ball Lightning+1","Beam Cell+1"],"picked":"BootSequence","floor":21},{"not_picked":["Sweeping Beam+1","Redo"],"picked":"Go for the Eyes+1","floor":29},{"not_picked":["Cold Snap+1","Doom and Gloom+1","Capacitor+1"],"picked":"SKIP","floor":30},{"not_picked":["Fission","Machine Learning+1","Creative AI+1"],"picked":"Electrodynamics+1","floor":33},{"not_picked":["Compile Driver+1","Cold Snap+1","Hologram+1"],"picked":"Rebound+1","floor":35},{"not_picked":["Double Energy+1","Ball Lightning+1","Compile Driver+1"],"picked":"Buffer+1","floor":37},{"not_picked":["Redo","Lockon+1","Turbo+1","Compile Driver+1"],"picked":"SKIP","floor":39},{"not_picked":["Sweeping Beam+1","Barrage+1","Hologram"],"picked":"Steam","floor":45},{"not_picked":["Discovery","Secret Technique","Dramatic Entrance+1"],"picked":"PanicButton","floor":46},{"not_picked":["BootSequence+1","Fusion","Scrape+1"],"picked":"Blizzard+1","floor":47}],"player_experience":46396,"relics_obtained":[{"floor":9,"key":"Molten Egg 2"},{"floor":13,"key":"Frozen Egg 2"},{"floor":26,"key":"War Paint"},{"floor":43,"key":"Blood Vial"},{"floor":44,"key":"Shovel"},{"floor":47,"key":"Regal Pillow"}],"event_choices":[{"cards_removed":["Strike_B"],"damage_healed":0,"gold_gain":0,"player_choice":"Forget","damage_taken":0,"max_hp_gain":0,"max_hp_loss":0,"event_name":"Living Wall","floor":2,"gold_loss":0},{"damage_healed":0,"gold_gain":0,"player_choice":"Upgraded","damage_taken":0,"max_hp_gain":0,"max_hp_loss":0,"event_name":"Upgrade Shrine","floor":4,"gold_loss":0,"cards_upgraded":["Zap"]},{"damage_healed":0,"gold_gain":0,"player_choice":"Obtain J.A.X.","damage_taken":0,"max_hp_gain":0,"max_hp_loss":0,"event_name":"Drug Dealer","floor":22,"gold_loss":0,"cards_obtained":["J.A.X."]},{"damage_healed":25,"gold_gain":0,"player_choice":"Heal","damage_taken":0,"max_hp_gain":0,"max_hp_loss":0,"event_name":"The Library","floor":24,"gold_loss":0},{"damage_healed":0,"gold_gain":0,"player_choice":"Obtained Relic","damage_taken":0,"relics_obtained":["Question Card"],"max_hp_gain":0,"max_hp_loss":0,"event_name":"Addict","floor":31,"gold_loss":85},{"cards_removed":["Ball Lightning"],"damage_healed":0,"gold_gain":0,"player_choice":"Removed Attack","damage_taken":0,"max_hp_gain":0,"max_hp_loss":0,"event_name":"Falling","floor":36,"gold_loss":0},{"damage_healed":0,"gold_gain":0,"player_choice":"Ignored","damage_taken":0,"max_hp_gain":0,"max_hp_loss":0,"event_name":"Mysterious Sphere","floor":38,"gold_loss":0},{"damage_healed":0,"gold_gain":0,"player_choice":"Ignored","damage_taken":0,"max_hp_gain":0,"max_hp_loss":0,"event_name":"Tomb of Lord Red Mask","floor":41,"gold_loss":0},{"damage_healed":0,"gold_gain":0,"player_choice":"Memory 1","damage_taken":0,"max_hp_gain":0,"max_hp_loss":0,"event_name":"SensoryStone","floor":46,"gold_loss":0}],"is_beta":false,"boss_relics":[{"not_picked":["Lizard Tail","Philosopher\u0027s Stone"],"picked":"Nuclear Battery"},{"not_picked":["Calling Bell","FrozenCore"],"picked":"Empty Cage"}],"items_purged_floors":[27,28],"is_endless":false,"potions_floor_spawned":[3,12,13,14,16,18,29,37],"ascension_level":0}