{"gold_per_floor":[110,123,138,148,165,165,179,179,179,179,191,41,4,18,18,113,113,133,58,157,57,70,70,81,81,81,81,81,96,108,108,108,207,257,272,272,272,147,166,166,266,266,266,266,280,141,157,172,172,172],"floor_reached":50,"playtime":2921,"items_purged":["Strike_G","Skewer","Flechettes"],"score":436,"play_id":"16369972-80ad-4d1c-81c3-031a33ea0deb","local_time":"20181225220211","is_ascension_mode":false,"campfire_choices":[{"data":"Blade Dance","floor":6,"key":"SMITH"},{"data":"Dagger Spray","floor":8,"key":"SMITH"},{"data":"Leg Sweep","floor":10,"key":"SMITH"},{"floor":15,"key":"REST"},{"data":"Survivor","floor":23,"key":"SMITH"},{"data":"Accuracy","floor":25,"key":"SMITH"},{"data":"Backflip","floor":28,"key":"SMITH"},{"floor":32,"key":"REST"},{"floor":40,"key":"REST"},{"floor":42,"key":"REST"},{"data":"Envenom","floor":44,"key":"SMITH"},{"floor":49,"key":"REST"}],"neow_cost":"NONE","seed_source_timestamp":76389465990620,"circlet_count":0,"master_deck":["Survivor+1","Neutralize+1","Blade Dance+1","Slice","Dagger Throw+1","Dagger Spray+1","Leg Sweep+1","Backflip+1","Die Die Die","Flying Knee","Venomology","Noxious Fumes","Malaise","Deadly Poison","Finisher","Accuracy+1","Deflect","Cloak And Dagger+1","Deflect","Flying Knee","Cloak And Dagger","Endless Agony","Envenom+1","Cloak And Dagger","Backflip+1","Madness","Madness","Dagger Throw+1","Backflip+1","Terror+1","Dagger Throw+1"],"relics":["Ring of the Snake","Mercury Hourglass","Pandora\u0027s Box","Tough Bandages","Tiny House","The Specimen","Dodecahedron","Pen Nib"],"potions_floor_usage":[4,16,16,22,24,29,33,33,39,47,48,48,50,50],"damage_taken":[{"damage":2,"enemies":"Jaw Worm","floor":1,"turns":6},{"damage":1,"enemies":"2 Louse","floor":2,"turns":4},{"damage":2,"enemies":"Small Slimes","floor":3,"turns":3},{"damage":8,"enemies":"Gremlin Gang","floor":4,"turns":4},{"damage":2,"enemies":"3 Louse","floor":5,"turns":5},{"damage":5,"enemies":"Large Slime","floor":7,"turns":6},{"damage":4,"enemies":"Blue Slaver","floor":11,"turns":3},{"damage":0,"enemies":"3 Louse","floor":14,"turns":1},{"damage":46,"enemies":"The Guardian","floor":16,"turns":11},{"damage":19,"enemies":"Spheric Guardian","floor":18,"turns":4},{"damage":10,"enemies":"2 Thieves","floor":22,"turns":4},{"damage":7,"enemies":"Snecko","floor":24,"turns":5},{"damage":0,"enemies":"Centurion and Healer","floor":29,"turns":6},{"damage":9,"enemies":"Snake Plant","floor":30,"turns":5},{"damage":9,"enemies":"Automaton","floor":33,"turns":11},{"damage":0,"enemies":"3 Shapes","floor":35,"turns":4},{"damage":30,"enemies":"3 Darklings","floor":39,"turns":5},{"damage":14,"enemies":"Mind Bloom Boss Battle","floor":41,"turns":8},{"damage":22,"enemies":"4 Shapes","floor":45,"turns":4},{"damage":29,"enemies":"Jaw Worm Horde","floor":47,"turns":3},{"damage":8,"enemies":"Writhing Mass","floor":48,"turns":6},{"damage":61,"enemies":"Time Eater","floor":50,"turns":12}],"seed_played":"545994181512970402","potions_obtained":[{"floor":1,"key":"FearPotion"},{"floor":2,"key":"LiquidBronze"},{"floor":3,"key":"FairyPotion"},{"floor":5,"key":"Block Potion"},{"floor":22,"key":"Swift Potion"},{"floor":29,"key":"LiquidBronze"},{"floor":33,"key":"Block Potion"},{"floor":47,"key":"SteroidPotion"},{"floor":48,"key":"SpeedPotion"}],"is_trial":false,"path_per_floor":["M","M","M","M","M","R","M","R","T","R","M","$","?","M","R","B",null,"M","?","?","$","M","R","M","R","T","?","R","M","M","?","R","B",null,"M","?","?","$","M","R","?","R","T","R","M","?","M","M","R","B"],"character_chosen":"THE_SILENT","items_purchased":["Die Die Die"],"campfire_rested":5,"item_purchase_floors":[12],"current_hp_per_floor":[68,67,65,57,55,55,50,50,50,50,46,46,46,46,67,21,70,51,51,51,51,41,41,34,34,34,34,34,34,25,12,34,25,80,80,70,70,70,40,64,50,74,74,74,52,52,23,15,39,0],"gold":172,"neow_bonus":"UPGRADE_CARD","is_prod":false,"is_daily":false,"chose_seed":false,"campfire_upgraded":7,"win_rate":0,"timestamp":1545742931,"path_taken":["M","M","M","M","M","R","M","R","T","R","M","$","?","M","R","BOSS","M","?","?","$","M","R","M","R","T","?","R","M","?","?","R","BOSS","M","?","?","$","M","R","?","R","T","R","M","?","?","?","R","BOSS"],"build_version":"2018-12-20","purchased_purges":3,"victory":false,"max_hp_per_floor":[70,70,70,70,70,70,70,70,70,70,70,70,70,70,70,70,70,70,70,70,70,70,70,70,70,70,70,70,70,70,75,75,75,80,80,80,80,80,80,80,80,80,80,80,80,80,80,80,80,80],"card_choices":[{"not_picked":["Catalyst","Deflect"],"picked":"Blade Dance","floor":1},{"not_picked":["Finisher","Poisoned Stab"],"picked":"Slice","floor":2},{"not_picked":["Backstab","Slice"],"picked":"Dagger Throw","floor":3},{"not_picked":["Underhanded Strike","Skewer","Flechettes"],"picked":"SKIP","floor":4},{"not_picked":["Dodge and Roll","Deadly Poison"],"picked":"Dagger Spray","floor":5},{"not_picked":["Dodge and Roll","Underhanded Strike"],"picked":"Leg Sweep","floor":7},{"not_picked":["Well Laid Plans","Slice"],"picked":"Backflip","floor":11},{"not_picked":["Malaise","Bane"],"picked":"Flying Knee","floor":14},{"not_picked":["Malaise","After Image"],"picked":"Venomology","floor":16},{"not_picked":["Slice+1","Endless Agony+1"],"picked":"Cloak And Dagger","floor":18},{"not_picked":["Predator","Blade Dance+1"],"picked":"Deflect","floor":22},{"not_picked":["PiercingWail","Slice"],"picked":"Flying Knee","floor":24},{"not_picked":["Reflex","Bouncing Flask"],"picked":"Cloak And Dagger","floor":29},{"not_picked":["Acrobatics","Glass Knife"],"picked":"Endless Agony","floor":30},{"not_picked":["Venomology","Bullet Time"],"picked":"Envenom","floor":33},{"not_picked":["Finisher+1","Bane"],"picked":"Cloak And Dagger","floor":34},{"not_picked":["Dodge and Roll+1","Sucker Punch+1"],"picked":"Backflip+1","floor":35},{"not_picked":["Sucker Punch+1","Poisoned Stab+1"],"picked":"Dagger Throw+1","floor":39},{"not_picked":["Bane+1","Noxious Fumes+1"],"picked":"Backflip+1","floor":41},{"not_picked":["Outmaneuver+1","Underhanded Strike"],"picked":"Terror+1","floor":45},{"not_picked":["Bouncing Flask+1","Bane","Unload"],"picked":"SKIP","floor":47},{"not_picked":["Poisoned Stab+1","Blur"],"picked":"Dagger Throw+1","floor":48}],"player_experience":61914,"relics_obtained":[{"floor":9,"key":"Mercury Hourglass"},{"floor":26,"key":"Tough Bandages"},{"floor":41,"key":"The Specimen"},{"floor":43,"key":"Dodecahedron"}],"event_choices":[{"damage_healed":0,"gold_gain":0,"player_choice":"Left Gold","damage_taken":0,"max_hp_gain":0,"max_hp_loss":0,"event_name":"World of Goop","floor":13,"gold_loss":37},{"cards_removed":["Catalyst"],"damage_healed":0,"gold_gain":0,"player_choice":"Gave Gold","damage_taken":0,"max_hp_gain":0,"max_hp_loss":0,"event_name":"Beggar","floor":19,"gold_loss":75},{"damage_healed":0,"gold_gain":99,"player_choice":"Stole From Cult","damage_taken":0,"max_hp_gain":0,"max_hp_loss":0,"event_name":"Nest","floor":20,"gold_loss":0},{"damage_healed":0,"gold_gain":0,"player_choice":"Forge","damage_taken":0,"max_hp_gain":0,"max_hp_loss":0,"event_name":"Accursed Blacksmith","floor":27,"gold_loss":0,"cards_upgraded":["Cloak And Dagger"]},{"damage_healed":0,"gold_gain":0,"player_choice":"Shed Blood","damage_taken":18,"max_hp_gain":5,"max_hp_loss":0,"event_name":"Forgotten Altar","floor":31,"gold_loss":0},{"damage_healed":0,"gold_gain":0,"player_choice":"Embrace Madness","damage_taken":10,"max_hp_gain":0,"max_hp_loss":0,"event_name":"Winding Halls","floor":36,"gold_loss":0,"cards_obtained":["Madness","Madness"]},{"damage_healed":0,"gold_gain":0,"player_choice":"Ignored","damage_taken":0,"max_hp_gain":0,"max_hp_loss":0,"event_name":"Mysterious Sphere","floor":37,"gold_loss":0},{"damage_healed":0,"gold_gain":0,"player_choice":"Fight","damage_taken":0,"max_hp_gain":0,"max_hp_loss":0,"event_name":"MindBloom","floor":41,"gold_loss":0},{"damage_healed":0,"gold_gain":0,"player_choice":"Paid Gold","damage_taken":0,"relics_obtained":["Pen Nib"],"max_hp_gain":0,"max_hp_loss":0,"event_name":"WeMeetAgain","floor":46,"gold_loss":139}],"is_beta":false,"boss_relics":[{"not_picked":["Eternal Feather","Runic Pyramid"],"picked":"Pandora\u0027s Box"},{"not_picked":["Sozu","Snecko Eye"],"picked":"Tiny House"}],"items_purged_floors":[12,21,38],"is_endless":false,"potions_floor_spawned":[1,2,3,5,22,29,33,35,47,48],"killed_by":"Time Eater","ascension_level":0}