{"gold_per_floor":[114,114,114,36,51,66,96,126,126,141,171,14,29,64,64,164,164,199,199,214,229,264,314,314,274,324,324,339,339,354,25,25,125,125,140,240,240,40,0,0,40,40,65,65,80,110,110,125,125,150],"floor_reached":51,"playtime":3067,"items_purged":[],"score":832,"play_id":"8ca72fda-a2d2-44cc-b347-e6c058d33396","local_time":"20190204121953","daily_mods":["Draft","Colorless Cards","Night Terrors"],"is_ascension_mode":false,"campfire_choices":[{"data":"Seek","floor":15,"key":"SMITH"},{"floor":27,"key":"REST"},{"data":"Discovery","floor":29,"key":"SMITH"},{"data":"Apotheosis","floor":32,"key":"SMITH"},{"data":"Defragment","floor":40,"key":"SMITH"},{"data":"Dark Shackles","floor":42,"key":"SMITH"},{"data":"Enlightenment","floor":47,"key":"PURGE"},{"data":"Impatience","floor":49,"key":"SMITH"}],"neow_cost":"","seed_source_timestamp":0,"circlet_count":0,"master_deck":["Rebound","Go for the Eyes","Discovery+1","Swift Strike","FTL","Gash","Conserve Battery","Compile Driver","Ball Lightning","Dark Shackles+1","Undo","Panacea","Impatience","Cold Snap","Gash","Hello World","Bandage Up","Self Repair","Gash","Gash","Bandage Up+1","Panacea","Seek+1","Capacitor","Defragment+1","HandOfGreed","Panache","Bandage Up+1","Discovery+1","Dramatic Entrance","Auto Shields","Streamline","Ghostly","Ghostly","Ghostly+1","Ghostly","Ghostly","Coolheaded","Impatience+1","Apotheosis+1","All For One","Go for the Eyes+1","Coolheaded+1","Discovery+1","FTL+1","Steam+1"],"special_seed":17931,"relics":["Cracked Core","Peace Pipe","Omamori","Calipers","DataDisk","Philosopher\u0027s Stone","Lantern","Potion Belt","Pen Nib","Sozu","Du-Vu Doll","Torii","Runic Capacitor","Red Mask","Bag of Preparation","War Paint"],"potions_floor_usage":[11,14,16,16,22,23,30,30,41],"damage_taken":[{"damage":0,"enemies":"Small Slimes","floor":1,"turns":2},{"damage":0,"enemies":"Jaw Worm","floor":5,"turns":3},{"damage":4,"enemies":"2 Louse","floor":6,"turns":2},{"damage":4,"enemies":"Gremlin Nob","floor":7,"turns":4},{"damage":9,"enemies":"Lagavulin Event","floor":8,"turns":5},{"damage":3,"enemies":"Blue Slaver","floor":10,"turns":2},{"damage":0,"enemies":"3 Sentries","floor":11,"turns":5},{"damage":0,"enemies":"2 Fungi Beasts","floor":13,"turns":3},{"damage":0,"enemies":"Gremlin Gang","floor":14,"turns":2},{"damage":53,"enemies":"The Guardian","floor":16,"turns":7},{"damage":10,"enemies":"Shell Parasite","floor":18,"turns":4},{"damage":20,"enemies":"Spheric Guardian","floor":20,"turns":4},{"damage":34,"enemies":"3 Cultists","floor":21,"turns":4},{"damage":32,"enemies":"Shelled Parasite and Fungi","floor":22,"turns":4},{"damage":22,"enemies":"Slavers","floor":23,"turns":5},{"damage":3,"enemies":"Sentry and Sphere","floor":28,"turns":4},{"damage":5,"enemies":"Chosen and Byrds","floor":30,"turns":4},{"damage":13,"enemies":"Automaton","floor":33,"turns":9},{"damage":0,"enemies":"Orb Walker","floor":35,"turns":4},{"damage":1,"enemies":"Mind Bloom Boss Battle","floor":36,"turns":7},{"damage":17,"enemies":"3 Darklings","floor":41,"turns":4},{"damage":1,"enemies":"Transient","floor":45,"turns":5},{"damage":1,"enemies":"Giant Head","floor":46,"turns":9},{"damage":0,"enemies":"Spire Growth","floor":48,"turns":4},{"damage":0,"enemies":"Awakened One","floor":50,"turns":10}],"seed_played":"-1671587602843192700","potions_obtained":[{"floor":5,"key":"Regen Potion"},{"floor":6,"key":"Dexterity Potion"},{"floor":11,"key":"Explosive Potion"},{"floor":13,"key":"Dexterity Potion"},{"floor":21,"key":"Fruit Juice"},{"floor":22,"key":"SteroidPotion"},{"floor":25,"key":"SneckoOil"},{"floor":25,"key":"SpeedPotion"},{"floor":25,"key":"EssenceOfSteel"},{"floor":30,"key":"Swift Potion"}],"is_trial":false,"path_per_floor":["M","?","?","$","M","M","E","?","T","M","E","$","M","M","R","B",null,"M","?","M","M","M","E","?","?","T","R","M","R","M","$","R","B",null,"M","?","T","$","?","R","M","R","T","?","M","E","R","M","R","B",null],"character_chosen":"DEFECT","items_purchased":["Hello World","Seek","Capacitor","Apotheosis","Pen Nib","Runic Capacitor"],"campfire_rested":1,"item_purchase_floors":[4,12,12,31,31,38],"current_hp_per_floor":[75,75,75,75,75,71,75,75,75,75,75,75,75,75,75,35,75,72,58,55,42,32,27,27,27,27,37,37,37,37,37,37,34,37,37,37,37,37,37,37,27,27,27,36,37,37,37,37,37,37],"gold":150,"neow_bonus":"","is_prod":false,"is_daily":true,"chose_seed":false,"campfire_upgraded":6,"win_rate":0,"timestamp":1549253993,"path_taken":["M","?","?","?","M","M","E","?","T","M","E","$","M","M","R","BOSS","M","?","M","M","M","E","?","?","T","R","?","R","M","$","R","BOSS","M","?","?","$","?","R","M","R","T","?","?","E","R","M","R","BOSS"],"build_version":"2019-01-23","purchased_purges":0,"victory":true,"max_hp_per_floor":[75,75,75,75,75,75,75,75,75,75,75,75,75,75,75,75,75,75,80,80,80,85,85,42,42,42,37,37,37,37,37,37,37,37,37,37,37,37,37,37,37,37,37,37,37,37,37,37,37,37],"card_choices":[{"not_picked":["Streamline","Enlightenment"],"picked":"Rebound","floor":0},{"not_picked":["Leap","Blizzard"],"picked":"Go for the Eyes","floor":0},{"not_picked":["Steam","Cold Snap"],"picked":"Discovery","floor":0},{"not_picked":["Auto Shields","Hologram"],"picked":"Swift Strike","floor":0},{"not_picked":["Self Repair","Redo"],"picked":"FTL","floor":0},{"not_picked":["Redo","Sunder"],"picked":"Gash","floor":0},{"not_picked":["Steam","Reprogram"],"picked":"Conserve Battery","floor":0},{"not_picked":["Redo","Stack"],"picked":"Compile Driver","floor":0},{"not_picked":["Conserve Battery","Tempest"],"picked":"Ball Lightning","floor":0},{"not_picked":["Redo","Beam Cell"],"picked":"Dark Shackles","floor":0},{"not_picked":["Tempest","Redo"],"picked":"Undo","floor":0},{"not_picked":["Finesse","Sweeping Beam"],"picked":"Enlightenment","floor":0},{"not_picked":["Go for the Eyes","Redo"],"picked":"Panacea","floor":0},{"not_picked":["Stack","Trip"],"picked":"Impatience","floor":0},{"not_picked":["Rebound","Conserve Battery"],"picked":"Cold Snap","floor":0},{"not_picked":["Sweeping Beam","Rebound"],"picked":"Gash","floor":1},{"not_picked":["Recycle","Streamline"],"picked":"Bandage Up","floor":5},{"not_picked":["Go for the Eyes","Coolheaded"],"picked":"Self Repair","floor":6},{"not_picked":["Dramatic Entrance","Coolheaded"],"picked":"Gash","floor":7},{"not_picked":["Hologram","Beam Cell"],"picked":"Gash","floor":8},{"not_picked":["Melter","Turbo"],"picked":"Bandage Up","floor":10},{"not_picked":["Steam","Hologram"],"picked":"Panacea","floor":11},{"not_picked":["Madness","Double Energy"],"picked":"Defragment","floor":13},{"not_picked":["Rebound","Compile Driver"],"picked":"HandOfGreed","floor":14},{"not_picked":["HandOfGreed","Sadistic Nature"],"picked":"Panache","floor":16},{"not_picked":["Lockon","Sweeping Beam+1"],"picked":"Bandage Up+1","floor":18},{"not_picked":["Compile Driver","Skim"],"picked":"Discovery","floor":20},{"not_picked":["Steam Power","Compile Driver"],"picked":"Dramatic Entrance","floor":21},{"not_picked":["Finesse","Ball Lightning+1"],"picked":"Auto Shields","floor":22},{"not_picked":["Enlightenment","Sadistic Nature"],"picked":"Streamline","floor":23},{"not_picked":["Steam","Ball Lightning"],"picked":"Coolheaded","floor":28},{"not_picked":["Redo","Enlightenment+1"],"picked":"Impatience","floor":30},{"not_picked":["Rainbow","Magnetism"],"picked":"All For One","floor":33},{"not_picked":["Hologram+1","Jack Of All Trades+1"],"picked":"Go for the Eyes+1","floor":35},{"not_picked":["Redo","Streamline+1"],"picked":"Coolheaded+1","floor":36},{"not_picked":["Sweeping Beam","Turbo"],"picked":"Discovery+1","floor":41},{"not_picked":["Sadistic Nature","Panacea+1"],"picked":"FTL+1","floor":45},{"not_picked":["Compile Driver+1","Hello World+1","Panacea"],"picked":"SKIP","floor":46},{"not_picked":["Static Discharge+1","Sweeping Beam+1"],"picked":"Steam+1","floor":48}],"player_experience":332737,"relics_obtained":[{"floor":7,"key":"Peace Pipe"},{"floor":8,"key":"Omamori"},{"floor":9,"key":"Calipers"},{"floor":11,"key":"DataDisk"},{"floor":23,"key":"Lantern"},{"floor":26,"key":"Potion Belt"},{"floor":36,"key":"Du-Vu Doll"},{"floor":37,"key":"Torii"},{"floor":43,"key":"Bag of Preparation"},{"floor":46,"key":"War Paint"}],"event_choices":[{"damage_healed":0,"gold_gain":0,"player_choice":"Grow","damage_taken":0,"max_hp_gain":0,"max_hp_loss":0,"event_name":"Living Wall","floor":2,"gold_loss":0,"cards_upgraded":["Discovery"]},{"damage_healed":0,"gold_gain":0,"player_choice":"Ignored","damage_taken":0,"max_hp_gain":0,"max_hp_loss":0,"event_name":"Liars Game","floor":3,"gold_loss":0},{"damage_healed":0,"gold_gain":0,"player_choice":"Searched \u00271\u0027 times","damage_taken":0,"max_hp_gain":0,"max_hp_loss":0,"event_name":"Dead Adventurer","floor":8,"gold_loss":0},{"damage_healed":0,"gold_gain":0,"player_choice":"Shed Blood","damage_taken":19,"max_hp_gain":5,"max_hp_loss":0,"event_name":"Forgotten Altar","floor":19,"gold_loss":0},{"damage_healed":0,"gold_gain":0,"player_choice":"Became a Ghost","damage_taken":0,"max_hp_gain":0,"max_hp_loss":43,"event_name":"Ghosts","floor":24,"gold_loss":0,"cards_obtained":["Ghostly","Ghostly","Ghostly","Ghostly","Ghostly"]},{"damage_healed":0,"gold_gain":0,"player_choice":"Bought 3 Potions","damage_taken":0,"max_hp_gain":0,"max_hp_loss":0,"event_name":"The Woman in Blue","floor":25,"gold_loss":0},{"damage_healed":0,"gold_gain":0,"player_choice":"Fight","damage_taken":0,"max_hp_gain":0,"max_hp_loss":0,"event_name":"MindBloom","floor":36,"gold_loss":0},{"damage_healed":0,"gold_gain":0,"player_choice":"Paid","damage_taken":0,"relics_obtained":["Red Mask"],"max_hp_gain":0,"max_hp_loss":0,"event_name":"Tomb of Lord Red Mask","floor":39,"gold_loss":40},{"damage_healed":9,"gold_gain":0,"player_choice":"Writhe","damage_taken":0,"max_hp_gain":0,"max_hp_loss":0,"event_name":"Winding Halls","floor":44,"gold_loss":0,"cards_obtained":["Writhe"]}],"is_beta":false,"boss_relics":[{"not_picked":["Snecko Eye","Ectoplasm"],"picked":"Philosopher\u0027s Stone"},{"not_picked":["Runic Dome","Empty Cage"],"picked":"Sozu"}],"items_purged_floors":[],"is_endless":false,"potions_floor_spawned":[5,6,11,13,21,22,30,36,41,45,48],"ascension_level":0}