{"gold_per_floor":[119,79,96,271,346,377,390,408,408,436,453,465,484,484,484,583,583,594,367,367,381,400,425,444,444,493,513,513,613,644,644,644,747,747,758,758,773,39,13,13,13,42,42,0,31,44,44,57,57,57,57,57,7,33,33],"floor_reached":55,"playtime":4771,"items_purged":["Strike_B","Defend_B","Defend_B"],"score":852,"play_id":"96449232-8dba-4119-b3ee-728abd286856","local_time":"20190121104230","is_ascension_mode":false,"campfire_choices":[{"data":"Zap","floor":15.0,"key":"SMITH"},{"data":"Buffer","floor":25.0,"key":"SMITH"},{"floor":32.0,"key":"REST"},{"floor":40.0,"key":"RECALL"},{"floor":47.0,"key":"REST"},{"data":"Chrysalis","floor":49,"key":"SMITH"},{"data":"Defragment","floor":52,"key":"SMITH"}],"neow_cost":"NONE","seed_source_timestamp":0,"circlet_count":0,"master_deck":["Defend_B","Zap+1","Dualcast+1","White Noise+1","Conserve Battery","Chill","Cold Snap","Buffer+1","Hologram","BootSequence","Ball Lightning","Seek","Hologram","BootSequence","FTL","Auto Shields","Machine Learning","Go for the Eyes+1","FTL","Loop","Reboot","Defragment","Turbo","Chrysalis+1","Defragment+1","White Noise","Go for the Eyes","Sunder+1","Coolheaded","Blizzard+1"],"special_seed":0,"relics":["Cracked Core","NeowsBlessing","War Paint","Mercury Hourglass","Pocketwatch","Empty Cage","Centennial Puzzle","Blue Candle","Bag of Marbles","Ice Cream","Ornamental Fan","Dream Catcher","Inserter","FossilizedHelix","Smiling Mask","Red Mask","Bag of Preparation","Happy Flower"],"potions_floor_usage":[48],"damage_taken":[{"damage":0.0,"enemies":"2 Louse","floor":1.0,"turns":1.0},{"damage":0.0,"enemies":"Cultist","floor":3.0,"turns":1.0},{"damage":0.0,"enemies":"Lagavulin","floor":6.0,"turns":1.0},{"damage":0.0,"enemies":"Small Slimes","floor":7.0,"turns":2.0},{"damage":5.0,"enemies":"Looter","floor":8.0,"turns":2.0},{"damage":0.0,"enemies":"3 Sentries","floor":10.0,"turns":7.0},{"damage":0.0,"enemies":"3 Louse","floor":11.0,"turns":3.0},{"damage":0.0,"enemies":"2 Fungi Beasts","floor":12.0,"turns":1.0},{"damage":0.0,"enemies":"Looter","floor":13.0,"turns":2.0},{"damage":24.0,"enemies":"The Guardian","floor":16.0,"turns":9.0},{"damage":3.0,"enemies":"Chosen","floor":18.0,"turns":4.0},{"damage":2.0,"enemies":"Shell Parasite","floor":21.0,"turns":5.0},{"damage":0.0,"enemies":"Centurion and Healer","floor":22.0,"turns":6.0},{"damage":12.0,"enemies":"Slavers","floor":23.0,"turns":6.0},{"damage":2.0,"enemies":"3 Cultists","floor":24.0,"turns":6.0},{"damage":0.0,"enemies":"Cultist and Chosen","floor":27.0,"turns":7.0},{"damage":0.0,"enemies":"Colosseum Slavers","floor":29.0,"turns":4.0},{"damage":10.0,"enemies":"Colosseum Nobs","floor":29.0,"turns":5.0},{"damage":0.0,"enemies":"Gremlin Leader","floor":30.0,"turns":10.0},{"damage":2.0,"enemies":"Collector","floor":33.0,"turns":13.0},{"damage":0.0,"enemies":"3 Shapes","floor":35.0,"turns":7.0},{"damage":0.0,"enemies":"Orb Walker","floor":37.0,"turns":5.0},{"damage":0.0,"enemies":"Nemesis","floor":42.0,"turns":9.0},{"damage":43.0,"enemies":"Giant Head","floor":45.0,"turns":12.0},{"damage":0.0,"enemies":"Jaw Worm Horde","floor":46.0,"turns":5.0},{"damage":0,"enemies":"Maw","floor":48,"turns":8},{"damage":38,"enemies":"Donu and Deca","floor":50,"turns":9},{"damage":6,"enemies":"Shield and Spear","floor":54,"turns":8},{"damage":112,"enemies":"The Heart","floor":55,"turns":6}],"seed_played":"-8382066314431500873","potions_obtained":[{"floor":2.0,"key":"Block Potion"},{"floor":2.0,"key":"EntropicBrew"},{"floor":2.0,"key":"Dexterity Potion"},{"floor":3.0,"key":"Energy Potion"},{"floor":7.0,"key":"PowerPotion"},{"floor":12.0,"key":"Regen Potion"},{"floor":13.0,"key":"Poison Potion"},{"floor":18.0,"key":"GamblersBrew"},{"floor":22.0,"key":"LiquidBronze"},{"floor":24.0,"key":"Ancient Potion"},{"floor":29.0,"key":"EssenceOfSteel"},{"floor":33.0,"key":"Dexterity Potion"},{"floor":35.0,"key":"AttackPotion"},{"floor":45.0,"key":"AttackPotion"}],"is_trial":false,"path_per_floor":["M","?","M","?","?","E","M","M","T","E","M","M","M","?","R","B",null,"M","$","?","M","M","E","M","R","T","M","?","?","E","?","R","B",null,"M","?","M","$","$","R","$","E","T","?","E","M","R","M","R","B",null,"R","$","E","B"],"character_chosen":"DEFECT","items_purchased":["Centennial Puzzle","Chrysalis","Defragment","FossilizedHelix","White Noise","Go for the Eyes"],"campfire_rested":2,"item_purchase_floors":[19,38,38,38,38,39],"current_hp_per_floor":[75,75,75,75,64,64,64,59,59,59,59,59,64,64,64,40,75,72,72,72,70,70,58,56,56,56,56,42,32,32,32,56,54,80,80,80,80,80,80,80,80,80,80,80,37,37,61,61,61,23,80,80,80,74,0],"gold":33,"neow_bonus":"THREE_ENEMY_KILL","is_prod":false,"is_daily":false,"chose_seed":false,"campfire_upgraded":4,"win_rate":0,"timestamp":1548038550,"path_taken":["M","?","?","?","?","E","M","M","T","E","M","M","M","?","R","BOSS","M","$","?","M","M","E","M","R","T","M","?","?","E","?","R","BOSS","M","?","M","?","$","R","$","E","T","?","E","M","R","M","R","BOSS","R","$","E","BOSS"],"build_version":"2019-01-17v2","purchased_purges":3,"victory":false,"max_hp_per_floor":[75,75,75,75,75,75,75,75,75,75,75,75,75,75,75,75,75,75,75,75,75,75,75,75,75,75,75,80,80,80,80,80,80,80,80,80,80,80,80,80,80,80,80,80,80,80,80,80,80,80,80,80,80,80,80],"card_choices":[{"not_picked":["Barrage","Compile Driver"],"picked":"White Noise","floor":1.0},{"not_picked":["Loop","Double Energy"],"picked":"Conserve Battery","floor":3.0},{"not_picked":["Streamline","Leap"],"picked":"Chill","floor":6.0},{"not_picked":["Beam Cell","Darkness"],"picked":"Cold Snap","floor":7.0},{"not_picked":["Coolheaded","Rebound"],"picked":"Buffer","floor":8.0},{"not_picked":["Redo","Darkness","Streamline"],"picked":"SKIP","floor":10.0},{"not_picked":["Genetic Algorithm","Cold Snap"],"picked":"Hologram","floor":11.0},{"not_picked":["Steam","Lockon"],"picked":"BootSequence","floor":12.0},{"not_picked":["Doom and Gloom","Streamline"],"picked":"Ball Lightning","floor":13.0},{"not_picked":["Creative AI","All For One"],"picked":"Seek","floor":16.0},{"not_picked":["Rebound","Redo"],"picked":"Hologram","floor":18.0},{"not_picked":["Steam","Streamline"],"picked":"BootSequence","floor":21.0},{"not_picked":["Genetic Algorithm","Force Field","Rebound"],"picked":"SKIP","floor":22.0},{"not_picked":["Storm+1","Steam+1"],"picked":"FTL","floor":23.0},{"not_picked":["Leap","Doom and Gloom+1"],"picked":"Auto Shields","floor":24.0},{"not_picked":["Beam Cell","Stack"],"picked":"Machine Learning","floor":27.0},{"not_picked":["Aggregate","Conserve Battery"],"picked":"Go for the Eyes+1","floor":29.0},{"not_picked":["Sweeping Beam","Ball Lightning+1"],"picked":"FTL","floor":30.0},{"not_picked":["Scrape","Heatsinks+1"],"picked":"Loop","floor":32.0},{"not_picked":["Rainbow","Fission"],"picked":"Reboot","floor":33.0},{"not_picked":["Conserve Battery","Ball Lightning"],"picked":"Defragment","floor":35.0},{"not_picked":["Steam","Ball Lightning"],"picked":"Turbo","floor":37.0},{"not_picked":["Stack","Undo","Scrape"],"picked":"SKIP","floor":42.0},{"not_picked":["Loop","Stack+1"],"picked":"Sunder+1","floor":45.0},{"not_picked":["Multi-Cast","Streamline","Cold Snap+1"],"picked":"SKIP","floor":46.0},{"not_picked":["Blizzard","Rebound+1"],"picked":"Coolheaded","floor":47.0},{"not_picked":["Darkness","Leap","Static Discharge+1"],"picked":"SKIP","floor":48},{"not_picked":["Heatsinks","Leap+1"],"picked":"Blizzard+1","floor":54}],"player_experience":257362,"relics_obtained":[{"floor":6.0,"key":"War Paint"},{"floor":9.0,"key":"Mercury Hourglass"},{"floor":10.0,"key":"Pocketwatch"},{"floor":23.0,"key":"Blue Candle"},{"floor":26.0,"key":"Bag of Marbles"},{"floor":29.0,"key":"Ice Cream"},{"floor":29.0,"key":"Ornamental Fan"},{"floor":30.0,"key":"Dream Catcher"},{"floor":42.0,"key":"Smiling Mask"},{"floor":45.0,"key":"Bag of Preparation"},{"floor":54,"key":"Happy Flower"}],"event_choices":[{"damage_healed":0.0,"max_hp_gain":0.0,"max_hp_loss":0.0,"gold_gain":0.0,"event_name":"The Woman in Blue","player_choice":"Bought 3 Potions","floor":2.0,"gold_loss":0.0,"damage_taken":0.0},{"damage_healed":0.0,"max_hp_gain":0.0,"max_hp_loss":0.0,"gold_gain":175.0,"event_name":"Liars Game","player_choice":"AGREE","floor":4.0,"gold_loss":0.0,"damage_taken":0.0,"cards_obtained":["Doubt"]},{"damage_healed":0.0,"max_hp_gain":0.0,"max_hp_loss":0.0,"gold_gain":75.0,"event_name":"World of Goop","player_choice":"Gather Gold","floor":5.0,"gold_loss":0.0,"damage_taken":11.0},{"cards_removed":["Doubt"],"damage_healed":0.0,"max_hp_gain":0.0,"max_hp_loss":0.0,"gold_gain":0.0,"event_name":"Living Wall","player_choice":"Forget","floor":14.0,"gold_loss":0.0,"damage_taken":0.0},{"cards_removed":["Strike_B"],"damage_healed":0.0,"max_hp_gain":0.0,"max_hp_loss":0.0,"gold_gain":0.0,"event_name":"Back to Basics","player_choice":"Elegance","floor":20.0,"gold_loss":0.0,"damage_taken":0.0},{"damage_healed":0.0,"max_hp_gain":5.0,"max_hp_loss":0.0,"gold_gain":0.0,"event_name":"Forgotten Altar","player_choice":"Shed Blood","floor":28.0,"gold_loss":0.0,"damage_taken":19.0},{"damage_healed":0.0,"max_hp_gain":0.0,"max_hp_loss":0.0,"gold_gain":0.0,"event_name":"Colosseum","player_choice":"Fight","floor":29.0,"gold_loss":0.0,"damage_taken":0.0},{"damage_healed":0.0,"max_hp_gain":0.0,"max_hp_loss":0.0,"gold_gain":0.0,"event_name":"Colosseum","player_choice":"Fought Nobs","floor":29.0,"gold_loss":0.0,"damage_taken":0.0},{"cards_removed":["Defend_B"],"damage_healed":0.0,"max_hp_gain":0.0,"max_hp_loss":0.0,"gold_gain":0.0,"event_name":"Wheel of Change","player_choice":"Card Removal","floor":31.0,"gold_loss":0.0,"damage_taken":0.0},{"damage_healed":0.0,"max_hp_gain":0.0,"max_hp_loss":0.0,"gold_gain":0.0,"event_name":"NoteForYourself","player_choice":"Ignored","floor":36.0,"gold_loss":0.0,"damage_taken":0.0},{"damage_healed":0.0,"max_hp_gain":0.0,"max_hp_loss":0.0,"gold_gain":0.0,"event_name":"Tomb of Lord Red Mask","player_choice":"Paid","floor":44.0,"gold_loss":42.0,"damage_taken":0.0,"relics_obtained":["Red Mask"]}],"is_beta":false,"boss_relics":[{"not_picked":["Coffee Dripper","Cursed Key"],"picked":"Empty Cage"},{"not_picked":["Velvet Choker","Fusion Hammer"],"picked":"Inserter"}],"items_purged_floors":[19,38,53],"is_endless":false,"potions_floor_spawned":[3,7,8,12,13,18,22,24,29,29,33,35,45],"killed_by":"The Heart","ascension_level":0}