{"gold_per_floor":[119,119,134,148,160,160,194,194,219,247,247,247,247,266,266,364,364,376,376,376,376,395,395,140,150,150,168,27,27,0,33,33,33],"floor_reached":33,"playtime":2119,"items_purged":["Strike_G","Strike_G"],"score":287,"play_id":"1e617915-989a-41bc-9861-8de5e1286e4d","local_time":"20190112172849","is_ascension_mode":true,"campfire_choices":[{"data":"Backflip","floor":6,"key":"SMITH"},{"data":"Cloak And Dagger","floor":8,"key":"SMITH"},{"floor":12,"key":"REST"},{"data":"Accuracy","floor":15,"key":"SMITH"},{"data":"Tools of the Trade","floor":23,"key":"SMITH"},{"floor":29,"key":"REST"},{"floor":32,"key":"REST"}],"neow_cost":"NONE","seed_source_timestamp":53701379931417,"circlet_count":0,"master_deck":["Defend_G","Defend_G","Defend_G","Defend_G","Strike_G","Strike_G+1","Survivor","Neutralize","Backflip+1","Dagger Throw+1","Cloak And Dagger+1","Dagger Throw","Infinite Blades","Accuracy+1","Flying Knee","Tools of the Trade+1","Quick Slash+1","Cloak And Dagger","Blade Dance","Unload"],"relics":["Ring of the Snake","Juzu Bracelet","Strawberry","Pen Nib","Lizard Tail","Whetstone","The Courier","Bottled Lightning"],"potions_floor_usage":[10,10,21,21,27,31,31,33,33],"damage_taken":[{"damage":2,"enemies":"2 Louse","floor":1,"turns":2},{"damage":0,"enemies":"Jaw Worm","floor":3,"turns":6},{"damage":2,"enemies":"Small Slimes","floor":4,"turns":3},{"damage":2,"enemies":"Blue Slaver","floor":5,"turns":5},{"damage":13,"enemies":"3 Sentries","floor":7,"turns":12},{"damage":14,"enemies":"Lagavulin","floor":10,"turns":6},{"damage":2,"enemies":"Large Slime","floor":14,"turns":5},{"damage":38,"enemies":"Slime Boss","floor":16,"turns":10},{"damage":6,"enemies":"Chosen","floor":18,"turns":6},{"damage":24,"enemies":"Colosseum Slavers","floor":21,"turns":5},{"damage":4,"enemies":"Shell Parasite","floor":22,"turns":5},{"damage":10,"enemies":"Snecko","floor":25,"turns":5},{"damage":16,"enemies":"Centurion and Healer","floor":27,"turns":6},{"damage":62,"enemies":"Gremlin Leader","floor":31,"turns":7},{"damage":57,"enemies":"Collector","floor":33,"turns":7}],"seed_played":"1752079196003238674","potions_obtained":[{"floor":3,"key":"LiquidBronze"},{"floor":4,"key":"AttackPotion"},{"floor":14,"key":"Poison Potion"},{"floor":16,"key":"GamblersBrew"},{"floor":18,"key":"PowerPotion"},{"floor":25,"key":"AttackPotion"},{"floor":27,"key":"Poison Potion"},{"floor":31,"key":"PowerPotion"}],"is_trial":false,"path_per_floor":["M","?","M","M","M","R","E","R","T","E","?","R","?","M","R","B",null,"M","?","?","?","M","R","$","M","T","M","$","R","?","E","R","B"],"character_chosen":"THE_SILENT","items_purchased":["Cloak And Dagger","Whetstone","GhostInAJar"],"campfire_rested":3,"item_purchase_floors":[24,24,28],"current_hp_per_floor":[68,61,61,59,57,57,44,44,51,37,37,60,65,63,63,25,82,76,76,76,52,48,48,48,38,38,22,22,46,46,32,56,0],"gold":33,"neow_bonus":"REMOVE_CARD","is_prod":false,"is_daily":false,"chose_seed":false,"campfire_upgraded":4,"win_rate":0,"timestamp":1547281729,"path_taken":["M","?","M","M","M","R","E","R","T","E","?","R","?","M","R","BOSS","M","?","?","?","M","R","$","M","T","M","$","R","?","E","R","BOSS"],"build_version":"2019-01-10","purchased_purges":2,"victory":false,"max_hp_per_floor":[70,70,70,70,70,70,70,70,77,77,77,77,82,82,82,82,82,82,82,82,82,82,82,82,82,82,82,82,82,82,82,82,82],"card_choices":[{"not_picked":["Bane","Dagger Spray"],"picked":"Backflip","floor":1},{"not_picked":["Dodge and Roll","Prepared"],"picked":"Dagger Throw","floor":3},{"not_picked":["Underhanded Strike","Sucker Punch"],"picked":"Cloak And Dagger","floor":4},{"not_picked":["Bouncing Flask","Crippling Poison"],"picked":"Dagger Throw","floor":5},{"not_picked":["Slice","Corpse Explosion"],"picked":"Infinite Blades","floor":7},{"not_picked":["Slice","Blade Dance"],"picked":"Accuracy","floor":10},{"not_picked":["Eviscerate","Tactician"],"picked":"Flying Knee","floor":14},{"not_picked":["Phantasmal Killer","Corpse Explosion"],"picked":"Tools of the Trade","floor":16},{"not_picked":["Choke+1","Slice+1","Dash"],"picked":"SKIP","floor":18},{"not_picked":["Blur","Dagger Throw"],"picked":"Quick Slash+1","floor":22},{"not_picked":["Dodge and Roll","Poisoned Stab+1","Deadly Poison"],"picked":"SKIP","floor":25},{"not_picked":["Distraction","Choke"],"picked":"Blade Dance","floor":27},{"not_picked":["Poisoned Stab+1","Bane"],"picked":"Unload","floor":31}],"player_experience":126184,"relics_obtained":[{"floor":7,"key":"Juzu Bracelet"},{"floor":9,"key":"Strawberry"},{"floor":10,"key":"Pen Nib"},{"floor":26,"key":"The Courier"},{"floor":31,"key":"Bottled Lightning"}],"event_choices":[{"cards_removed":["Defend_G"],"damage_healed":0,"gold_gain":0,"player_choice":"Card Removal","damage_taken":7,"max_hp_gain":0,"max_hp_loss":0,"event_name":"Golden Wing","floor":2,"gold_loss":0},{"damage_healed":0,"gold_gain":0,"player_choice":"Ignored","damage_taken":0,"max_hp_gain":0,"max_hp_loss":0,"event_name":"Liars Game","floor":11,"gold_loss":0},{"damage_healed":0,"gold_gain":0,"player_choice":"Donut","damage_taken":0,"max_hp_gain":5,"max_hp_loss":0,"event_name":"Big Fish","floor":13,"gold_loss":0},{"damage_healed":0,"gold_gain":0,"player_choice":"Ignored","damage_taken":0,"max_hp_gain":0,"max_hp_loss":0,"event_name":"The Mausoleum","floor":19,"gold_loss":0},{"damage_healed":0,"gold_gain":0,"player_choice":"Ignored","damage_taken":0,"max_hp_gain":0,"max_hp_loss":0,"event_name":"Ghosts","floor":20,"gold_loss":0},{"damage_healed":0,"gold_gain":0,"player_choice":"Fight","damage_taken":0,"max_hp_gain":0,"max_hp_loss":0,"event_name":"Colosseum","floor":21,"gold_loss":0},{"damage_healed":0,"gold_gain":0,"player_choice":"Fled From Nobs","damage_taken":0,"max_hp_gain":0,"max_hp_loss":0,"event_name":"Colosseum","floor":21,"gold_loss":0},{"damage_healed":0,"gold_gain":0,"player_choice":"Paid Fearfully","damage_taken":0,"max_hp_gain":0,"max_hp_loss":0,"event_name":"Masked Bandits","floor":30,"gold_loss":27}],"is_beta":false,"boss_relics":[{"not_picked":["Busted Crown","Ectoplasm"],"picked":"Lizard Tail"}],"items_purged_floors":[24,28],"is_endless":false,"potions_floor_spawned":[3,4,14,16,18,25,27,31],"killed_by":"Collector","ascension_level":1}