{"gold_per_floor":[119,119,119,30,50,85,85,85,85,98,98],"floor_reached":11,"playtime":329,"items_purged":[],"score":182,"play_id":"c52dc8f2-fe5f-4efe-a4a5-35de26c55fc0","local_time":"20190103000022","is_ascension_mode":true,"campfire_choices":[{"data":"Zap","floor":7.0,"key":"SMITH"}],"neow_cost":"NONE","seed_source_timestamp":0,"circlet_count":0,"master_deck":["AscendersBane","Strike_B","Strike_B","Strike_B","Defend_B","Defend_B","Defend_B","Defend_B","Zap+1","Dualcast","Coolheaded","Conserve Battery","Loop","Coolheaded","Reboot"],"special_seed":0,"relics":["Cracked Core","NeowsBlessing","Pen Nib","Matryoshka","Oddly Smooth Stone","Thread and Needle"],"potions_floor_usage":[11,11],"damage_taken":[{"damage":0.0,"enemies":"Cultist","floor":1.0,"turns":1.0},{"damage":0.0,"enemies":"2 Louse","floor":5.0,"turns":1.0},{"damage":0.0,"enemies":"3 Sentries","floor":6.0,"turns":1.0},{"damage":0,"enemies":"Small Slimes","floor":10,"turns":4},{"damage":66,"enemies":"Gremlin Nob","floor":11,"turns":4}],"seed_played":"-8445301021334927541","potions_obtained":[{"floor":3.0,"key":"Poison Potion"},{"floor":3.0,"key":"EntropicBrew"},{"floor":5.0,"key":"Dexterity Potion"}],"is_trial":false,"path_per_floor":["M","T","?","$","M","E","R","?","T","M","E"],"character_chosen":"DEFECT","items_purchased":["Conserve Battery","Loop"],"campfire_rested":0,"item_purchase_floors":[4,4],"current_hp_per_floor":[64,64,64,64,64,64,64,64,64,64,0],"gold":98,"neow_bonus":"THREE_ENEMY_KILL","is_prod":false,"is_daily":false,"chose_seed":false,"campfire_upgraded":1,"win_rate":0,"timestamp":1546491622,"path_taken":["M","?","?","$","?","E","R","?","T","M","E"],"build_version":"2018-12-20","purchased_purges":0,"victory":false,"max_hp_per_floor":[71,71,71,71,71,71,71,71,71,71,71],"card_choices":[{"not_picked":["Turbo","Leap"],"picked":"Coolheaded","floor":1.0},{"not_picked":["Self Repair","Ball Lightning"],"picked":"Coolheaded","floor":5.0},{"not_picked":["Undo","BootSequence"],"picked":"Reboot","floor":6.0},{"not_picked":["Redo","Auto Shields","Turbo"],"picked":"SKIP","floor":10}],"player_experience":908114,"relics_obtained":[{"floor":2.0,"key":"Pen Nib"},{"floor":6.0,"key":"Matryoshka"},{"floor":9,"key":"Oddly Smooth Stone"},{"floor":9,"key":"Thread and Needle"}],"event_choices":[{"damage_healed":0.0,"max_hp_gain":0.0,"max_hp_loss":0.0,"gold_gain":0.0,"event_name":"Lab","player_choice":"Got Potions","floor":3.0,"gold_loss":0.0,"damage_taken":0.0},{"cards_removed":["Strike_B"],"damage_healed":0,"gold_gain":0,"player_choice":"Offered Basic","damage_taken":0,"max_hp_gain":0,"max_hp_loss":0,"event_name":"Bonfire Elementals","floor":8,"gold_loss":0}],"is_beta":false,"boss_relics":[],"items_purged_floors":[],"is_endless":false,"potions_floor_spawned":[5],"killed_by":"Gremlin Nob","ascension_level":18}