{"gold_per_floor":[364,380,399,29,45,45,9,9,9,25,25,43,60,88,88,188,188,203,203,221,16,28,28,48,48,72,97,6,19,19,34,34,129,129,140,140,153,163,177,177,38,38,64,64,91,191,191,222,222,222,222,222,15,42,42],"floor_reached":55,"playtime":3243,"items_purged":["Strike_B","Strike_B","Darkness"],"score":874,"play_id":"ff0915dd-54ac-4162-9b1f-cffbc0762363","local_time":"20190116171402","is_ascension_mode":false,"campfire_choices":[{"data":"Zap","floor":6,"key":"SMITH"},{"data":"Sweeping Beam","floor":8,"key":"SMITH"},{"data":"Loop","floor":15,"key":"SMITH"},{"data":"Apotheosis","floor":23,"key":"SMITH"},{"data":"Machine Learning","floor":25,"key":"SMITH"},{"floor":30,"key":"REST"},{"floor":32,"key":"REST"},{"data":"Capacitor","floor":42,"key":"SMITH"},{"data":"Coolheaded","floor":44,"key":"SMITH"},{"data":"Consume","floor":47,"key":"SMITH"},{"floor":49,"key":"RECALL"},{"data":"Heatsinks","floor":52,"key":"SMITH"}],"neow_cost":"PERCENT_DAMAGE","seed_source_timestamp":231707701771802,"circlet_count":0,"master_deck":["Defend_B","Defend_B","Defend_B","Zap+1","Dualcast","Conserve Battery","Sweeping Beam+1","Ball Lightning","Core Surge","Capacitor+1","Coolheaded+1","Loop+1","Compile Driver","Machine Learning+1","Conserve Battery","Skim+1","Capacitor","Apotheosis+1","Conserve Battery","BootSequence","Flash of Steel","Storm+1","Buffer","Darkness+1","Reprogram+1","Recycle+1","Fusion+1","Glacier+1","Consume+1","Heatsinks+1","Defragment+1","Biased Cognition"],"relics":["Cracked Core","Membership Card","Mummified Hand","Kunai","Blue Candle","Nuclear Battery","GremlinMask","Happy Flower","Pocketwatch","Astrolabe","Art of War","Boot","Prayer Wheel","Unceasing Top","Molten Egg 2","Bottled Lightning","Gremlin Horn"],"potions_floor_usage":[14,27,33,38,50,54,55],"damage_taken":[{"damage":0,"enemies":"Cultist","floor":1,"turns":4},{"damage":0,"enemies":"2 Louse","floor":2,"turns":2},{"damage":4,"enemies":"Jaw Worm","floor":3,"turns":3},{"damage":0,"enemies":"Red Slaver","floor":5,"turns":4},{"damage":4,"enemies":"Gremlin Gang","floor":10,"turns":3},{"damage":3,"enemies":"Looter","floor":12,"turns":2},{"damage":0,"enemies":"Large Slime","floor":13,"turns":4},{"damage":0,"enemies":"Lagavulin","floor":14,"turns":6},{"damage":19,"enemies":"The Guardian","floor":16,"turns":12},{"damage":0,"enemies":"Spheric Guardian","floor":18,"turns":3},{"damage":0,"enemies":"Chosen","floor":20,"turns":5},{"damage":19,"enemies":"Snake Plant","floor":22,"turns":4},{"damage":10,"enemies":"Centurion and Healer","floor":24,"turns":6},{"damage":17,"enemies":"Slavers","floor":27,"turns":5},{"damage":0,"enemies":"Cultist and Chosen","floor":29,"turns":5},{"damage":4,"enemies":"Snake Plant","floor":31,"turns":5},{"damage":0,"enemies":"Automaton","floor":33,"turns":8},{"damage":0,"enemies":"3 Shapes","floor":35,"turns":4},{"damage":8,"enemies":"Orb Walker","floor":37,"turns":4},{"damage":9,"enemies":"Sphere and 2 Shapes","floor":38,"turns":6},{"damage":0,"enemies":"Transient","floor":39,"turns":5},{"damage":17,"enemies":"Reptomancer","floor":45,"turns":8},{"damage":0,"enemies":"Mind Bloom Boss Battle","floor":46,"turns":5},{"damage":0,"enemies":"Nemesis","floor":48,"turns":6},{"damage":0,"enemies":"Donu and Deca","floor":50,"turns":8},{"damage":35,"enemies":"Shield and Spear","floor":54,"turns":4},{"damage":40,"enemies":"The Heart","floor":55,"turns":2}],"seed_played":"-1969797093070355602","potions_obtained":[{"floor":1,"key":"PowerPotion"},{"floor":5,"key":"Fire Potion"},{"floor":10,"key":"Poison Potion"},{"floor":24,"key":"Dexterity Potion"},{"floor":27,"key":"AttackPotion"},{"floor":29,"key":"SteroidPotion"},{"floor":31,"key":"PowerPotion"},{"floor":33,"key":"PowerPotion"},{"floor":45,"key":"Energy Potion"},{"floor":54,"key":"Dexterity Potion"}],"is_trial":false,"path_per_floor":["M","M","M","$","M","R","$","R","T","M","?","M","M","E","R","B",null,"M","?","M","$","M","R","M","R","T","E","$","M","R","M","R","B",null,"M","?","M","M","M","?","$","R","T","R","E","?","R","E","R","B",null,"R","$","E","B"],"character_chosen":"DEFECT","items_purchased":["Membership Card","Mummified Hand","Capacitor","Capacitor","Apotheosis","Happy Flower","Conserve Battery","Flash of Steel","Art of War","Biased Cognition","Bottled Lightning"],"campfire_rested":2,"item_purchase_floors":[4,4,7,21,21,21,21,28,41,53,53],"current_hp_per_floor":[54,54,50,50,50,50,50,50,50,46,46,43,43,43,43,24,75,75,75,75,75,56,56,46,46,46,29,29,29,51,47,69,69,75,75,75,67,58,58,58,58,58,58,58,41,41,41,41,41,41,71,71,71,36,0],"gold":42,"neow_bonus":"TWO_FIFTY_GOLD","is_prod":false,"is_daily":false,"chose_seed":false,"campfire_upgraded":9,"win_rate":0,"timestamp":1547658842,"path_taken":["M","M","M","$","M","R","?","R","T","M","?","?","M","E","R","BOSS","M","?","M","$","M","R","?","R","T","E","$","M","R","?","R","BOSS","M","?","M","M","M","?","$","R","T","R","E","?","R","E","R","BOSS","R","$","E","BOSS"],"build_version":"2019-01-14v2","purchased_purges":3,"victory":false,"max_hp_per_floor":[75,75,75,75,75,75,75,75,75,75,75,75,75,75,75,75,75,75,75,75,75,75,75,75,75,75,75,75,75,75,75,75,75,75,75,75,75,75,75,71,71,71,71,71,71,71,71,71,71,71,71,71,71,71,71],"card_choices":[{"not_picked":["Double Energy","Turbo"],"picked":"Conserve Battery","floor":1},{"not_picked":["Compile Driver","Barrage"],"picked":"Sweeping Beam","floor":2},{"not_picked":["Stack","Chaos"],"picked":"Ball Lightning","floor":3},{"not_picked":["Undo","Loop"],"picked":"Core Surge","floor":5},{"not_picked":["Melter","Storm"],"picked":"Coolheaded","floor":10},{"not_picked":["Sweeping Beam","Blizzard","Coolheaded"],"picked":"SKIP","floor":12},{"not_picked":["Hyperbeam","Cold Snap"],"picked":"Loop","floor":13},{"not_picked":["Redo","Rebound"],"picked":"Compile Driver","floor":14},{"not_picked":["Core Surge","Seek"],"picked":"Machine Learning","floor":16},{"not_picked":["Compile Driver","Redo"],"picked":"Conserve Battery","floor":18},{"not_picked":["BootSequence","Ball Lightning"],"picked":"Skim+1","floor":20},{"not_picked":["Beam Cell+1","Gash"],"picked":"Darkness","floor":22},{"not_picked":["Turbo","Ball Lightning+1"],"picked":"BootSequence","floor":24},{"not_picked":["Conserve Battery","Sunder","Sweeping Beam+1"],"picked":"SKIP","floor":27},{"not_picked":["Sweeping Beam","Steam","Beam Cell"],"picked":"SKIP","floor":29},{"not_picked":["Turbo","Reboot"],"picked":"Storm+1","floor":31},{"not_picked":["Multi-Cast","Hyperbeam"],"picked":"Buffer","floor":33},{"not_picked":["Conserve Battery","Darkness","Ball Lightning+1"],"picked":"SKIP","floor":35},{"not_picked":["Static Discharge","Cold Snap"],"picked":"Fusion+1","floor":37},{"not_picked":["Sweeping Beam","Steam+1","Coolheaded"],"picked":"SKIP","floor":38},{"not_picked":["Gash","Steam Power+1"],"picked":"Glacier+1","floor":39},{"not_picked":["FTL","All For One"],"picked":"Consume","floor":45},{"not_picked":["Reprogram","Chaos"],"picked":"Heatsinks","floor":46},{"not_picked":["Barrage+1","Coolheaded"],"picked":"Defragment+1","floor":48},{"not_picked":["White Noise","Heatsinks","Undo"],"picked":"SKIP","floor":54}],"player_experience":759075,"relics_obtained":[{"floor":9,"key":"Kunai"},{"floor":14,"key":"Blue Candle"},{"floor":27,"key":"Pocketwatch"},{"floor":43,"key":"Boot"},{"floor":45,"key":"Prayer Wheel"},{"floor":46,"key":"Unceasing Top"},{"floor":48,"key":"Molten Egg 2"},{"floor":54,"key":"Gremlin Horn"}],"event_choices":[{"damage_healed":0,"gold_gain":0,"player_choice":"0 cards matched","damage_taken":0,"max_hp_gain":0,"max_hp_loss":0,"event_name":"Match and Keep!","floor":11,"gold_loss":0,"cards_obtained":[]},{"damage_healed":0,"gold_gain":0,"player_choice":"Trade","damage_taken":0,"relics_obtained":["GremlinMask"],"max_hp_gain":0,"max_hp_loss":0,"event_name":"FaceTrader","floor":19,"gold_loss":0},{"damage_healed":0,"gold_gain":0,"player_choice":"Ignored","damage_taken":0,"max_hp_gain":0,"max_hp_loss":0,"event_name":"Tomb of Lord Red Mask","floor":36,"gold_loss":0},{"damage_healed":0,"gold_gain":0,"player_choice":"Max HP","damage_taken":0,"max_hp_gain":0,"max_hp_loss":4,"event_name":"Winding Halls","floor":40,"gold_loss":0},{"damage_healed":0,"gold_gain":0,"player_choice":"Fight","damage_taken":0,"max_hp_gain":0,"max_hp_loss":0,"event_name":"MindBloom","floor":46,"gold_loss":0}],"is_beta":true,"boss_relics":[{"not_picked":["Runic Dome","Lizard Tail"],"picked":"Nuclear Battery"},{"not_picked":["Tiny House","FrozenCore"],"picked":"Astrolabe"}],"items_purged_floors":[4,28,41],"is_endless":false,"potions_floor_spawned":[1,5,10,13,24,27,29,31,33,37,45,46,48,54],"killed_by":"The Heart","ascension_level":0}