{"gold_per_floor":[116,58,58,69,69,103,103,14,89,103,114,114,131,131,131,207,207,191,191,191,208,208,208,2,2,2,21,21],"floor_reached":28,"playtime":14780,"items_purged":[],"score":434,"play_id":"46bd3821-e4db-4e32-ba37-861b0c1257c3","local_time":"20181216163544","is_ascension_mode":true,"campfire_choices":[{"data":"Coolheaded","floor":7,"key":"SMITH"},{"floor":15,"key":"REST"},{"data":"Fusion","floor":23,"key":"SMITH"},{"data":"Redo","floor":25,"key":"SMITH"}],"neow_cost":"NONE","seed_source_timestamp":0,"circlet_count":0,"master_deck":["AscendersBane","Strike_B+1","Strike_B+1","Strike_B+1","Defend_B+1","Defend_B+1","Defend_B+1","Defend_B+1","Zap+1","Dualcast","Hologram","Coolheaded+1","Coolheaded","Beam Cell","Echo Form","Steam","Reprogram","Hyperbeam","Fusion+1","Ghostly","Ghostly","Ghostly","Scrape","Meteor Strike","Redo+1","Turbo+1"],"special_seed":0,"relics":["Cracked Core","NeowsBlessing","Shuriken","Pantograph","Black Star","Mummified Hand"],"potions_floor_usage":[13,16],"damage_taken":[{"damage":0.0,"enemies":"Small Slimes","floor":1.0,"turns":1.0},{"damage":0,"enemies":"Jaw Worm","floor":4,"turns":1},{"damage":0,"enemies":"3 Sentries","floor":6,"turns":1},{"damage":4,"enemies":"2 Louse","floor":10,"turns":2},{"damage":15,"enemies":"Exordium Wildlife","floor":11,"turns":4},{"damage":4,"enemies":"Gremlin Gang","floor":13,"turns":6},{"damage":31,"enemies":"Hexaghost","floor":16,"turns":13},{"damage":27,"enemies":"2 Thieves","floor":18,"turns":4},{"damage":0,"enemies":"Chosen","floor":21,"turns":5},{"damage":23,"enemies":"Shelled Parasite and Fungi","floor":27,"turns":6},{"damage":11,"enemies":"Chosen and Byrds","floor":28,"turns":4}],"seed_played":"-1486606957747863885","potions_obtained":[{"floor":1.0,"key":"Weak Potion"},{"floor":6,"key":"Energy Potion"},{"floor":10,"key":"AttackPotion"},{"floor":16,"key":"SteroidPotion"},{"floor":21,"key":"Explosive Potion"}],"is_trial":false,"path_per_floor":["M","$","?","M","?","E","R","$","T","M","M","?","M","$","R","B",null,"M","?","?","M","$","R","$","R","T","M","M"],"character_chosen":"DEFECT","items_purchased":["Coolheaded","Echo Form","Meteor Strike","Redo"],"campfire_rested":1,"item_purchase_floors":[2,8,24,24],"current_hp_per_floor":[64,64,64,64,43,43,43,43,43,39,24,17,13,13,34,28,60,33,33,33,33,33,33,33,33,33,10,0],"gold":21,"neow_bonus":"THREE_ENEMY_KILL","is_prod":false,"is_daily":false,"chose_seed":false,"campfire_upgraded":3,"win_rate":0,"timestamp":1544996144,"path_taken":["M","$","?","M","?","E","R","$","T","M","M","?","M","?","R","BOSS","M","?","?","M","?","R","$","R","T","M","?"],"build_version":"2018-12-13","purchased_purges":0,"victory":false,"max_hp_per_floor":[71,71,71,71,71,71,71,71,71,71,71,71,71,71,71,71,71,71,35,35,35,35,35,35,35,35,35,35],"card_choices":[{"not_picked":["Self Repair","Leap"],"picked":"Hologram","floor":1.0},{"not_picked":["Rip and Tear","Turbo"],"picked":"Coolheaded","floor":4},{"not_picked":["Hologram","Compile Driver"],"picked":"Beam Cell","floor":6},{"not_picked":["Steam Power","Conserve Battery"],"picked":"Steam","floor":10},{"not_picked":["Cold Snap","Conserve Battery"],"picked":"Reprogram","floor":11},{"not_picked":["Cold Snap","Coolheaded","Redo"],"picked":"SKIP","floor":13},{"not_picked":["Amplify","Core Surge"],"picked":"Hyperbeam","floor":16},{"not_picked":["Cold Snap","Steam"],"picked":"Fusion","floor":18},{"not_picked":["Heatsinks","Redo"],"picked":"Scrape","floor":21},{"not_picked":["Sunder","Steam"],"picked":"Turbo+1","floor":27}],"player_experience":820151,"relics_obtained":[{"floor":6,"key":"Shuriken"},{"floor":9,"key":"Pantograph"},{"floor":26,"key":"Mummified Hand"}],"event_choices":[{"damage_healed":0,"gold_gain":0,"player_choice":"Grow","damage_taken":0,"max_hp_gain":0,"max_hp_loss":0,"event_name":"Living Wall","floor":3,"gold_loss":0,"cards_upgraded":["Zap"]},{"damage_healed":0,"gold_gain":0,"player_choice":"Entered Light","damage_taken":21,"max_hp_gain":0,"max_hp_loss":0,"event_name":"Shining Light","floor":5,"gold_loss":0,"cards_upgraded":["Strike_B","Defend_B"]},{"cards_removed":["Strike_B"],"damage_healed":0,"gold_gain":0,"player_choice":"Card Removal","damage_taken":7,"max_hp_gain":0,"max_hp_loss":0,"event_name":"Golden Wing","floor":12,"gold_loss":0},{"damage_healed":0,"gold_gain":0,"player_choice":"Became a Ghost","damage_taken":0,"max_hp_gain":0,"max_hp_loss":36,"event_name":"Ghosts","floor":19,"gold_loss":0,"cards_obtained":["Ghostly","Ghostly","Ghostly"]},{"damage_healed":0,"gold_gain":0,"player_choice":"Simplicity","damage_taken":0,"max_hp_gain":0,"max_hp_loss":0,"event_name":"Back to Basics","floor":20,"gold_loss":0,"cards_upgraded":["Strike_B","Strike_B","Defend_B","Defend_B","Defend_B"]}],"is_beta":false,"boss_relics":[{"not_picked":["Philosopher\u0027s Stone","Runic Dome"],"picked":"Black Star"}],"items_purged_floors":[],"is_endless":false,"potions_floor_spawned":[1,6,10,16,21],"killed_by":"Chosen and Byrds","ascension_level":16}