{"gold_per_floor":[115,129,129,145,129,129,54,73,120,20,20,20,20,20,20,123,123,96,111,131,149,149],"floor_reached":22,"playtime":1536,"items_purged":["Strike_G","Strike_G"],"score":178,"play_id":"1eb53acf-4292-48e3-817c-548c212533d3","local_time":"20181225211313","is_ascension_mode":false,"campfire_choices":[{"data":"Deadly Poison","floor":6,"key":"SMITH"},{"data":"Leg Sweep","floor":11,"key":"SMITH"},{"data":"Backflip","floor":15,"key":"SMITH"}],"neow_cost":"NONE","seed_source_timestamp":74835786862561,"circlet_count":0,"master_deck":["Defend_G","Defend_G","Defend_G","Defend_G","Defend_G","Strike_G","Strike_G","Survivor","Neutralize+1","Backflip+1","Deadly Poison+1","Footwork","Leg Sweep+1","Poisoned Stab","Venomology","Flying Knee","Sucker Punch+1","Bane","PiercingWail"],"relics":["Ring of the Snake","Boot","Eternal Feather"],"potions_floor_usage":[16,18,18,20,21,21,22,22,22,22,22,22],"damage_taken":[{"damage":0,"enemies":"2 Louse","floor":1,"turns":3},{"damage":0,"enemies":"Cultist","floor":2,"turns":3},{"damage":4,"enemies":"Small Slimes","floor":4,"turns":4},{"damage":7,"enemies":"Exordium Thugs","floor":5,"turns":6},{"damage":3,"enemies":"Red Slaver","floor":8,"turns":5},{"damage":41,"enemies":"Slime Boss","floor":16,"turns":21},{"damage":16,"enemies":"2 Thieves","floor":18,"turns":5},{"damage":14,"enemies":"Spheric Guardian","floor":19,"turns":7},{"damage":16,"enemies":"Shelled Parasite and Fungi","floor":20,"turns":10},{"damage":23,"enemies":"3 Cultists","floor":21,"turns":9},{"damage":14,"enemies":"Centurion and Healer","floor":22,"turns":5}],"seed_played":"8471302888869534242","potions_obtained":[{"floor":2,"key":"Dexterity Potion"},{"floor":8,"key":"Swift Potion"},{"floor":16,"key":"Fire Potion"},{"floor":18,"key":"EntropicBrew"},{"floor":19,"key":"Fire Potion"},{"floor":20,"key":"Weak Potion"}],"is_trial":false,"path_per_floor":["M","M","?","M","M","R","$","M","T","$","R","?","?","?","R","B",null,"M","M","M","M","M"],"character_chosen":"THE_SILENT","items_purchased":[],"campfire_rested":0,"item_purchase_floors":[],"current_hp_per_floor":[70,70,70,66,59,59,59,56,56,56,56,53,53,58,58,17,75,59,45,29,6,0],"gold":149,"neow_bonus":"UPGRADE_CARD","is_prod":false,"is_daily":false,"chose_seed":false,"campfire_upgraded":3,"win_rate":0,"timestamp":1545739993,"path_taken":["M","M","?","?","M","R","$","M","T","$","R","?","?","?","R","BOSS","M","M","M","M","M"],"build_version":"2018-12-20","purchased_purges":2,"victory":false,"max_hp_per_floor":[70,70,70,70,70,70,70,70,70,70,70,70,70,75,75,75,75,75,75,75,75,75],"card_choices":[{"not_picked":["Slice","Deflect"],"picked":"Backflip","floor":1},{"not_picked":["Flying Knee","Caltrops"],"picked":"Deadly Poison","floor":2},{"not_picked":["Underhanded Strike","After Image"],"picked":"Footwork","floor":4},{"not_picked":["Sucker Punch","Deflect"],"picked":"Leg Sweep","floor":5},{"not_picked":["Sucker Punch","Dodge and Roll"],"picked":"Poisoned Stab","floor":8},{"not_picked":["Malaise","Doppelganger"],"picked":"Venomology","floor":16},{"not_picked":["Reflex","Predator"],"picked":"Flying Knee","floor":18},{"not_picked":["Prepared","Quick Slash"],"picked":"Sucker Punch+1","floor":19},{"not_picked":["PiercingWail","All Out Attack"],"picked":"Bane","floor":20},{"not_picked":["Outmaneuver","Cloak And Dagger"],"picked":"PiercingWail","floor":21}],"player_experience":60378,"relics_obtained":[{"floor":9,"key":"Boot"}],"event_choices":[{"cards_removed":["Strike_G"],"damage_healed":0,"gold_gain":0,"player_choice":"Purged","damage_taken":0,"max_hp_gain":0,"max_hp_loss":0,"event_name":"Purifier","floor":3,"gold_loss":0},{"damage_healed":0,"gold_gain":0,"player_choice":"Fled","damage_taken":3,"max_hp_gain":0,"max_hp_loss":0,"event_name":"Scrap Ooze","floor":12,"gold_loss":0},{"damage_healed":0,"gold_gain":0,"player_choice":"Ignored","damage_taken":0,"max_hp_gain":0,"max_hp_loss":0,"event_name":"Liars Game","floor":13,"gold_loss":0},{"damage_healed":0,"gold_gain":0,"player_choice":"Donut","damage_taken":0,"max_hp_gain":5,"max_hp_loss":0,"event_name":"Big Fish","floor":14,"gold_loss":0}],"is_beta":false,"boss_relics":[{"not_picked":["Runic Pyramid","HoveringKite"],"picked":"Eternal Feather"}],"items_purged_floors":[7,10],"is_endless":false,"potions_floor_spawned":[2,8,16,18,19,20],"killed_by":"Centurion and Healer","ascension_level":0}