{"gold_per_floor":[112,112,130,142,22,57,72,72,72,92,167,178,195,229,229,329,329,341,391,42,42,61,90,90,90,115,115,115,146,146,21,21,123,123,140,240,22,0,0,0,35,35,35,35,35,35,45,45,45,45],"floor_reached":51,"playtime":3950,"items_purged":["Strike_R","Strike_R","Defend_R","Bite"],"score":725,"play_id":"8eb74c90-ee2c-4932-962b-4b8dd1d6033e","local_time":"20190113013149","is_ascension_mode":true,"campfire_choices":[{"data":"Reaper","floor":8,"key":"SMITH"},{"floor":15,"key":"REST"},{"floor":25,"key":"REST"},{"data":"Armaments","floor":28,"key":"SMITH"},{"floor":30,"key":"REST"},{"data":"Mayhem","floor":32,"key":"SMITH"},{"data":"Body Slam","floor":40,"key":"SMITH"},{"data":"Madness","floor":46,"key":"SMITH"},{"floor":49,"key":"REST"}],"neow_cost":"NONE","seed_source_timestamp":53964011735900,"circlet_count":0,"master_deck":["Defend_R","Bash","Cleave","Iron Wave","Shrug It Off","Reaper+1","Inflame","Clothesline","Armaments+1","Battle Trance","Body Slam+1","Offering","Heavy Blade","Bite","Bite","Bite","Bite","Backflip","Mayhem+1","Master of Strategy","Body Slam+1","Shockwave","Flash of Steel+1","Madness+1","Madness","Blind","Swift Strike+1","Offering"],"relics":["Burning Blood","Juzu Bracelet","Bag of Marbles","Bottled Lightning","Sozu","PrismaticShard","WingedGreaves","Lantern","Vajra","Centennial Puzzle","Empty Cage","Du-Vu Doll","Red Mask","Singing Bowl","Pantograph","Pear"],"potions_floor_usage":[6,12,16,16,16,18],"damage_taken":[{"damage":5,"enemies":"Small Slimes","floor":1,"turns":4},{"damage":8,"enemies":"2 Louse","floor":3,"turns":2},{"damage":4,"enemies":"Cultist","floor":4,"turns":4},{"damage":35,"enemies":"Lagavulin","floor":6,"turns":8},{"damage":10,"enemies":"Looter","floor":7,"turns":4},{"damage":16,"enemies":"Blue Slaver","floor":10,"turns":5},{"damage":4,"enemies":"Large Slime","floor":12,"turns":6},{"damage":4,"enemies":"Exordium Wildlife","floor":13,"turns":2},{"damage":30,"enemies":"Gremlin Nob","floor":14,"turns":5},{"damage":54,"enemies":"Hexaghost","floor":16,"turns":12},{"damage":17,"enemies":"2 Thieves","floor":18,"turns":2},{"damage":5,"enemies":"Chosen","floor":22,"turns":4},{"damage":50,"enemies":"Book of Stabbing","floor":23,"turns":7},{"damage":25,"enemies":"Colosseum Slavers","floor":24,"turns":5},{"damage":55,"enemies":"Gremlin Leader","floor":29,"turns":7},{"damage":42,"enemies":"Automaton","floor":33,"turns":9},{"damage":17,"enemies":"3 Darklings","floor":35,"turns":3},{"damage":40,"enemies":"Mind Bloom Boss Battle","floor":36,"turns":6},{"damage":26,"enemies":"Nemesis","floor":41,"turns":5},{"damage":12,"enemies":"Orb Walker","floor":47,"turns":2},{"damage":93,"enemies":"Donu and Deca","floor":50,"turns":10}],"seed_played":"3585149317366174039","potions_obtained":[{"floor":3,"key":"SkillPotion"},{"floor":7,"key":"AttackPotion"},{"floor":12,"key":"Swift Potion"},{"floor":13,"key":"Swift Potion"},{"floor":14,"key":"AttackPotion"},{"floor":16,"key":"SkillPotion"}],"is_trial":false,"path_per_floor":["M","?","M","M","$","E","M","R","T","M","?","M","M","E","R","B",null,"M","?","$","?","M","E","?","R","T","?","R","E","R","$","R","B",null,"M","?","$","?","?","R","E","?","T","T","?","R","M","?","R","B",null],"character_chosen":"IRONCLAD","items_purchased":["Shrug It Off","PrismaticShard","Heavy Blade","Shockwave"],"campfire_rested":4,"item_purchase_floors":[5,20,20,37],"current_hp_per_floor":[88,81,79,81,81,52,52,52,52,47,36,45,47,30,56,8,88,77,77,77,61,61,29,26,44,44,44,44,22,40,40,40,47,61,61,47,47,47,47,47,47,39,39,49,49,49,48,48,69,27],"gold":45,"neow_bonus":"TEN_PERCENT_HP_BONUS","is_prod":false,"is_daily":false,"chose_seed":false,"campfire_upgraded":5,"win_rate":0,"timestamp":1547314309,"path_taken":["M","?","M","M","$","E","M","R","T","M","?","M","M","E","R","BOSS","M","?","$","?","M","E","?","R","T","?","R","E","R","$","R","BOSS","M","?","$","?","?","R","E","?","T","?","?","R","M","?","R","BOSS"],"build_version":"2019-01-10","purchased_purges":4,"victory":true,"max_hp_per_floor":[88,88,88,88,88,88,88,88,88,88,88,88,88,88,88,88,88,88,88,88,61,61,61,61,61,61,61,61,61,61,61,61,61,61,61,61,61,61,61,61,61,61,61,71,71,71,71,71,71,71],"card_choices":[{"not_picked":["Wild Strike","Iron Wave"],"picked":"Cleave","floor":1},{"not_picked":["Iron Wave","Metallicize"],"picked":"Body Slam","floor":3},{"not_picked":["Searing Blow","Headbutt"],"picked":"Iron Wave","floor":4},{"not_picked":["Bloodletting","Cleave"],"picked":"Reaper","floor":6},{"not_picked":["Wild Strike","Heavy Blade"],"picked":"Inflame","floor":7},{"not_picked":["Blood for Blood","Thunderclap"],"picked":"Clothesline","floor":10},{"not_picked":["Wild Strike","Warcry"],"picked":"Armaments","floor":12},{"not_picked":["Bloodletting","Warcry"],"picked":"Battle Trance","floor":13},{"not_picked":["Armaments","Warcry"],"picked":"Body Slam","floor":14},{"not_picked":["Brutality","Fiend Fire"],"picked":"Offering","floor":16},{"not_picked":["Havoc","Thunderclap","Pummel"],"picked":"SKIP","floor":18},{"not_picked":["Lockon+1","Blood for Blood"],"picked":"Backflip","floor":22},{"not_picked":["Cold Snap","Underhanded Strike","Panache"],"picked":"SKIP","floor":23},{"not_picked":["Slice","Clash"],"picked":"Mayhem","floor":29},{"not_picked":["Brutality","After Image"],"picked":"Master of Strategy","floor":33},{"not_picked":["Compile Driver+1","Rupture+1"],"picked":"Body Slam+1","floor":35},{"not_picked":["Lockon+1","Infinite Blades"],"picked":"Flash of Steel+1","floor":41},{"not_picked":["Mind Blast","Purity"],"picked":"Blind","floor":45},{"not_picked":["Predator+1","Predator+1"],"picked":"Swift Strike+1","floor":47}],"player_experience":223755,"relics_obtained":[{"floor":6,"key":"Juzu Bracelet"},{"floor":9,"key":"Bag of Marbles"},{"floor":14,"key":"Bottled Lightning"},{"floor":23,"key":"WingedGreaves"},{"floor":26,"key":"Lantern"},{"floor":29,"key":"Centennial Puzzle"},{"floor":36,"key":"Du-Vu Doll"},{"floor":41,"key":"Singing Bowl"},{"floor":43,"key":"Pantograph"},{"floor":44,"key":"Pear"}],"event_choices":[{"cards_removed":["Strike_R"],"damage_healed":0,"gold_gain":0,"player_choice":"Card Removal","damage_taken":7,"max_hp_gain":0,"max_hp_loss":0,"event_name":"Golden Wing","floor":2,"gold_loss":0},{"damage_healed":0,"gold_gain":75,"player_choice":"Gather Gold","damage_taken":11,"max_hp_gain":0,"max_hp_loss":0,"event_name":"World of Goop","floor":11,"gold_loss":0},{"damage_healed":0,"gold_gain":100,"player_choice":"Bet on Murderer","damage_taken":0,"max_hp_gain":0,"max_hp_loss":0,"event_name":"The Joust","floor":19,"gold_loss":50},{"damage_healed":0,"gold_gain":0,"player_choice":"Became a vampire","damage_taken":0,"max_hp_gain":0,"max_hp_loss":27,"event_name":"Vampires","floor":21,"gold_loss":0,"cards_obtained":["Bite","Bite","Bite","Bite","Bite"]},{"damage_healed":0,"gold_gain":0,"player_choice":"Fight","damage_taken":0,"max_hp_gain":0,"max_hp_loss":0,"event_name":"Colosseum","floor":24,"gold_loss":0},{"damage_healed":0,"gold_gain":0,"player_choice":"Fled From Nobs","damage_taken":0,"max_hp_gain":0,"max_hp_loss":0,"event_name":"Colosseum","floor":24,"gold_loss":0},{"damage_healed":0,"gold_gain":0,"player_choice":"Opened","damage_taken":0,"relics_obtained":["Vajra"],"max_hp_gain":0,"max_hp_loss":0,"event_name":"The Mausoleum","floor":27,"gold_loss":0},{"damage_healed":0,"gold_gain":0,"player_choice":"Fight","damage_taken":0,"max_hp_gain":0,"max_hp_loss":0,"event_name":"MindBloom","floor":36,"gold_loss":0},{"damage_healed":0,"gold_gain":0,"player_choice":"Paid","damage_taken":0,"relics_obtained":["Red Mask"],"max_hp_gain":0,"max_hp_loss":0,"event_name":"Tomb of Lord Red Mask","floor":38,"gold_loss":22},{"cards_removed":["Body Slam"],"damage_healed":0,"gold_gain":0,"player_choice":"Removed Attack","damage_taken":0,"max_hp_gain":0,"max_hp_loss":0,"event_name":"Falling","floor":39,"gold_loss":0},{"damage_healed":0,"gold_gain":0,"player_choice":"Embrace Madness","damage_taken":8,"max_hp_gain":0,"max_hp_loss":0,"event_name":"Winding Halls","floor":42,"gold_loss":0,"cards_obtained":["Madness","Madness"]},{"damage_healed":0,"gold_gain":0,"player_choice":"Memory 1","damage_taken":0,"max_hp_gain":0,"max_hp_loss":0,"event_name":"SensoryStone","floor":45,"gold_loss":0},{"damage_healed":0,"gold_gain":0,"player_choice":"Copied","damage_taken":0,"max_hp_gain":0,"max_hp_loss":0,"event_name":"Duplicator","floor":48,"gold_loss":0,"cards_obtained":["Offering"]}],"is_beta":false,"boss_relics":[{"not_picked":["Black Blood","Eternal Feather"],"picked":"Sozu"},{"not_picked":["Black Star","Runic Dome"],"picked":"Empty Cage"}],"items_purged_floors":[5,20,31,37],"is_endless":false,"potions_floor_spawned":[3,7,12,13,14,16,23,24,33,35,36,47],"ascension_level":1}