{"gold_per_floor":[118,72,85,103,103,103,116,141,167,69,69,69,34,34,34,34],"floor_reached":16,"playtime":698,"items_purged":["Strike_R"],"score":103,"play_id":"d514a225-0525-4ab3-ad4f-b14f0f7a2cb7","local_time":"20190114193633","is_ascension_mode":true,"campfire_choices":[{"data":"Infernal Blade","floor":6,"key":"SMITH"},{"floor":12,"key":"REST"},{"data":"Wild Strike","floor":15,"key":"SMITH"}],"neow_cost":"NONE","seed_source_timestamp":235593474612939,"circlet_count":0,"master_deck":["Strike_R","Strike_R","Strike_R","Defend_R","Defend_R","Defend_R","Defend_R","Bash","Infernal Blade+1","Shrug It Off","Burning Pact","Shrug It Off","Feed","Rampage","Wild Strike+1"],"relics":["Burning Blood","Juzu Bracelet","Dream Catcher"],"potions_floor_usage":[8],"damage_taken":[{"damage":8,"enemies":"Jaw Worm","floor":1,"turns":5},{"damage":1,"enemies":"Cultist","floor":3,"turns":3},{"damage":0,"enemies":"2 Louse","floor":4,"turns":2},{"damage":5,"enemies":"Looter","floor":7,"turns":3},{"damage":54,"enemies":"Lagavulin","floor":8,"turns":10},{"damage":83,"enemies":"The Guardian","floor":16,"turns":14}],"seed_played":"-307459887650601173","potions_obtained":[{"floor":4,"key":"SneckoOil"}],"is_trial":false,"path_per_floor":["M","$","M","M","?","R","M","E","T","$","?","R","?","?","R","B"],"character_chosen":"IRONCLAD","items_purchased":["Shrug It Off","Wild Strike"],"campfire_rested":1,"item_purchase_floors":[2,10],"current_hp_per_floor":[86,86,88,88,88,88,88,40,40,40,33,59,81,81,81,0],"gold":34,"neow_bonus":"TEN_PERCENT_HP_BONUS","is_prod":false,"is_daily":false,"chose_seed":false,"campfire_upgraded":2,"win_rate":0,"timestamp":1547462193,"path_taken":["M","$","M","M","?","R","?","E","T","?","?","R","?","?","R","BOSS"],"build_version":"2019-01-10","purchased_purges":1,"victory":false,"max_hp_per_floor":[88,88,88,88,88,88,88,88,88,88,88,88,88,88,88,88],"card_choices":[{"not_picked":["Heavy Blade","Hemokinesis"],"picked":"Infernal Blade","floor":1},{"not_picked":["Headbutt","Carnage"],"picked":"Burning Pact","floor":3},{"not_picked":["Iron Wave","Evolve"],"picked":"Shrug It Off","floor":4},{"not_picked":["Shockwave","Iron Wave"],"picked":"Feed","floor":7},{"not_picked":["True Grit","Bloodletting"],"picked":"Rampage","floor":8}],"player_experience":133944,"relics_obtained":[{"floor":8,"key":"Juzu Bracelet"},{"floor":9,"key":"Dream Catcher"}],"event_choices":[{"damage_healed":0,"gold_gain":0,"player_choice":"0 cards matched","damage_taken":0,"max_hp_gain":0,"max_hp_loss":0,"event_name":"Match and Keep!","floor":5,"gold_loss":0,"cards_obtained":[]},{"cards_removed":["Strike_R"],"damage_healed":0,"gold_gain":0,"player_choice":"Card Removal","damage_taken":7,"max_hp_gain":0,"max_hp_loss":0,"event_name":"Golden Wing","floor":11,"gold_loss":0},{"damage_healed":22,"gold_gain":0,"player_choice":"Healed","damage_taken":0,"max_hp_gain":0,"max_hp_loss":0,"event_name":"The Cleric","floor":13,"gold_loss":35},{"damage_healed":0,"gold_gain":0,"player_choice":"Ignored","damage_taken":0,"max_hp_gain":0,"max_hp_loss":0,"event_name":"Liars Game","floor":14,"gold_loss":0}],"is_beta":false,"boss_relics":[],"items_purged_floors":[10],"is_endless":false,"potions_floor_spawned":[4],"killed_by":"The Guardian","ascension_level":1}