{"gold_per_floor":[114,132,145,163,176,176,187,187,269,288,323,349,4,37,37,116,116,133,152,152,166,177,177,102,102,155,189,189,203,203,214,214,288,288,302,322,422,77,94,94,109,122,122,138,13,25,39,65,65,65],"floor_reached":51,"playtime":6838,"items_purged":["Strike_B","Strike_B","Injury"],"score":1211,"play_id":"17351b06-5c1d-4010-bf54-15152f166df8","local_time":"20181211194045","is_ascension_mode":true,"campfire_choices":[{"data":"Zap","floor":6.0,"key":"SMITH"},{"data":"Sunder","floor":8.0,"key":"SMITH"},{"floor":15.0,"key":"REST"},{"data":"Buffer","floor":23.0,"key":"SMITH"},{"floor":25.0,"key":"REST"},{"data":"Creative AI","floor":30.0,"key":"SMITH"},{"floor":32.0,"key":"REST"},{"data":"Chaos","floor":40.0,"key":"SMITH"},{"floor":49.0,"key":"REST"}],"neow_cost":"NONE","seed_source_timestamp":0,"circlet_count":0,"master_deck":["AscendersBane","Strike_B","Defend_B","Defend_B","Defend_B","Defend_B","Zap+1","Dualcast","Coolheaded","Sweeping Beam","Coolheaded","Undo","Auto Shields","Sunder+1","Steam","Chaos+1","Streamline","Static Discharge","Creative AI+1","Steam","Conserve Battery","Hologram+1","Buffer+1","Buffer+1","Capacitor+1","Amplify","Coolheaded+1","Steam","Stack","Go for the Eyes","Chill+1","Clumsy"],"special_seed":0,"relics":["Cracked Core","Shuriken","Letter Opener","Odd Mushroom","ClockworkSouvenir","Pocketwatch","Cursed Key","Regal Pillow","Ancient Tea Set","Lizard Tail","StoneCalendar","Mercury Hourglass","Singing Bowl","Bottled Flame"],"potions_floor_usage":[50,50],"damage_taken":[{"damage":1.0,"enemies":"Cultist","floor":1.0,"turns":3.0},{"damage":0.0,"enemies":"Small Slimes","floor":2.0,"turns":3.0},{"damage":5.0,"enemies":"Jaw Worm","floor":3.0,"turns":4.0},{"damage":7.0,"enemies":"Red Slaver","floor":4.0,"turns":6.0},{"damage":10.0,"enemies":"3 Louse","floor":5.0,"turns":4.0},{"damage":9.0,"enemies":"Large Slime","floor":7.0,"turns":4.0},{"damage":4.0,"enemies":"Red Slaver","floor":10.0,"turns":5.0},{"damage":0.0,"enemies":"3 Sentries","floor":11.0,"turns":7.0},{"damage":9.0,"enemies":"The Mushroom Lair","floor":12.0,"turns":3.0},{"damage":14.0,"enemies":"Lagavulin","floor":14.0,"turns":5.0},{"damage":4.0,"enemies":"The Guardian","floor":16.0,"turns":10.0},{"damage":7.0,"enemies":"3 Byrds","floor":18.0,"turns":3.0},{"damage":3.0,"enemies":"Chosen","floor":19.0,"turns":6.0},{"damage":18.0,"enemies":"3 Cultists","floor":21.0,"turns":5.0},{"damage":3.0,"enemies":"Snecko","floor":22.0,"turns":5.0},{"damage":23.0,"enemies":"Book of Stabbing","floor":27.0,"turns":7.0},{"damage":2.0,"enemies":"Centurion and Healer","floor":29.0,"turns":10.0},{"damage":0.0,"enemies":"Sentry and Sphere","floor":31.0,"turns":7.0},{"damage":9.0,"enemies":"Champ","floor":33.0,"turns":12.0},{"damage":0.0,"enemies":"Orb Walker","floor":35.0,"turns":6.0},{"damage":13.0,"enemies":"3 Darklings","floor":36.0,"turns":8.0},{"damage":0.0,"enemies":"Mind Bloom Boss Battle","floor":37.0,"turns":10.0},{"damage":23.0,"enemies":"4 Shapes","floor":39.0,"turns":5.0},{"damage":0.0,"enemies":"Jaw Worm Horde","floor":41.0,"turns":6.0},{"damage":0.0,"enemies":"Maw","floor":42.0,"turns":11.0},{"damage":10.0,"enemies":"4 Shapes","floor":44.0,"turns":6.0},{"damage":0.0,"enemies":"Transient","floor":46.0,"turns":5.0},{"damage":0.0,"enemies":"Spire Growth","floor":47.0,"turns":9.0},{"damage":9.0,"enemies":"Giant Head","floor":48.0,"turns":13.0},{"damage":66,"enemies":"Awakened One","floor":50,"turns":18}],"seed_played":"-2967955128750547710","potions_obtained":[{"floor":2.0,"key":"PowerPotion"},{"floor":10.0,"key":"Energy Potion"},{"floor":12.0,"key":"Ancient Potion"},{"floor":14.0,"key":"Poison Potion"},{"floor":20.0,"key":"SteroidPotion"},{"floor":21.0,"key":"SkillPotion"},{"floor":27.0,"key":"Block Potion"},{"floor":33.0,"key":"Dexterity Potion"},{"floor":36.0,"key":"Energy Potion"},{"floor":44.0,"key":"PowerPotion"},{"floor":46.0,"key":"LiquidBronze"}],"is_trial":false,"path_per_floor":["M","M","M","M","M","R","M","R","T","M","E","?","$","E","R","B",null,"M","M","?","M","M","R","?","R","T","E","?","M","R","M","R","B",null,"M","M","?","$","M","R","M","M","T","M","$","M","M","E","R","B",null],"character_chosen":"DEFECT","items_purchased":["Static Discharge","ClockworkSouvenir","Mercury Hourglass"],"campfire_rested":4,"item_purchase_floors":[13,13,38],"current_hp_per_floor":[70,70,65,58,48,48,39,39,39,35,35,26,26,12,35,31,66,59,56,56,38,35,35,35,58,58,35,35,33,33,33,71,62,74,74,61,61,61,38,38,38,38,38,30,30,32,34,27,67,1],"gold":65,"neow_bonus":"TEN_PERCENT_HP_BONUS","is_prod":false,"is_daily":false,"chose_seed":false,"campfire_upgraded":5,"win_rate":0,"timestamp":1544575245,"path_taken":["M","M","?","M","M","R","M","R","T","M","E","?","$","E","R","BOSS","M","M","?","?","M","R","?","R","T","E","?","M","R","M","R","BOSS","M","M","?","$","M","R","M","M","T","M","$","M","M","E","R","BOSS"],"build_version":"2018-12-06","purchased_purges":3,"victory":true,"max_hp_per_floor":[78,78,78,78,78,78,78,78,78,78,78,78,78,78,78,78,78,78,78,78,78,78,78,78,78,78,78,78,78,78,78,78,78,78,78,78,78,78,78,78,78,78,78,80,80,82,84,86,86,86],"card_choices":[{"not_picked":["Beam Cell","Hologram"],"picked":"Coolheaded","floor":1.0},{"not_picked":["Doom and Gloom","Go for the Eyes"],"picked":"Sweeping Beam","floor":2.0},{"not_picked":["BootSequence","Fusion"],"picked":"Coolheaded","floor":3.0},{"not_picked":["Rebound","Beam Cell"],"picked":"Undo","floor":4.0},{"not_picked":["Heatsinks","Redo"],"picked":"Auto Shields","floor":5.0},{"not_picked":["Conserve Battery","Skim"],"picked":"Sunder","floor":7.0},{"not_picked":["Stack","Compile Driver"],"picked":"Steam","floor":10.0},{"not_picked":["Cold Snap","Steam Power"],"picked":"Chaos","floor":11.0},{"not_picked":["Coolheaded","Sweeping Beam"],"picked":"Streamline","floor":12.0},{"not_picked":["All For One","Redo","Lockon"],"picked":"SKIP","floor":14.0},{"not_picked":["Rainbow","Hyperbeam"],"picked":"Creative AI","floor":16.0},{"not_picked":["Stack","Chaos"],"picked":"Steam","floor":18.0},{"not_picked":["Turbo","Heatsinks"],"picked":"Conserve Battery","floor":19.0},{"not_picked":["Reinforced Body","Static Discharge"],"picked":"Hologram+1","floor":21.0},{"not_picked":["Fusion+1","Gash+1"],"picked":"Buffer","floor":22.0},{"not_picked":["Blizzard","Cold Snap","Ball Lightning"],"picked":"SKIP","floor":27.0},{"not_picked":["Sunder","BootSequence"],"picked":"Capacitor+1","floor":29.0},{"not_picked":["Hello World","Streamline","Ball Lightning"],"picked":"SKIP","floor":31.0},{"not_picked":["Meteor Strike","Seek"],"picked":"Amplify","floor":33.0},{"not_picked":["Beam Cell","Gash"],"picked":"Coolheaded+1","floor":35.0},{"not_picked":["Sunder","Redo"],"picked":"Steam","floor":36.0},{"not_picked":["Streamline","Beam Cell"],"picked":"Stack","floor":37.0},{"not_picked":["BootSequence","Leap","Cold Snap"],"picked":"SKIP","floor":39.0},{"not_picked":["Lockon","Darkness"],"picked":"Go for the Eyes","floor":41.0},{"not_picked":["Rebound","Steam Power"],"picked":"Chill+1","floor":42.0},{"not_picked":["Blizzard","Go for the Eyes","Stack"],"picked":"Singing Bowl","floor":44.0},{"not_picked":["Cold Snap","Blizzard+1","Beam Cell+1"],"picked":"Singing Bowl","floor":46.0},{"not_picked":["Machine Learning","Genetic Algorithm","Streamline+1"],"picked":"Singing Bowl","floor":47.0},{"not_picked":["Gash","Darkness","Electrodynamics"],"picked":"Singing Bowl","floor":48.0}],"player_experience":755392,"relics_obtained":[{"floor":9.0,"key":"Shuriken"},{"floor":11.0,"key":"Letter Opener"},{"floor":12.0,"key":"Odd Mushroom"},{"floor":14.0,"key":"Pocketwatch"},{"floor":26.0,"key":"Regal Pillow"},{"floor":27.0,"key":"Ancient Tea Set"},{"floor":37.0,"key":"StoneCalendar"},{"floor":43.0,"key":"Singing Bowl"},{"floor":48.0,"key":"Bottled Flame"}],"event_choices":[{"damage_healed":0.0,"max_hp_gain":0.0,"max_hp_loss":0.0,"gold_gain":0.0,"event_name":"Mushrooms","player_choice":"Fought Mushrooms","floor":12.0,"gold_loss":0.0,"damage_taken":0.0},{"damage_healed":0.0,"max_hp_gain":0.0,"max_hp_loss":0.0,"gold_gain":0.0,"event_name":"Lab","player_choice":"Got Potions","floor":20.0,"gold_loss":0.0,"damage_taken":0.0},{"cards_removed":["Strike_B"],"damage_healed":0.0,"max_hp_gain":0.0,"max_hp_loss":0.0,"gold_gain":0.0,"event_name":"Beggar","player_choice":"Gave Gold","floor":24.0,"gold_loss":75.0,"damage_taken":0.0},{"damage_healed":0.0,"max_hp_gain":0.0,"max_hp_loss":0.0,"gold_gain":0.0,"event_name":"Duplicator","player_choice":"Copied","floor":28.0,"gold_loss":0.0,"damage_taken":0.0,"cards_obtained":["Buffer"]},{"damage_healed":0.0,"max_hp_gain":0.0,"max_hp_loss":0.0,"gold_gain":0.0,"event_name":"MindBloom","player_choice":"Fight","floor":37.0,"gold_loss":0.0,"damage_taken":0.0}],"is_beta":false,"boss_relics":[{"not_picked":["Fusion Hammer","Calling Bell"],"picked":"Cursed Key"},{"not_picked":["Philosopher\u0027s Stone","White Beast Statue"],"picked":"Lizard Tail"}],"items_purged_floors":[13,38,45],"is_endless":false,"potions_floor_spawned":[2,10,12,14,21,27,33,36,42,44,46,47],"ascension_level":15}