{"gold_per_floor":[114,114,126,126,138,172,172,188,188,188,138,138,138,149,149,254,254,269,62,62,62,62,62,90,90,141,166,183,283,297,297,297,397,397,410,410,122,135,135,169,169,188,188,188,201,201,224,234,234,234],"floor_reached":51,"playtime":5280,"items_purged":["Defend_R","Strike_R"],"score":661,"play_id":"bdaaa75e-d305-41dc-88b1-c19220f0a963","local_time":"20190204004949","is_ascension_mode":false,"campfire_choices":[{"floor":7.0,"key":"REST"},{"floor":10.0,"key":"REST"},{"data":"Seeing Red","floor":12.0,"key":"SMITH"},{"data":"Infernal Blade","floor":15.0,"key":"SMITH"},{"data":"Dramatic Entrance","floor":23.0,"key":"SMITH"},{"floor":25.0,"key":"REST"},{"floor":32.0,"key":"REST"},{"floor":41,"key":"REST"},{"floor":44,"key":"REST"},{"floor":49,"key":"REST"}],"neow_cost":"NONE","seed_source_timestamp":0,"circlet_count":0,"master_deck":["Strike_R","Strike_R+1","Strike_R+1","Defend_R+1","Bash+1","Dropkick","Infernal Blade+1","Pommel Strike","Cleave","Seeing Red+1","Thunderclap","Double Tap","Sever Soul","Dramatic Entrance+1","Bash","Seeing Red+1","Battle Trance","Infernal Blade","Metallicize","Reaper","Clothesline+1","The Bomb","Ghostly Armor+1","Thunderclap+1"],"special_seed":0,"relics":["Burning Blood","Juzu Bracelet","Orichalcum","Shuriken","Lizard Tail","Pantograph","PreservedInsect","Lantern","StoneCalendar","Matryoshka","Busted Crown","Bird Faced Urn","Thread and Needle","Happy Flower","Ornamental Fan","Red Skull"],"potions_floor_usage":[33,33,33,33,33,40,40,40,50],"damage_taken":[{"damage":11.0,"enemies":"Jaw Worm","floor":1.0,"turns":3.0},{"damage":5.0,"enemies":"2 Louse","floor":3.0,"turns":3.0},{"damage":5.0,"enemies":"Small Slimes","floor":5.0,"turns":3.0},{"damage":32.0,"enemies":"3 Sentries","floor":6.0,"turns":7.0},{"damage":10.0,"enemies":"2 Fungi Beasts","floor":8.0,"turns":3.0},{"damage":7.0,"enemies":"Blue Slaver","floor":14.0,"turns":3.0},{"damage":40.0,"enemies":"Hexaghost","floor":16.0,"turns":7.0},{"damage":4.0,"enemies":"Chosen","floor":18.0,"turns":3.0},{"damage":39.0,"enemies":"Slavers","floor":24.0,"turns":4.0},{"damage":12.0,"enemies":"Gremlin Leader","floor":27.0,"turns":4.0},{"damage":4.0,"enemies":"2 Thieves","floor":28.0,"turns":2.0},{"damage":10.0,"enemies":"Colosseum Slavers","floor":29.0,"turns":2.0},{"damage":8.0,"enemies":"Colosseum Nobs","floor":29.0,"turns":3.0},{"damage":7.0,"enemies":"Cultist and Chosen","floor":30.0,"turns":4.0},{"damage":75,"enemies":"Champ","floor":33,"turns":7},{"damage":37,"enemies":"3 Darklings","floor":35,"turns":5},{"damage":26,"enemies":"3 Shapes","floor":38,"turns":3},{"damage":33,"enemies":"Giant Head","floor":40,"turns":7},{"damage":21,"enemies":"Jaw Worm Horde","floor":42,"turns":4},{"damage":21,"enemies":"Transient","floor":45,"turns":5},{"damage":28,"enemies":"Spire Growth","floor":48,"turns":5},{"damage":99,"enemies":"Awakened One","floor":50,"turns":11}],"seed_played":"5870070664470516543","potions_obtained":[{"floor":3.0,"key":"Weak Potion"},{"floor":5.0,"key":"Block Potion"},{"floor":6.0,"key":"EntropicBrew"},{"floor":8.0,"key":"Ancient Potion"},{"floor":27.0,"key":"FearPotion"},{"floor":30.0,"key":"BloodPotion"},{"floor":33,"key":"SteroidPotion"},{"floor":35,"key":"EssenceOfSteel"},{"floor":40,"key":"Explosive Potion"},{"floor":42,"key":"SteroidPotion"}],"is_trial":false,"path_per_floor":["?","?","?","T","?","?","?","?","?","?","?","?","T"],"character_chosen":"IRONCLAD","items_purchased":["Sever Soul","Dramatic Entrance","The Bomb"],"campfire_rested":7,"item_purchase_floors":[19,19,37],"current_hp_per_floor":[75,75,76,60,61,35,59,55,55,79,79,79,79,78,78,44,80,80,80,80,80,80,80,47,71,71,65,67,61,60,60,80,19,80,49,49,49,39,39,18,42,48,48,72,65,65,65,45,69,41],"gold":234,"neow_bonus":"UPGRADE_CARD","is_prod":false,"is_daily":false,"chose_seed":false,"campfire_upgraded":3,"win_rate":0.0,"timestamp":1549237789,"path_taken":["M","?","M","?","M","E","R","M","T","R","?","R","?","M","R","BOSS","M","$","?","?","?","R","E","R","T","E","M","?","M","?","R","BOSS","M","?","$","M","?","E","R","M","T","R","M","?","?","M","R","BOSS"],"build_version":"2019-01-23","purchased_purges":2,"victory":true,"max_hp_per_floor":[80,80,80,80,80,80,80,80,80,80,80,80,80,80,80,80,80,80,80,80,80,80,80,80,80,80,80,80,80,80,80,80,80,80,80,80,80,80,80,80,80,80,80,80,80,80,80,80,80,80],"card_choices":[{"not_picked":["Warcry","Flex"],"picked":"Dropkick","floor":1.0},{"not_picked":["Sword Boomerang","Pommel Strike"],"picked":"Infernal Blade","floor":3.0},{"not_picked":["Warcry","Headbutt"],"picked":"Pommel Strike","floor":5.0},{"not_picked":["Searing Blow","Pommel Strike"],"picked":"Cleave","floor":6.0},{"not_picked":["Cleave","Perfected Strike"],"picked":"Seeing Red","floor":8.0},{"not_picked":["Offering","Clash"],"picked":"Thunderclap","floor":14.0},{"not_picked":["Brutality","Barricade"],"picked":"Double Tap","floor":16.0},{"not_picked":["Warcry","Corruption","Iron Wave"],"picked":"SKIP","floor":18.0},{"not_picked":["Inflame","Armaments"],"picked":"Seeing Red+1","floor":24.0},{"not_picked":["Uppercut+1","Iron Wave+1"],"picked":"Battle Trance","floor":27.0},{"not_picked":["Thunderclap","Perfected Strike+1","Combust+1"],"picked":"SKIP","floor":28.0},{"not_picked":["Rupture+1","Metallicize"],"picked":"Infernal Blade","floor":29.0},{"not_picked":["Offering","Perfected Strike","True Grit"],"picked":"SKIP","floor":30.0},{"not_picked":["Impervious","Double Tap"],"picked":"Reaper","floor":33},{"not_picked":[],"picked":"Clothesline+1","floor":35},{"not_picked":[],"picked":"Ghostly Armor+1","floor":38},{"not_picked":["Power Through+1"],"picked":"SKIP","floor":40},{"not_picked":["Body Slam+1"],"picked":"SKIP","floor":42},{"not_picked":["Burning Pact"],"picked":"SKIP","floor":45},{"not_picked":[],"picked":"Thunderclap+1","floor":48}],"player_experience":2708,"relics_obtained":[{"floor":6.0,"key":"Juzu Bracelet"},{"floor":9.0,"key":"Orichalcum"},{"floor":13.0,"key":"Shuriken"},{"floor":24.0,"key":"Pantograph"},{"floor":26.0,"key":"PreservedInsect"},{"floor":27.0,"key":"Lantern"},{"floor":29.0,"key":"StoneCalendar"},{"floor":29.0,"key":"Matryoshka"},{"floor":40,"key":"Bird Faced Urn"},{"floor":43,"key":"Thread and Needle"},{"floor":43,"key":"Happy Flower"},{"floor":47,"key":"Ornamental Fan"},{"floor":47,"key":"Red Skull"}],"event_choices":[{"damage_healed":0.0,"max_hp_gain":0.0,"max_hp_loss":0.0,"gold_gain":0.0,"event_name":"Living Wall","player_choice":"Grow","floor":2.0,"gold_loss":0.0,"damage_taken":0.0,"cards_upgraded":["Defend_R"]},{"damage_healed":0.0,"max_hp_gain":0.0,"max_hp_loss":0.0,"gold_gain":0.0,"event_name":"Shining Light","player_choice":"Entered Light","floor":4.0,"gold_loss":0.0,"damage_taken":16.0,"cards_upgraded":["Strike_R","Strike_R"]},{"cards_removed":["Strike_R"],"damage_healed":0.0,"max_hp_gain":0.0,"max_hp_loss":0.0,"gold_gain":0.0,"event_name":"The Cleric","player_choice":"Card Removal","floor":11.0,"gold_loss":50.0,"damage_taken":0.0},{"cards_removed":["Defend_R"],"damage_healed":0.0,"max_hp_gain":0.0,"max_hp_loss":0.0,"gold_gain":0.0,"event_name":"Back to Basics","player_choice":"Elegance","floor":20.0,"gold_loss":0.0,"damage_taken":0.0},{"damage_healed":0.0,"max_hp_gain":0.0,"max_hp_loss":0.0,"gold_gain":0.0,"event_name":"Match and Keep!","player_choice":"1 cards matched","floor":22.0,"gold_loss":0.0,"damage_taken":0.0,"cards_obtained":["Bash"]},{"damage_healed":0.0,"max_hp_gain":0.0,"max_hp_loss":0.0,"gold_gain":0.0,"event_name":"Colosseum","player_choice":"Fight","floor":29.0,"gold_loss":0.0,"damage_taken":0.0},{"damage_healed":0.0,"max_hp_gain":0.0,"max_hp_loss":0.0,"gold_gain":0.0,"event_name":"Colosseum","player_choice":"Fought Nobs","floor":29.0,"gold_loss":0.0,"damage_taken":0.0},{"damage_healed":0.0,"max_hp_gain":0.0,"max_hp_loss":0.0,"gold_gain":0.0,"event_name":"The Library","player_choice":"Read","floor":31.0,"gold_loss":0.0,"damage_taken":0.0,"cards_obtained":["Metallicize"]},{"cards_removed":["Defend_R"],"damage_healed":0,"gold_gain":0,"player_choice":"Removed Skill","damage_taken":0,"max_hp_gain":0,"max_hp_loss":0,"event_name":"Falling","floor":36,"gold_loss":0},{"damage_healed":0,"gold_gain":0,"player_choice":"Bought 0 Potions","damage_taken":0,"max_hp_gain":0,"max_hp_loss":0,"event_name":"The Woman in Blue","floor":39,"gold_loss":0},{"damage_healed":0,"gold_gain":0,"player_choice":"Leave","damage_taken":0,"max_hp_gain":0,"max_hp_loss":0,"event_name":"FaceTrader","floor":46,"gold_loss":0}],"is_beta":false,"boss_relics":[{"not_picked":["Orrery","Runic Pyramid"],"picked":"Lizard Tail"},{"not_picked":["Cursed Key","Mark of Pain"],"picked":"Busted Crown"}],"items_purged_floors":[19,37],"is_endless":false,"potions_floor_spawned":[3,5,6,8,27,29,30,33,35,40,42],"ascension_level":0}