{"gold_per_floor":[113,131,131,151,169,181,181,206,206,218,231,250,268,285,285,383,383,398,418,418,0,0,0,0,0,26,26,42,42,42],"floor_reached":30,"playtime":1897,"items_purged":[],"score":236,"play_id":"3492f3f2-673f-49ec-8854-08d684adba65","local_time":"20181223015314","is_ascension_mode":false,"campfire_choices":[{"data":"Dualcast","floor":7,"key":"SMITH"},{"floor":15,"key":"REST"},{"floor":23,"key":"REST"},{"floor":27,"key":"REST"}],"neow_cost":"NONE","seed_source_timestamp":142543617022394,"circlet_count":0,"master_deck":["Strike_B","Strike_B","Strike_B","Strike_B","Defend_B","Defend_B","Defend_B","Defend_B","Zap+1","Dualcast+1","FTL","Go for the Eyes","Lockon","Cold Snap","Heatsinks","Defragment","Tempest","Gash","Darkness","Conserve Battery","Conserve Battery","Multi-Cast","Redo","Conserve Battery","Writhe","Coolheaded"],"relics":["Cracked Core","Bottled Lightning","Pantograph","Eternal Feather","Molten Egg 2","Gremlin Horn","Ancient Tea Set"],"potions_floor_usage":[8,16,16,16],"damage_taken":[{"damage":1,"enemies":"2 Louse","floor":1,"turns":2},{"damage":0,"enemies":"Cultist","floor":2,"turns":2},{"damage":1,"enemies":"Jaw Worm","floor":4,"turns":3},{"damage":7,"enemies":"Exordium Wildlife","floor":5,"turns":5},{"damage":7,"enemies":"Blue Slaver","floor":6,"turns":2},{"damage":13,"enemies":"3 Sentries","floor":8,"turns":6},{"damage":5,"enemies":"2 Fungi Beasts","floor":10,"turns":3},{"damage":0,"enemies":"Exordium Wildlife","floor":11,"turns":2},{"damage":18,"enemies":"Lots of Slimes","floor":12,"turns":3},{"damage":2,"enemies":"3 Louse","floor":13,"turns":3},{"damage":0,"enemies":"Large Slime","floor":14,"turns":5},{"damage":15,"enemies":"Slime Boss","floor":16,"turns":7},{"damage":40,"enemies":"2 Thieves","floor":18,"turns":4},{"damage":30,"enemies":"Shell Parasite","floor":19,"turns":5},{"damage":44,"enemies":"Shelled Parasite and Fungi","floor":28,"turns":5},{"damage":38,"enemies":"Centurion and Healer","floor":30,"turns":5}],"seed_played":"-5847635681480353740","potions_obtained":[{"floor":4,"key":"Explosive Potion"},{"floor":5,"key":"PowerPotion"},{"floor":8,"key":"Strength Potion"},{"floor":10,"key":"SmokeBomb"},{"floor":12,"key":"Fire Potion"},{"floor":13,"key":"Dexterity Potion"},{"floor":19,"key":"FocusPotion"},{"floor":28,"key":"SpeedPotion"}],"is_trial":false,"path_per_floor":["M","M","?","M","M","M","R","E","T","M","M","M","M","M","R","B",null,"M","M","?","?","$","R","T","$","T","R","M","?","M"],"character_chosen":"DEFECT","items_purchased":[],"campfire_rested":3,"item_purchase_floors":[],"current_hp_per_floor":[81,81,81,80,73,66,66,53,53,48,48,30,28,28,52,62,82,42,12,12,12,12,51,51,51,51,82,38,38,0],"gold":42,"neow_bonus":"TEN_PERCENT_HP_BONUS","is_prod":false,"is_daily":false,"chose_seed":false,"campfire_upgraded":1,"win_rate":0.0,"timestamp":1545497594,"path_taken":["M","M","?","M","M","M","R","E","T","M","?","M","?","M","R","BOSS","M","M","?","?","$","R","?","$","T","R","M","?","M"],"build_version":"2018-12-20","purchased_purges":0,"victory":false,"max_hp_per_floor":[82,82,82,82,82,82,82,82,82,82,82,82,82,82,82,82,82,82,82,82,82,82,82,82,82,82,82,82,82,82],"card_choices":[{"not_picked":["Barrage","Coolheaded"],"picked":"FTL","floor":1},{"not_picked":["Hologram","Melter"],"picked":"Go for the Eyes","floor":2},{"not_picked":["Static Discharge","Capacitor"],"picked":"Lockon","floor":4},{"not_picked":["Rip and Tear","Steam"],"picked":"Cold Snap","floor":5},{"not_picked":["Cold Snap","Leap"],"picked":"Heatsinks","floor":6},{"not_picked":["Stack","Steam Power"],"picked":"Defragment","floor":8},{"not_picked":["Barrage","Stack"],"picked":"Tempest","floor":10},{"not_picked":["BootSequence","Lockon"],"picked":"Gash","floor":11},{"not_picked":["Genetic Algorithm","Go for the Eyes"],"picked":"Darkness","floor":12},{"not_picked":["Hologram","Reboot"],"picked":"Conserve Battery","floor":13},{"not_picked":["Barrage","Lockon"],"picked":"Conserve Battery","floor":14},{"not_picked":["Creative AI","Biased Cognition"],"picked":"Multi-Cast","floor":16},{"not_picked":["Reprogram","Tempest"],"picked":"Redo","floor":18},{"not_picked":["Redo+1","Gash+1"],"picked":"Conserve Battery","floor":19},{"not_picked":["Hologram","Buffer"],"picked":"Coolheaded","floor":28}],"player_experience":2233,"relics_obtained":[{"floor":8,"key":"Bottled Lightning"},{"floor":9,"key":"Pantograph"},{"floor":24,"key":"Gremlin Horn"},{"floor":26,"key":"Ancient Tea Set"}],"event_choices":[{"damage_healed":0,"gold_gain":0,"player_choice":"Upgraded","damage_taken":0,"max_hp_gain":0,"max_hp_loss":0,"event_name":"Upgrade Shrine","floor":3,"gold_loss":0,"cards_upgraded":["Zap"]},{"damage_healed":0,"gold_gain":0,"player_choice":"Opened","damage_taken":0,"relics_obtained":["Molten Egg 2"],"max_hp_gain":0,"max_hp_loss":0,"event_name":"The Mausoleum","floor":20,"gold_loss":0,"cards_obtained":["Writhe"]},{"damage_healed":0,"gold_gain":0,"player_choice":"Paid Fearfully","damage_taken":0,"max_hp_gain":0,"max_hp_loss":0,"event_name":"Masked Bandits","floor":21,"gold_loss":418},{"damage_healed":0,"gold_gain":0,"player_choice":"Ignored","damage_taken":0,"max_hp_gain":0,"max_hp_loss":0,"event_name":"Beggar","floor":29,"gold_loss":0}],"is_beta":false,"boss_relics":[{"not_picked":["Black Star","Runic Pyramid"],"picked":"Eternal Feather"}],"items_purged_floors":[],"is_endless":false,"potions_floor_spawned":[4,5,8,10,12,13,19,28],"killed_by":"Centurion and Healer","ascension_level":0}