{"gold_per_floor":[115,131,145,70,70,70,105,105,181,215,215,232,232,232,232,334,334,349,349,349,366,14,43,43,142,214,214,70,97,117,130,130,230,230,247,262,262,282,42,62,73,73,73,108,161,161,161,195,195,195],"floor_reached":51,"playtime":3378,"items_purged":["Strike_B","Strike_B"],"score":958,"play_id":"1b5f11ab-cc2a-4ffc-b176-46ece51cc92c","local_time":"20181121160047","is_ascension_mode":true,"campfire_choices":[{"data":"Zap","floor":6,"key":"SMITH"},{"data":"Hologram","floor":8,"key":"SMITH"},{"floor":11,"key":"DIG"},{"floor":15,"key":"DIG"},{"floor":24,"key":"REST"},{"data":"Scrape","floor":27,"key":"SMITH"},{"floor":32,"key":"REST"},{"floor":42,"key":"REST"},{"floor":47,"key":"REST"},{"data":"Reprogram","floor":49,"key":"SMITH"}],"neow_cost":"NONE","seed_source_timestamp":2555991985143285,"circlet_count":0,"master_deck":["Defend_B","Defend_B","Defend_B","Defend_B","Zap+1","Dualcast","Stack","Gash+1","Gash","Hologram+1","Reprogram+1","Gash","All For One+1","Scrape+1","Seek","Core Surge","Rebound","Conserve Battery+1","Go for the Eyes+1","Conserve Battery"],"relics":["Cracked Core","Strawberry","Matryoshka","Shovel","Lantern","Darkstone Periapt","Pantograph","Sozu","Enchiridion","Shuriken","Whetstone","Pen Nib","Pear","Happy Flower","Gambling Chip","Runic Pyramid","Kunai","Blood Vial","Meat on the Bone","Omamori","Anchor","Vajra"],"potions_floor_usage":[10,12,29,50],"damage_taken":[{"damage":1,"enemies":"Cultist","floor":1,"turns":4},{"damage":7,"enemies":"Jaw Worm","floor":2,"turns":4},{"damage":2,"enemies":"2 Louse","floor":3,"turns":3},{"damage":10,"enemies":"3 Sentries","floor":7,"turns":8},{"damage":13,"enemies":"Lagavulin","floor":10,"turns":6},{"damage":3,"enemies":"Large Slime","floor":12,"turns":5},{"damage":35,"enemies":"The Guardian","floor":16,"turns":8},{"damage":5,"enemies":"3 Byrds","floor":18,"turns":4},{"damage":2,"enemies":"Chosen","floor":21,"turns":4},{"damage":25,"enemies":"Gremlin Leader","floor":23,"turns":4},{"damage":9,"enemies":"Book of Stabbing","floor":29,"turns":4},{"damage":0,"enemies":"Sentry and Sphere","floor":30,"turns":2},{"damage":7,"enemies":"Cultist and Chosen","floor":31,"turns":3},{"damage":13,"enemies":"Champ","floor":33,"turns":5},{"damage":22,"enemies":"3 Darklings","floor":35,"turns":3},{"damage":15,"enemies":"Orb Walker","floor":36,"turns":3},{"damage":24,"enemies":"Transient","floor":38,"turns":5},{"damage":5,"enemies":"4 Shapes","floor":40,"turns":5},{"damage":11,"enemies":"Jaw Worm Horde","floor":41,"turns":3},{"damage":0,"enemies":"Giant Head","floor":44,"turns":5},{"damage":20,"enemies":"Nemesis","floor":48,"turns":3},{"damage":18,"enemies":"Awakened One","floor":50,"turns":10}],"seed_played":"4657786678491335576","potions_obtained":[{"floor":1,"key":"Swift Potion"},{"floor":7,"key":"Regen Potion"},{"floor":10,"key":"LiquidBronze"},{"floor":16,"key":"Block Potion"}],"is_trial":false,"path_per_floor":["M","M","M","$","?","R","E","R","T","E","R","M","?","?","R","B",null,"M","?","?","M","$","E","R","?","T","R","$","E","M","M","R","B",null,"M","M","?","M","$","M","M","R","T","E","T","?","R","E","R","B",null],"character_chosen":"DEFECT","items_purchased":["Shuriken","Happy Flower","Kunai"],"campfire_rested":4,"item_purchase_floors":[22,28,39],"current_hp_per_floor":[81,74,72,72,65,65,62,62,62,49,49,60,53,53,53,43,78,73,57,40,38,38,13,41,41,51,51,51,42,42,35,66,78,98,76,61,61,37,37,32,21,52,52,54,54,54,85,67,67,76],"gold":195,"neow_bonus":"TEN_PERCENT_HP_BONUS","is_prod":false,"is_daily":false,"chose_seed":false,"campfire_upgraded":4,"win_rate":0,"timestamp":1542834047,"path_taken":["M","M","M","?","?","R","E","R","T","E","R","M","?","?","R","BOSS","M","?","?","M","$","E","R","?","T","R","?","E","M","M","R","BOSS","M","M","?","M","$","?","M","R","T","E","?","?","R","E","R","BOSS"],"build_version":"2018-11-15","purchased_purges":2,"victory":true,"max_hp_per_floor":[82,82,82,82,82,82,89,89,89,89,89,89,89,89,89,89,89,89,89,94,94,94,94,94,94,104,104,104,104,104,104,104,104,104,104,104,104,104,104,104,104,104,104,104,104,104,104,104,104,104],"card_choices":[{"not_picked":["Steam Power","Redo"],"picked":"Stack","floor":1},{"not_picked":["Stack","Scrape"],"picked":"Gash","floor":2},{"not_picked":["Rebound","Stack"],"picked":"Gash","floor":3},{"not_picked":["Lockon","Ball Lightning"],"picked":"Hologram","floor":7},{"not_picked":["Buffer","Beam Cell"],"picked":"Reprogram","floor":10},{"not_picked":["Compile Driver","Cold Snap"],"picked":"Gash","floor":12},{"not_picked":["Buffer","Core Surge"],"picked":"All For One","floor":16},{"not_picked":["Heatsinks","Steam","Sweeping Beam"],"picked":"SKIP","floor":18},{"not_picked":["Blizzard","Sweeping Beam"],"picked":"Redo","floor":21},{"not_picked":["Go for the Eyes+1","FTL"],"picked":"Scrape","floor":23},{"not_picked":["Loop+1","Gash"],"picked":"Seek","floor":29},{"not_picked":["Recycle+1","Beam Cell","Aggregate"],"picked":"SKIP","floor":30},{"not_picked":["Steam","Go for the Eyes","Force Field"],"picked":"SKIP","floor":31},{"not_picked":["Fission","Hyperbeam"],"picked":"Core Surge","floor":33},{"not_picked":["Double Energy","Hello World"],"picked":"Rebound","floor":35},{"not_picked":["Steam+1","Chaos+1"],"picked":"Conserve Battery+1","floor":36},{"not_picked":["Rebound","Sunder+1","Tempest"],"picked":"SKIP","floor":38},{"not_picked":["Beam Cell","Redo"],"picked":"Go for the Eyes+1","floor":40},{"not_picked":["Compile Driver","Rebound","Go for the Eyes"],"picked":"SKIP","floor":41},{"not_picked":["Steam Power+1","Consume","Meteor Strike"],"picked":"SKIP","floor":44},{"not_picked":["Sweeping Beam","Tempest+1"],"picked":"Conserve Battery","floor":48}],"player_experience":411937,"relics_obtained":[{"floor":7,"key":"Strawberry"},{"floor":9,"key":"Matryoshka"},{"floor":10,"key":"Shovel"},{"floor":11,"key":"Lantern"},{"floor":15,"key":"Pantograph"},{"floor":19,"key":"Enchiridion"},{"floor":23,"key":"Whetstone"},{"floor":26,"key":"Pen Nib"},{"floor":26,"key":"Pear"},{"floor":29,"key":"Gambling Chip"},{"floor":43,"key":"Blood Vial"},{"floor":43,"key":"Meat on the Bone"},{"floor":44,"key":"Omamori"},{"floor":45,"key":"Anchor"},{"floor":48,"key":"Vajra"}],"event_choices":[{"cards_removed":["Strike_B"],"damage_healed":0,"gold_gain":0,"player_choice":"Card Removal","damage_taken":7,"max_hp_gain":0,"max_hp_loss":0,"event_name":"Golden Wing","floor":5,"gold_loss":0},{"damage_healed":0,"gold_gain":0,"player_choice":"Success","damage_taken":7,"relics_obtained":["Darkstone Periapt"],"max_hp_gain":0,"max_hp_loss":0,"event_name":"Scrap Ooze","floor":13,"gold_loss":0},{"cards_removed":["Strike_B"],"damage_healed":0,"gold_gain":0,"player_choice":"Forget","damage_taken":0,"max_hp_gain":0,"max_hp_loss":0,"event_name":"Living Wall","floor":14,"gold_loss":0},{"damage_healed":0,"gold_gain":0,"player_choice":"Obtained Book","damage_taken":16,"max_hp_gain":0,"max_hp_loss":0,"event_name":"Cursed Tome","floor":19,"gold_loss":0},{"damage_healed":0,"gold_gain":0,"player_choice":"Shed Blood","damage_taken":22,"max_hp_gain":5,"max_hp_loss":0,"event_name":"Forgotten Altar","floor":20,"gold_loss":0},{"damage_healed":0,"gold_gain":99,"player_choice":"Stole From Cult","damage_taken":0,"max_hp_gain":0,"max_hp_loss":0,"event_name":"Nest","floor":25,"gold_loss":0},{"damage_healed":0,"gold_gain":0,"player_choice":"Got Potions","damage_taken":0,"max_hp_gain":0,"max_hp_loss":0,"event_name":"Lab","floor":37,"gold_loss":0},{"cards_removed":["Redo"],"damage_healed":0,"gold_gain":0,"player_choice":"Removed Skill","damage_taken":0,"max_hp_gain":0,"max_hp_loss":0,"event_name":"Falling","floor":46,"gold_loss":0}],"is_beta":false,"boss_relics":[{"not_picked":["Velvet Choker","Empty Cage"],"picked":"Sozu"},{"not_picked":["Orrery","Astrolabe"],"picked":"Runic Pyramid"}],"items_purged_floors":[4,22],"is_endless":false,"potions_floor_spawned":[1,7,10,16,18,21,31,40,41],"ascension_level":5}