{"gold_per_floor":[114,189,189,207,227,227,48,48,48,76,76,96,106,123,123,224,224,242,242,167,217,228,228,238,250,250,250,276,276,276,311,311,410,410,424,424,424,434,448,448,465,111,160,178,204,204,45,45,45,45],"floor_reached":50,"playtime":2225,"items_purged":["Shame","Parasite","Strike_B"],"score":585,"play_id":"539e2359-0022-4b97-921c-23d5943bf4ef","local_time":"20190127222459","is_ascension_mode":false,"campfire_choices":[{"data":"Zap","floor":6,"key":"SMITH"},{"data":"Dualcast","floor":8,"key":"SMITH"},{"data":"Loop","floor":15,"key":"SMITH"},{"data":"Electrodynamics","floor":23,"key":"SMITH"},{"floor":29,"key":"REST"},{"data":"Turbo","floor":32,"key":"SMITH"},{"floor":40,"key":"REST"},{"floor":46,"key":"RECALL"},{"floor":49,"key":"REST"}],"neow_cost":"NONE","seed_source_timestamp":20612338755700,"circlet_count":0,"master_deck":["Defend_B","Defend_B","Defend_B","Zap+1","Dualcast+1","Turbo+1","FTL","Loop+1","Hologram","Heatsinks","Auto Shields","Coolheaded","Steam","Electrodynamics+1","Coolheaded","Coolheaded","Gash","Gash","Conserve Battery","Static Discharge","Storm+1","Loop+1","Turbo","Gash","Static Discharge","Machine Learning","Recycle+1","Finesse","Master of Strategy","Madness","Gash","Gash+1","Capacitor+1","Chrysalis","Tempest","White Noise","FTL"],"relics":["Cracked Core","DataDisk","Gremlin Horn","Orrery","Meat on the Bone","Matryoshka","Bag of Marbles","Kunai","Oddly Smooth Stone","Orichalcum","Velvet Choker","Letter Opener","Regal Pillow","Strawberry"],"potions_floor_usage":[10,12,14,16,16,16,16,16,18,18,31,33,41,45,45,50],"damage_taken":[{"damage":2,"enemies":"2 Louse","floor":1,"turns":2},{"damage":0,"enemies":"Small Slimes","floor":4,"turns":3},{"damage":1,"enemies":"Cultist","floor":5,"turns":3},{"damage":17,"enemies":"Lagavulin","floor":10,"turns":5},{"damage":3,"enemies":"Red Slaver","floor":12,"turns":2},{"damage":0,"enemies":"Blue Slaver","floor":13,"turns":2},{"damage":0,"enemies":"Lots of Slimes","floor":14,"turns":3},{"damage":11,"enemies":"Slime Boss","floor":16,"turns":14},{"damage":2,"enemies":"2 Thieves","floor":18,"turns":2},{"damage":15,"enemies":"3 Byrds","floor":22,"turns":2},{"damage":6,"enemies":"3 Cultists","floor":24,"turns":4},{"damage":24,"enemies":"Shelled Parasite and Fungi","floor":25,"turns":3},{"damage":28,"enemies":"Slavers","floor":28,"turns":4},{"damage":15,"enemies":"Gremlin Leader","floor":31,"turns":4},{"damage":21,"enemies":"Automaton","floor":33,"turns":8},{"damage":0,"enemies":"3 Shapes","floor":35,"turns":4},{"damage":1,"enemies":"Orb Walker","floor":38,"turns":2},{"damage":24,"enemies":"Jaw Worm Horde","floor":39,"turns":3},{"damage":26,"enemies":"Writhing Mass","floor":41,"turns":5},{"damage":8,"enemies":"Maw","floor":44,"turns":7},{"damage":20,"enemies":"Reptomancer","floor":45,"turns":5},{"damage":77,"enemies":"Awakened One","floor":50,"turns":4}],"seed_played":"2401775510506003550","potions_obtained":[{"floor":4,"key":"Fire Potion"},{"floor":11,"key":"Poison Potion"},{"floor":11,"key":"EntropicBrew"},{"floor":11,"key":"Poison Potion"},{"floor":13,"key":"Swift Potion"},{"floor":14,"key":"Swift Potion"},{"floor":16,"key":"Block Potion"},{"floor":24,"key":"SpeedPotion"},{"floor":28,"key":"FearPotion"},{"floor":31,"key":"SpeedPotion"},{"floor":33,"key":"SkillPotion"},{"floor":39,"key":"Explosive Potion"},{"floor":44,"key":"FearPotion"},{"floor":45,"key":"AttackPotion"}],"is_trial":false,"path_per_floor":["M","?","?","M","M","R","$","R","T","E","?","M","M","M","R","B",null,"M","?","$","?","M","R","M","M","T","T","E","R","?","E","R","B",null,"M","?","?","M","M","R","M","$","T","M","E","R","$","?","R","B"],"character_chosen":"DEFECT","items_purchased":["DataDisk","Hologram","Chrysalis","Tempest","FTL"],"campfire_rested":3,"item_purchase_floors":[7,7,42,42,47],"current_hp_per_floor":[73,62,62,62,61,61,61,61,61,44,44,41,41,41,41,30,75,73,73,73,73,58,58,52,40,40,40,24,46,46,43,43,34,75,75,65,65,64,40,62,48,48,48,40,39,39,39,39,77,0],"gold":45,"neow_bonus":"REMOVE_CARD","is_prod":false,"is_daily":false,"chose_seed":false,"campfire_upgraded":5,"win_rate":0,"timestamp":1548599099,"path_taken":["M","?","?","?","M","R","?","R","T","E","?","?","M","M","R","BOSS","M","?","$","?","M","R","?","M","T","?","E","R","?","E","R","BOSS","M","?","?","M","?","R","M","?","T","?","E","R","$","?","R","BOSS"],"build_version":"2019-01-23","purchased_purges":3,"victory":false,"max_hp_per_floor":[75,75,75,75,75,75,75,75,75,75,75,75,75,75,75,75,75,75,75,75,75,75,75,75,75,75,75,75,75,75,75,75,75,75,75,75,75,75,75,75,75,72,72,72,79,79,79,79,79,79],"card_choices":[{"not_picked":["Streamline","Sweeping Beam"],"picked":"Turbo","floor":1},{"not_picked":["Fusion","Go for the Eyes"],"picked":"FTL","floor":4},{"not_picked":["Hello World","Static Discharge"],"picked":"Loop","floor":5},{"not_picked":["Scrape","Loop"],"picked":"Heatsinks","floor":10},{"not_picked":["Chaos","Rebound"],"picked":"Auto Shields","floor":12},{"not_picked":["Auto Shields","Stack"],"picked":"Coolheaded","floor":13},{"not_picked":["Barrage","Scrape"],"picked":"Steam","floor":14},{"not_picked":["Reboot","Machine Learning"],"picked":"Electrodynamics","floor":16},{"not_picked":["Aggregate","Stack"],"picked":"Coolheaded","floor":17},{"not_picked":["Streamline","Gash"],"picked":"Coolheaded","floor":17},{"not_picked":["Steam","Doom and Gloom"],"picked":"Gash","floor":17},{"not_picked":["Streamline","Beam Cell"],"picked":"Gash","floor":17},{"not_picked":["Go for the Eyes+1","Chill"],"picked":"Conserve Battery","floor":18},{"not_picked":["Leap","Thunder Strike"],"picked":"Static Discharge","floor":22},{"not_picked":["Turbo","Skim"],"picked":"Storm+1","floor":24},{"not_picked":["Rebound+1","Compile Driver+1"],"picked":"Loop+1","floor":25},{"not_picked":["Cold Snap","Genetic Algorithm"],"picked":"Turbo","floor":28},{"not_picked":["Leap","Sweeping Beam"],"picked":"Static Discharge","floor":31},{"not_picked":["Thunder Strike","Electrodynamics"],"picked":"Machine Learning","floor":33},{"not_picked":["Streamline","BootSequence"],"picked":"Recycle+1","floor":35},{"not_picked":["Magnetism","PanicButton"],"picked":"Finesse","floor":36},{"not_picked":["Swift Strike","Jack Of All Trades"],"picked":"Master of Strategy","floor":36},{"not_picked":["Good Instincts","Secret Technique"],"picked":"Madness","floor":36},{"not_picked":["Ball Lightning","Tempest+1"],"picked":"Gash+1","floor":38},{"not_picked":["Turbo","Steam Power+1"],"picked":"Capacitor+1","floor":39},{"not_picked":["Ball Lightning","Steam+1","Streamline"],"picked":"SKIP","floor":41},{"not_picked":["Fusion+1","Chaos"],"picked":"White Noise","floor":44},{"not_picked":["Turbo+1","Hello World+1","Recycle+1"],"picked":"SKIP","floor":45}],"player_experience":286330,"relics_obtained":[{"floor":10,"key":"Gremlin Horn"},{"floor":26,"key":"Matryoshka"},{"floor":27,"key":"Bag of Marbles"},{"floor":27,"key":"Kunai"},{"floor":28,"key":"Oddly Smooth Stone"},{"floor":31,"key":"Orichalcum"},{"floor":43,"key":"Letter Opener"},{"floor":43,"key":"Regal Pillow"},{"floor":45,"key":"Strawberry"}],"event_choices":[{"damage_healed":0,"gold_gain":75,"player_choice":"Gather Gold","damage_taken":11,"max_hp_gain":0,"max_hp_loss":0,"event_name":"World of Goop","floor":2,"gold_loss":0},{"cards_removed":["Strike_B"],"damage_healed":0,"gold_gain":0,"player_choice":"Card Removal","damage_taken":0,"max_hp_gain":0,"max_hp_loss":0,"event_name":"Wheel of Change","floor":3,"gold_loss":0},{"damage_healed":0,"gold_gain":0,"player_choice":"Got Potions","damage_taken":0,"max_hp_gain":0,"max_hp_loss":0,"event_name":"Lab","floor":11,"gold_loss":0},{"damage_healed":0,"gold_gain":0,"player_choice":"Stole Relic","damage_taken":0,"relics_obtained":["Meat on the Bone"],"max_hp_gain":0,"max_hp_loss":0,"event_name":"Addict","floor":19,"gold_loss":0,"cards_obtained":["Shame"]},{"damage_healed":0,"gold_gain":100,"player_choice":"Bet on Murderer","damage_taken":0,"max_hp_gain":0,"max_hp_loss":0,"event_name":"The Joust","floor":21,"gold_loss":50},{"damage_healed":0,"gold_gain":0,"player_choice":"Read","damage_taken":0,"max_hp_gain":0,"max_hp_loss":0,"event_name":"The Library","floor":30,"gold_loss":0,"cards_obtained":["Gash"]},{"damage_healed":0,"gold_gain":0,"player_choice":"Memory 3","damage_taken":10,"max_hp_gain":0,"max_hp_loss":0,"event_name":"SensoryStone","floor":36,"gold_loss":0},{"damage_healed":0,"gold_gain":0,"cards_transformed":["Strike_B"],"player_choice":"Transformed","damage_taken":0,"max_hp_gain":0,"max_hp_loss":0,"event_name":"Transmorgrifier","floor":37,"gold_loss":0,"cards_obtained":["Gash"]},{"cards_removed":["Defend_B"],"damage_healed":0,"gold_gain":0,"player_choice":"Offered Basic","damage_taken":0,"max_hp_gain":0,"max_hp_loss":0,"event_name":"Bonfire Elementals","floor":48,"gold_loss":0}],"is_beta":false,"boss_relics":[{"not_picked":["Tiny House","Fusion Hammer"],"picked":"Orrery"},{"not_picked":["Lizard Tail","Eternal Feather"],"picked":"Velvet Choker"}],"items_purged_floors":[20,42,47],"is_endless":false,"potions_floor_spawned":[4,13,14,16,24,28,31,33,39,44,45],"killed_by":"Awakened One","ascension_level":0}