{"gold_per_floor":[114,114,129,146,146,146,166,184,184,184,195,195,195,208,208,208],"floor_reached":16,"playtime":1094,"items_purged":[],"score":96,"play_id":"25204887-dd3b-4e72-89e8-47b91e176c97","local_time":"20181023005458","is_ascension_mode":false,"campfire_choices":[{"data":"Zap","floor":6,"key":"SMITH"},{"data":"Defragment","floor":10,"key":"SMITH"},{"data":"Barrage","floor":13,"key":"SMITH"},{"floor":15,"key":"REST"}],"neow_cost":"NONE","seed_source_timestamp":955192504406011,"circlet_count":0,"master_deck":["Strike_B","Strike_B","Strike_B","Strike_B","Defend_B","Defend_B","Defend_B","Defend_B+1","Zap+1","Dualcast+1","Genetic Algorithm","Defragment+1","Barrage+1","Go for the Eyes"],"relics":["Cracked Core","Question Card"],"potions_floor_usage":[],"damage_taken":[{"damage":2,"enemies":"Small Slimes","floor":1,"turns":4},{"damage":4,"enemies":"Jaw Worm","floor":3,"turns":4},{"damage":1,"enemies":"Cultist","floor":4,"turns":4},{"damage":12,"enemies":"3 Louse","floor":5,"turns":5},{"damage":8,"enemies":"Looter","floor":7,"turns":3},{"damage":16,"enemies":"Exordium Thugs","floor":8,"turns":6},{"damage":8,"enemies":"3 Louse","floor":11,"turns":3},{"damage":1,"enemies":"2 Fungi Beasts","floor":14,"turns":3},{"damage":45,"enemies":"Hexaghost","floor":16,"turns":10}],"seed_played":"446614287285880178","potions_obtained":[{"floor":1,"key":"Swift Potion"},{"floor":3,"key":"Regen Potion"},{"floor":7,"key":"Strength Potion"}],"is_trial":false,"path_per_floor":["M","?","M","M","M","R","M","M","T","R","M","?","R","M","R"],"character_chosen":"DEFECT","items_purchased":[],"campfire_rested":1,"item_purchase_floors":[],"current_hp_per_floor":[80,64,60,59,47,47,39,23,23,23,15,20,20,19,45,0],"gold":208,"neow_bonus":"TEN_PERCENT_HP_BONUS","is_prod":false,"is_daily":false,"chose_seed":false,"campfire_upgraded":3,"win_rate":0.0,"timestamp":1540270498,"path_taken":["M","?","M","?","M","R","M","M","T","R","M","?","R","M","R","BOSS"],"build_version":"2018-10-18","purchased_purges":0,"victory":false,"max_hp_per_floor":[82,82,82,82,82,82,82,82,82,82,82,87,87,87,87,87],"card_choices":[{"not_picked":["Stack","Streamline"],"picked":"Genetic Algorithm","floor":1},{"not_picked":["Coolheaded","Compile Driver","Undo"],"picked":"SKIP","floor":3},{"not_picked":["Rebound","Cold Snap","Reboot"],"picked":"SKIP","floor":4},{"not_picked":["Hologram","Barrage","Gash"],"picked":"SKIP","floor":5},{"not_picked":["Static Discharge","Ball Lightning"],"picked":"Defragment","floor":7},{"not_picked":["Steam Power","Coolheaded"],"picked":"Barrage","floor":8},{"not_picked":["Streamline","Melter","Cold Snap","Capacitor"],"picked":"SKIP","floor":11},{"not_picked":["Rebound","Gash","Leap"],"picked":"Go for the Eyes","floor":14}],"player_experience":37808,"relics_obtained":[{"floor":9,"key":"Question Card"}],"event_choices":[{"damage_healed":0,"gold_gain":0,"player_choice":"Entered Light","damage_taken":16,"max_hp_gain":0,"max_hp_loss":0,"event_name":"Shining Light","floor":2,"gold_loss":0,"cards_upgraded":["Dualcast","Defend_B"]},{"damage_healed":0,"gold_gain":0,"player_choice":"Donut","damage_taken":0,"max_hp_gain":5,"max_hp_loss":0,"event_name":"Big Fish","floor":12,"gold_loss":0}],"is_beta":false,"boss_relics":[],"items_purged_floors":[],"is_endless":false,"potions_floor_spawned":[1,3,5,7,11,14],"killed_by":"Hexaghost","ascension_level":0}