{"gold_per_floor":[118,133,133,11,26,26,55,55,55,87,87],"floor_reached":11,"playtime":490,"items_purged":[],"score":154,"play_id":"4ae7b566-5638-4a95-90ec-518f0f95a30f","local_time":"20181231170224","is_ascension_mode":true,"campfire_choices":[{"data":"Lockon","floor":6,"key":"SMITH"},{"floor":8,"key":"REST"}],"neow_cost":"NONE","seed_source_timestamp":14182604354392,"circlet_count":0,"master_deck":["AscendersBane","Strike_B","Strike_B","Strike_B+1","Defend_B","Defend_B","Defend_B","Defend_B","Zap","Dualcast","Darkness","Ball Lightning+1","Lockon+1","Reinforced Body","BootSequence","Conserve Battery"],"relics":["Black Star","Thread and Needle","Whetstone","StoneCalendar","Smiling Mask","Vajra"],"potions_floor_usage":[],"damage_taken":[{"damage":2,"enemies":"2 Louse","floor":1,"turns":3},{"damage":1,"enemies":"Cultist","floor":2,"turns":3},{"damage":12,"enemies":"Small Slimes","floor":5,"turns":4},{"damage":39,"enemies":"Gremlin Nob","floor":7,"turns":4},{"damage":3,"enemies":"Lagavulin","floor":10,"turns":7},{"damage":29,"enemies":"Gremlin Gang","floor":11,"turns":4}],"seed_played":"-4969839917286776909","potions_obtained":[{"floor":1,"key":"SmokeBomb"},{"floor":2,"key":"Dexterity Potion"},{"floor":10,"key":"Fire Potion"}],"is_trial":false,"path_per_floor":["M","M","?","$","M","R","E","R","T","E","M"],"character_chosen":"DEFECT","items_purchased":["Lockon","Reinforced Body"],"campfire_rested":1,"item_purchase_floors":[4,4],"current_hp_per_floor":[62,61,61,61,49,49,10,31,31,28,0],"gold":87,"neow_bonus":"BOSS_RELIC","is_prod":false,"is_daily":false,"chose_seed":false,"campfire_upgraded":1,"win_rate":0,"timestamp":1546293744,"path_taken":["M","M","?","$","?","R","E","R","T","E","M"],"build_version":"2018-12-20","purchased_purges":0,"victory":false,"max_hp_per_floor":[71,71,71,71,71,71,71,71,71,71,71],"card_choices":[{"not_picked":["Turbo","Hologram"],"picked":"Darkness","floor":1},{"not_picked":["Self Repair","Steam"],"picked":"Ball Lightning","floor":2},{"not_picked":["Fusion","Compile Driver"],"picked":"BootSequence","floor":5},{"not_picked":["Consume","Turbo","Lockon"],"picked":"SKIP","floor":7},{"not_picked":["Stack","Gash"],"picked":"Conserve Battery","floor":10}],"player_experience":896708,"relics_obtained":[{"floor":7,"key":"Thread and Needle"},{"floor":7,"key":"Whetstone"},{"floor":9,"key":"StoneCalendar"},{"floor":10,"key":"Smiling Mask"},{"floor":10,"key":"Vajra"}],"event_choices":[{"cards_removed":["Strike_B"],"damage_healed":0,"gold_gain":0,"player_choice":"Offered Basic","damage_taken":0,"max_hp_gain":0,"max_hp_loss":0,"event_name":"Bonfire Elementals","floor":3,"gold_loss":0}],"is_beta":false,"boss_relics":[],"items_purged_floors":[],"is_endless":false,"potions_floor_spawned":[1,2,10],"killed_by":"Gremlin Gang","ascension_level":18}