{"gold_per_floor":[110,130,141,155,135,135,155,155,182,194,212,165,184,217,217,316,316,331,346,346,116,130,130,130,130,130,146,46,46,46,59,59,59],"floor_reached":33,"playtime":1764,"items_purged":["Strike_R","Strike_R"],"score":276,"play_id":"f624422d-da5c-4fa8-bf5f-d9ff13df376c","local_time":"20181224094338","is_ascension_mode":false,"campfire_choices":[{"data":"Pommel Strike","floor":6,"key":"SMITH"},{"data":"Headbutt","floor":8,"key":"SMITH"},{"data":"Flex","floor":15,"key":"SMITH"},{"data":"Flex","floor":23,"key":"SMITH"},{"floor":29,"key":"REST"},{"floor":32,"key":"REST"}],"neow_cost":"NONE","seed_source_timestamp":257302299476060,"circlet_count":0,"master_deck":["Strike_R","Strike_R","Strike_R","Defend_R","Defend_R","Defend_R","Defend_R","Bash","Intimidate+1","Pommel Strike+1","Anger","Headbutt+1","Pommel Strike","Cleave","Flex+1","Seeing Red","Flex+1","Offering","Flex","Discovery+1","Flex+1","Bloodletting+1","Intimidate"],"relics":["Burning Blood","Orichalcum","Pen Nib","White Beast Statue","War Paint","Dodecahedron"],"potions_floor_usage":[7,7,14,16,22,24,24,27,33,33],"damage_taken":[{"damage":0,"enemies":"Small Slimes","floor":1,"turns":6},{"damage":4,"enemies":"Cultist","floor":2,"turns":4},{"damage":1,"enemies":"Jaw Worm","floor":3,"turns":5},{"damage":18,"enemies":"Large Slime","floor":4,"turns":7},{"damage":20,"enemies":"Exordium Wildlife","floor":7,"turns":6},{"damage":3,"enemies":"2 Fungi Beasts","floor":10,"turns":3},{"damage":0,"enemies":"3 Louse","floor":11,"turns":2},{"damage":7,"enemies":"Red Slaver","floor":13,"turns":2},{"damage":16,"enemies":"3 Sentries","floor":14,"turns":5},{"damage":40,"enemies":"The Guardian","floor":16,"turns":7},{"damage":4,"enemies":"Spheric Guardian","floor":18,"turns":3},{"damage":0,"enemies":"Chosen","floor":19,"turns":3},{"damage":23,"enemies":"Shelled Parasite and Fungi","floor":22,"turns":4},{"damage":21,"enemies":"Colosseum Slavers","floor":24,"turns":2},{"damage":0,"enemies":"Snake Plant","floor":27,"turns":2},{"damage":8,"enemies":"3 Cultists","floor":31,"turns":4},{"damage":99,"enemies":"Automaton","floor":33,"turns":8}],"seed_played":"7754675193021651393","potions_obtained":[{"floor":1,"key":"PowerPotion"},{"floor":2,"key":"Swift Potion"},{"floor":5,"key":"PowerPotion"},{"floor":10,"key":"FearPotion"},{"floor":16,"key":"BloodPotion"},{"floor":18,"key":"BloodPotion"},{"floor":19,"key":"Fire Potion"},{"floor":22,"key":"Strength Potion"},{"floor":27,"key":"FearPotion"},{"floor":31,"key":"LiquidBronze"}],"is_trial":false,"path_per_floor":["M","M","M","M","?","R","M","R","T","M","M","$","M","E","R","B",null,"M","M","?","$","M","R","?","?","T","M","$","R","$","M","R","B"],"character_chosen":"IRONCLAD","items_purchased":["Flex","War Paint"],"campfire_rested":2,"item_purchase_floors":[12,21],"current_hp_per_floor":[88,88,88,76,76,76,62,62,62,65,71,71,70,60,60,26,88,88,88,72,72,63,63,56,39,39,45,45,72,72,70,93,0],"gold":59,"neow_bonus":"TEN_PERCENT_HP_BONUS","is_prod":false,"is_daily":false,"chose_seed":false,"campfire_upgraded":4,"win_rate":0.0,"timestamp":1545612218,"path_taken":["M","M","M","M","?","R","M","R","T","M","M","$","?","E","R","BOSS","M","M","?","$","?","R","?","?","T","M","?","R","$","M","R","BOSS"],"build_version":"2018-12-20","purchased_purges":2,"victory":false,"max_hp_per_floor":[88,88,88,88,88,88,88,88,88,88,88,88,88,88,88,88,88,88,88,88,88,88,88,88,93,93,93,93,93,93,93,93,93],"card_choices":[{"not_picked":["Ghostly Armor","Armaments"],"picked":"Intimidate","floor":1},{"not_picked":["Twin Strike","Iron Wave"],"picked":"Pommel Strike","floor":2},{"not_picked":["Burning Pact","Fire Breathing","Clash"],"picked":"SKIP","floor":3},{"not_picked":["Metallicize","Intimidate"],"picked":"Anger","floor":4},{"not_picked":["Anger","Body Slam"],"picked":"Headbutt","floor":7},{"not_picked":["Entrench","Hemokinesis"],"picked":"Pommel Strike","floor":10},{"not_picked":["Uppercut","Clash"],"picked":"Cleave","floor":11},{"not_picked":["Heavy Blade","Sword Boomerang"],"picked":"Seeing Red","floor":13},{"not_picked":["Berserk","Perfected Strike"],"picked":"Flex","floor":14},{"not_picked":["Bludgeon","Berserk"],"picked":"Offering","floor":16},{"not_picked":["Ghostly Armor","Dual Wield","Rupture"],"picked":"SKIP","floor":18},{"not_picked":["Twin Strike","Corruption"],"picked":"Flex","floor":19},{"not_picked":["Corruption","Twin Strike"],"picked":"Flex+1","floor":22},{"not_picked":["Rupture","Combust"],"picked":"Bloodletting+1","floor":27},{"not_picked":["Corruption","Ghostly Armor+1"],"picked":"Intimidate","floor":31}],"player_experience":31762,"relics_obtained":[{"floor":9,"key":"Orichalcum"},{"floor":14,"key":"Pen Nib"},{"floor":26,"key":"Dodecahedron"}],"event_choices":[{"damage_healed":0,"gold_gain":0,"player_choice":"Bought 1 Potion","damage_taken":0,"max_hp_gain":0,"max_hp_loss":0,"event_name":"The Woman in Blue","floor":5,"gold_loss":0},{"damage_healed":0,"gold_gain":0,"player_choice":"CARD ","damage_taken":16,"max_hp_gain":0,"max_hp_loss":0,"event_name":"Knowing Skull","floor":20,"potions_obtained":[],"gold_loss":0,"cards_obtained":["Discovery"]},{"damage_healed":0,"gold_gain":0,"player_choice":"Fight","damage_taken":0,"max_hp_gain":0,"max_hp_loss":0,"event_name":"Colosseum","floor":24,"gold_loss":0},{"damage_healed":0,"gold_gain":0,"player_choice":"Fled From Nobs","damage_taken":0,"max_hp_gain":0,"max_hp_loss":0,"event_name":"Colosseum","floor":24,"gold_loss":0},{"damage_healed":0,"gold_gain":0,"player_choice":"Shed Blood","damage_taken":22,"max_hp_gain":5,"max_hp_loss":0,"event_name":"Forgotten Altar","floor":25,"gold_loss":0}],"is_beta":false,"boss_relics":[{"not_picked":["Busted Crown","Calling Bell"],"picked":"White Beast Statue"}],"items_purged_floors":[21,28],"is_endless":false,"potions_floor_spawned":[1,2,10,16,18,19,22,24,27,31],"killed_by":"Automaton","ascension_level":0}