{"gold_per_floor":[119,119,140,140,140,140,140,140,140,13,26,26,39,53,53,148,148,167,167,89,104,120,120,120,120,167,185,228,1,1],"floor_reached":30,"playtime":1230,"items_purged":["Strike_B","Strike_B"],"score":405,"play_id":"75abd63c-14dc-4081-9a4e-58ed2ffdbe70","local_time":"20181211094104","is_ascension_mode":true,"campfire_choices":[{"data":"Zap","floor":6,"key":"SMITH"},{"data":"Doom and Gloom","floor":8,"key":"SMITH"},{"floor":12,"key":"REST"},{"data":"Steam","floor":15,"key":"SMITH"},{"data":"Echo Form","floor":23,"key":"SMITH"},{"data":"Loop","floor":24,"key":"SMITH"},{"floor":25,"key":"REST"}],"neow_cost":"NONE","seed_source_timestamp":154060058435066,"circlet_count":0,"master_deck":["AscendersBane","Strike_B","Strike_B+1","Defend_B","Defend_B","Defend_B","Defend_B+1","Zap+1","Dualcast","Doom and Gloom+1","Leap","Steam+1","Gash","Cold Snap","Echo Form+1","Redo+1","Loop+1","Undo","Undo","Capacitor","Glacier","Hologram"],"relics":["Cracked Core","Golden Idol","Bag of Preparation","Blue Candle","Velvet Choker","WingedGreaves","Bag of Marbles","Torii"],"potions_floor_usage":[14,30],"damage_taken":[{"damage":1,"enemies":"2 Louse","floor":1,"turns":2},{"damage":12,"enemies":"Small Slimes","floor":3,"turns":3},{"damage":0,"enemies":"Cultist","floor":11,"turns":2},{"damage":4,"enemies":"Lots of Slimes","floor":13,"turns":2},{"damage":1,"enemies":"Looter","floor":14,"turns":3},{"damage":29,"enemies":"Hexaghost","floor":16,"turns":11},{"damage":0,"enemies":"Chosen","floor":18,"turns":5},{"damage":17,"enemies":"3 Byrds","floor":21,"turns":4},{"damage":18,"enemies":"Cultist and Chosen","floor":22,"turns":6},{"damage":1,"enemies":"Centurion and Healer","floor":27,"turns":6},{"damage":44,"enemies":"Slavers","floor":28,"turns":9},{"damage":20,"enemies":"Gremlin Leader","floor":30,"turns":2}],"seed_played":"-7917988660271641361","potions_obtained":[{"floor":3,"key":"Poison Potion"},{"floor":11,"key":"Energy Potion"},{"floor":13,"key":"FearPotion"},{"floor":14,"key":"AttackPotion"},{"floor":21,"key":"SteroidPotion"},{"floor":28,"key":"Strength Potion"}],"is_trial":false,"path_per_floor":["M","?","M","?","?","R","?","R","T","$","M","R","M","M","R","B",null,"M","?","$","M","M","R","R","R","T","M","E","$","E"],"character_chosen":"DEFECT","items_purchased":["Leap","Loop","Hologram","Regen Potion"],"campfire_rested":2,"item_purchase_floors":[10,20,29,29],"current_hp_per_floor":[70,51,39,44,41,41,24,24,24,24,24,48,44,43,43,14,66,66,66,66,49,31,31,31,55,55,54,10,10,0],"gold":1,"neow_bonus":"TEN_PERCENT_HP_BONUS","is_prod":false,"is_daily":false,"chose_seed":false,"campfire_upgraded":5,"win_rate":0,"timestamp":1544539264,"path_taken":["M","?","M","?","?","R","?","R","T","$","M","R","M","M","R","BOSS","M","?","?","?","M","R","R","R","T","M","E","$","E"],"build_version":"2018-12-06","purchased_purges":2,"victory":false,"max_hp_per_floor":[78,78,78,83,83,83,83,83,83,83,83,83,83,83,83,83,83,83,83,83,83,83,83,83,83,83,83,83,83,83],"card_choices":[{"not_picked":["Streamline","Force Field"],"picked":"Doom and Gloom","floor":1},{"not_picked":["Beam Cell","Reprogram","Lockon"],"picked":"SKIP","floor":3},{"not_picked":["Stack","Beam Cell"],"picked":"Steam","floor":11},{"not_picked":["Streamline","Stack"],"picked":"Gash","floor":13},{"not_picked":["Beam Cell","Melter"],"picked":"Cold Snap","floor":14},{"not_picked":["Seek","All For One"],"picked":"Echo Form","floor":16},{"not_picked":["Recycle+1","Rip and Tear"],"picked":"Redo+1","floor":18},{"not_picked":["Scrape","Beam Cell+1"],"picked":"Undo","floor":21},{"not_picked":["Turbo","Streamline"],"picked":"Undo","floor":22},{"not_picked":["White Noise","Hologram"],"picked":"Capacitor","floor":27},{"not_picked":["Sweeping Beam+1","Fusion"],"picked":"Glacier","floor":28}],"player_experience":747868,"relics_obtained":[{"floor":9,"key":"Blue Candle"},{"floor":26,"key":"Bag of Marbles"},{"floor":28,"key":"Torii"}],"event_choices":[{"damage_healed":0,"gold_gain":0,"player_choice":"Take Damage","damage_taken":19,"relics_obtained":["Golden Idol"],"max_hp_gain":0,"max_hp_loss":0,"event_name":"Golden Idol","floor":2,"gold_loss":0},{"damage_healed":0,"gold_gain":0,"player_choice":"Donut","damage_taken":0,"max_hp_gain":5,"max_hp_loss":0,"event_name":"Big Fish","floor":4,"gold_loss":0},{"damage_healed":0,"gold_gain":0,"player_choice":"Success","damage_taken":3,"relics_obtained":["Bag of Preparation"],"max_hp_gain":0,"max_hp_loss":0,"event_name":"Scrap Ooze","floor":5,"gold_loss":0},{"damage_healed":0,"gold_gain":0,"player_choice":"Entered Light","damage_taken":17,"max_hp_gain":0,"max_hp_loss":0,"event_name":"Shining Light","floor":7,"gold_loss":0,"cards_upgraded":["Defend_B","Strike_B"]},{"damage_healed":0,"gold_gain":0,"player_choice":"Gave Potion","damage_taken":0,"relics_obtained":["WingedGreaves"],"max_hp_gain":0,"max_hp_loss":0,"event_name":"WeMeetAgain","floor":19,"gold_loss":0}],"is_beta":false,"boss_relics":[{"not_picked":["Calling Bell","Philosopher\u0027s Stone"],"picked":"Velvet Choker"}],"items_purged_floors":[10,29],"is_endless":false,"potions_floor_spawned":[3,11,13,14,21,28],"killed_by":"Gremlin Leader","ascension_level":14}