{"gold_per_floor":[114,124,143,143,143,143,218,218,273,312,312,312,312,331,331,456,456,475,493,517,517,616,616,616,616,694,694,694,713,753,878,878,1009,1009,1027,1027,389,414,433,433,0,0,0,0,21,146,246,271,271,271],"floor_reached":51,"playtime":5107,"items_purged":["Strike_B"],"score":711,"play_id":"012dfaa4-2b56-4c0a-bd81-c902599132a7","local_time":"20190108190933","is_ascension_mode":false,"campfire_choices":[{"data":"Dualcast","floor":6,"key":"SMITH"},{"floor":12,"key":"REST"},{"floor":15,"key":"REST"},{"data":"Go for the Eyes","floor":23,"key":"SMITH"},{"data":"Seek","floor":25,"key":"SMITH"},{"floor":27,"key":"REST"},{"data":"Capacitor","floor":32,"key":"SMITH"},{"data":"Electrodynamics","floor":40,"key":"SMITH"},{"data":"Coolheaded","floor":42,"key":"SMITH"},{"data":"Compile Driver","floor":44,"key":"SMITH"},{"data":"Cold Snap","floor":49,"key":"SMITH"}],"neow_cost":"NONE","seed_source_timestamp":10672109190100,"circlet_count":0,"master_deck":["Defend_B","Defend_B","Defend_B","Defend_B","Zap+1","Dualcast+1","Coolheaded+1","Cold Snap+1","Go for the Eyes+1","Compile Driver+1","Self Repair","Seek+1","Chaos+1","Defragment+1","Steam Power+1","Cold Snap+1","Capacitor+1","BootSequence","Cold Snap+1","Electrodynamics+1","Apotheosis+1","Hologram+1","White Noise+1"],"relics":["Cracked Core","NeowsBlessing","Golden Idol","Ice Cream","Pen Nib","Pocketwatch","Ornamental Fan","Astrolabe","Mummified Hand","Enchiridion","Mercury Hourglass","Darkstone Periapt","Sundial","StoneCalendar","Toxic Egg 2","Philosopher\u0027s Stone","Toy Ornithopter","Bag of Marbles","Thread and Needle","Lantern","Bird Faced Urn","Mango"],"potions_floor_usage":[10,16,19,20,33,38,50,50,50],"damage_taken":[{"damage":0,"enemies":"Cultist","floor":1,"turns":1},{"damage":0,"enemies":"Small Slimes","floor":2,"turns":1},{"damage":0,"enemies":"2 Louse","floor":3,"turns":1},{"damage":15,"enemies":"Gremlin Nob","floor":10,"turns":4},{"damage":14,"enemies":"Large Slime","floor":14,"turns":6},{"damage":25,"enemies":"The Guardian","floor":16,"turns":10},{"damage":14,"enemies":"Chosen","floor":18,"turns":3},{"damage":14,"enemies":"2 Thieves","floor":19,"turns":3},{"damage":23,"enemies":"Snecko","floor":20,"turns":7},{"damage":5,"enemies":"Shelled Parasite and Fungi","floor":29,"turns":3},{"damage":17,"enemies":"Gremlin Leader","floor":30,"turns":7},{"damage":0,"enemies":"Colosseum Slavers","floor":31,"turns":3},{"damage":27,"enemies":"Colosseum Nobs","floor":31,"turns":5},{"damage":17,"enemies":"Champ","floor":33,"turns":11},{"damage":1,"enemies":"Orb Walker","floor":35,"turns":3},{"damage":0,"enemies":"3 Shapes","floor":38,"turns":2},{"damage":0,"enemies":"Maw","floor":39,"turns":6},{"damage":5,"enemies":"Writhing Mass","floor":45,"turns":4},{"damage":0,"enemies":"Mind Bloom Boss Battle","floor":46,"turns":4},{"damage":0,"enemies":"Spire Growth","floor":48,"turns":4},{"damage":0,"enemies":"Donu and Deca","floor":50,"turns":7}],"seed_played":"8022395412273887268","potions_obtained":[{"floor":2,"key":"SteroidPotion"},{"floor":14,"key":"SkillPotion"},{"floor":18,"key":"EssenceOfSteel"},{"floor":19,"key":"GamblersBrew"},{"floor":31,"key":"EssenceOfSteel"},{"floor":33,"key":"LiquidBronze"},{"floor":35,"key":"Weak Potion"},{"floor":46,"key":"SpeedPotion"},{"floor":48,"key":"PowerPotion"}],"is_trial":false,"path_per_floor":["M","M","M","?","?","R","?","?","T","E","?","R","T","M","R","B",null,"M","M","M","?","?","R","?","R","T","R","T","M","E","?","R","B",null,"M","?","$","M","M","R","$","R","T","R","M","?","?","M","R","B",null],"character_chosen":"DEFECT","items_purchased":["Toy Ornithopter","Bag of Marbles","Apotheosis+1","Hologram+1","Thread and Needle","Lantern"],"campfire_rested":3,"item_purchase_floors":[37,37,37,37,41,41],"current_hp_per_floor":[75,75,75,60,42,42,31,31,31,16,4,26,26,12,34,9,75,68,61,45,45,45,45,29,29,29,51,51,53,43,30,30,20,75,75,75,75,75,75,75,75,75,75,75,75,89,89,89,89,89],"gold":271,"neow_bonus":"THREE_ENEMY_KILL","is_prod":false,"is_daily":false,"chose_seed":false,"campfire_upgraded":8,"win_rate":0.0,"timestamp":1546945773,"path_taken":["M","M","?","?","?","R","?","?","T","E","?","R","?","M","R","BOSS","M","M","M","?","?","R","?","R","T","R","?","?","E","?","R","BOSS","M","?","$","M","M","R","$","R","T","R","?","?","?","?","R","BOSS"],"build_version":"2019-01-03v4","purchased_purges":1,"victory":true,"max_hp_per_floor":[75,75,75,75,75,75,75,75,75,75,75,75,75,75,75,75,75,75,75,75,75,75,75,75,75,75,75,75,75,75,75,75,75,75,75,75,75,75,75,75,75,75,75,75,75,89,89,89,89,89],"card_choices":[{"not_picked":["Compile Driver","Genetic Algorithm"],"picked":"Coolheaded","floor":1},{"not_picked":["Barrage","Sweeping Beam"],"picked":"Cold Snap","floor":2},{"not_picked":["Darkness","Gash"],"picked":"Go for the Eyes","floor":3},{"not_picked":["Redo","Force Field"],"picked":"Compile Driver","floor":10},{"not_picked":["Storm","Coolheaded"],"picked":"Self Repair","floor":14},{"not_picked":["Buffer","Fission"],"picked":"Seek","floor":16},{"not_picked":["Storm+1","Compile Driver"],"picked":"Cold Snap+1","floor":18},{"not_picked":["Coolheaded","Go for the Eyes+1"],"picked":"Capacitor","floor":19},{"not_picked":["Compile Driver","Darkness"],"picked":"BootSequence","floor":20},{"not_picked":["Static Discharge","Reprogram","Streamline"],"picked":"SKIP","floor":29},{"not_picked":["Reprogram","Hologram"],"picked":"Cold Snap","floor":30},{"not_picked":["Machine Learning","Amplify+1"],"picked":"Electrodynamics","floor":33},{"not_picked":["Heatsinks+1","Genetic Algorithm+1","Double Energy+1"],"picked":"SKIP","floor":35},{"not_picked":["Rip and Tear","Sweeping Beam+1","Stack+1"],"picked":"SKIP","floor":38},{"not_picked":["Fusion+1","Coolheaded+1","Stack+1"],"picked":"SKIP","floor":39},{"not_picked":["Fusion+1","Coolheaded+1","Stack+1"],"picked":"SKIP","floor":39},{"not_picked":["FTL+1","Scrape"],"picked":"White Noise+1","floor":45},{"not_picked":["Sweeping Beam","Reprogram+1","Compile Driver"],"picked":"SKIP","floor":48}],"player_experience":126471,"relics_obtained":[{"floor":9,"key":"Pen Nib"},{"floor":10,"key":"Pocketwatch"},{"floor":13,"key":"Ornamental Fan"},{"floor":24,"key":"Enchiridion"},{"floor":26,"key":"Mercury Hourglass"},{"floor":28,"key":"Darkstone Periapt"},{"floor":30,"key":"Sundial"},{"floor":31,"key":"StoneCalendar"},{"floor":31,"key":"Toxic Egg 2"},{"floor":43,"key":"Bird Faced Urn"},{"floor":46,"key":"Mango"}],"event_choices":[{"damage_healed":0,"gold_gain":0,"player_choice":"Entered Light","damage_taken":15,"max_hp_gain":0,"max_hp_loss":0,"event_name":"Shining Light","floor":4,"gold_loss":0,"cards_upgraded":["Zap","Cold Snap"]},{"damage_healed":0,"gold_gain":0,"player_choice":"Take Damage","damage_taken":18,"relics_obtained":["Golden Idol"],"max_hp_gain":0,"max_hp_loss":0,"event_name":"Golden Idol","floor":5,"gold_loss":0},{"damage_healed":0,"gold_gain":75,"player_choice":"Gather Gold","damage_taken":11,"max_hp_gain":0,"max_hp_loss":0,"event_name":"World of Goop","floor":7,"gold_loss":0},{"damage_healed":0,"gold_gain":0,"player_choice":"Box","damage_taken":0,"relics_obtained":["Ice Cream"],"max_hp_gain":0,"max_hp_loss":0,"event_name":"Big Fish","floor":8,"gold_loss":0,"cards_obtained":["Regret"]},{"damage_healed":0,"gold_gain":0,"player_choice":"Fled","damage_taken":12,"max_hp_gain":0,"max_hp_loss":0,"event_name":"Scrap Ooze","floor":11,"gold_loss":0},{"damage_healed":0,"gold_gain":0,"player_choice":"Opened","damage_taken":0,"relics_obtained":["Mummified Hand"],"max_hp_gain":0,"max_hp_loss":0,"event_name":"The Mausoleum","floor":21,"gold_loss":0},{"damage_healed":0,"gold_gain":99,"player_choice":"Stole From Cult","damage_taken":0,"max_hp_gain":0,"max_hp_loss":0,"event_name":"Nest","floor":22,"gold_loss":0},{"damage_healed":0,"gold_gain":0,"player_choice":"Obtained Book","damage_taken":16,"max_hp_gain":0,"max_hp_loss":0,"event_name":"Cursed Tome","floor":24,"gold_loss":0},{"damage_healed":0,"gold_gain":0,"player_choice":"Fight","damage_taken":0,"max_hp_gain":0,"max_hp_loss":0,"event_name":"Colosseum","floor":31,"gold_loss":0},{"damage_healed":0,"gold_gain":0,"player_choice":"Fought Nobs","damage_taken":0,"max_hp_gain":0,"max_hp_loss":0,"event_name":"Colosseum","floor":31,"gold_loss":0},{"cards_removed":["Regret"],"damage_healed":0,"gold_gain":0,"player_choice":"Removed Curses","damage_taken":0,"max_hp_gain":0,"max_hp_loss":0,"event_name":"Fountain of Cleansing","floor":36,"gold_loss":0},{"damage_healed":0,"gold_gain":0,"player_choice":"Fight","damage_taken":0,"max_hp_gain":0,"max_hp_loss":0,"event_name":"MindBloom","floor":46,"gold_loss":0},{"damage_healed":0,"gold_gain":100,"player_choice":"Pray","damage_taken":0,"max_hp_gain":0,"max_hp_loss":0,"event_name":"Golden Shrine","floor":47,"gold_loss":0}],"is_beta":false,"boss_relics":[{"not_picked":["Runic Dome","Fusion Hammer"],"picked":"Astrolabe"},{"not_picked":["Black Star","Snecko Eye"],"picked":"Philosopher\u0027s Stone"}],"items_purged_floors":[37],"is_endless":false,"potions_floor_spawned":[2,14,18,19,31,31,33,35,46,48],"ascension_level":0}