{"gold_per_floor":[210,220,238,137,137,164,164,180,180,180,195,207,222,253,253,327,327,344,344,359,373,21,21,21],"floor_reached":24,"playtime":1949,"items_purged":["Strike_R"],"score":460,"play_id":"41fb5919-4d84-4cdb-bf60-512124e867ca","local_time":"20190206083520","is_ascension_mode":true,"campfire_choices":[{"data":"Inflame","floor":7.0,"key":"SMITH"},{"data":"Feed","floor":10.0,"key":"SMITH"},{"data":"True Grit","floor":15.0,"key":"SMITH"},{"floor":23,"key":"REST"}],"neow_cost":"NONE","seed_source_timestamp":365712502290827,"circlet_count":0,"master_deck":["AscendersBane","Strike_R","Strike_R","Defend_R","Defend_R","Defend_R","Defend_R","Bash","Sword Boomerang","Inflame+1","Headbutt","True Grit+1","Shrug It Off","Feed+1","Impervious","Twin Strike","Flame Barrier","Metallicize"],"special_seed":0,"relics":["Burning Blood","Pear","Singing Bowl","Smiling Mask","Cursed Key","Matryoshka"],"potions_floor_usage":[],"damage_taken":[{"damage":6.0,"enemies":"2 Louse","floor":1.0,"turns":4.0},{"damage":1.0,"enemies":"Cultist","floor":2.0,"turns":3.0},{"damage":6.0,"enemies":"Jaw Worm","floor":3.0,"turns":4.0},{"damage":44.0,"enemies":"3 Sentries","floor":6.0,"turns":11.0},{"damage":17.0,"enemies":"3 Louse","floor":8.0,"turns":4.0},{"damage":9.0,"enemies":"2 Fungi Beasts","floor":11.0,"turns":4.0},{"damage":11.0,"enemies":"Exordium Thugs","floor":12.0,"turns":5.0},{"damage":2.0,"enemies":"Lots of Slimes","floor":13.0,"turns":5.0},{"damage":8.0,"enemies":"Gremlin Nob","floor":14.0,"turns":3.0},{"damage":37.0,"enemies":"The Guardian","floor":16.0,"turns":14.0},{"damage":58.0,"enemies":"3 Byrds","floor":18.0,"turns":8.0},{"damage":35.0,"enemies":"2 Thieves","floor":20.0,"turns":5.0},{"damage":5,"enemies":"Cultist and Chosen","floor":21,"turns":7},{"damage":70,"enemies":"Gremlin Leader","floor":24,"turns":6}],"seed_played":"6608588142046422243","potions_obtained":[{"floor":2.0,"key":"Block Potion"},{"floor":8.0,"key":"Energy Potion"},{"floor":12.0,"key":"Block Potion"},{"floor":13.0,"key":"AttackPotion"},{"floor":14.0,"key":"BloodPotion"},{"floor":16.0,"key":"EssenceOfSteel"}],"is_trial":false,"path_per_floor":["M","M","M","$","?","E","R","M","T","R","M","M","M","E","R","B",null,"M","?","M","M","$","R","E"],"character_chosen":"IRONCLAD","items_purchased":["True Grit","Matryoshka","Metallicize"],"campfire_rested":1,"item_purchase_floors":[4,22,22],"current_hp_per_floor":[68,73,73,73,73,45,45,34,34,34,37,38,48,48,48,27,86,40,40,15,20,20,55,0],"gold":21,"neow_bonus":"HUNDRED_GOLD","is_prod":false,"is_daily":false,"chose_seed":false,"campfire_upgraded":3,"win_rate":0,"timestamp":1549460120,"path_taken":["M","M","M","$","?","E","R","M","T","R","M","M","M","E","R","BOSS","M","?","?","M","$","R","E"],"build_version":"2019-01-23","purchased_purges":1,"victory":false,"max_hp_per_floor":[75,75,75,75,75,85,85,85,85,85,91,97,103,105,105,105,105,111,111,115,119,119,119,119],"card_choices":[{"not_picked":["Pummel","Corruption"],"picked":"Sword Boomerang","floor":1.0},{"not_picked":["Iron Wave","Searing Blow"],"picked":"Inflame","floor":2.0},{"not_picked":["Clash","Wild Strike"],"picked":"Headbutt","floor":3.0},{"not_picked":["Second Wind","Flex"],"picked":"Shrug It Off","floor":6.0},{"not_picked":["Warcry","Body Slam"],"picked":"Feed","floor":8.0},{"not_picked":["Rupture","Pommel Strike","Clothesline"],"picked":"Singing Bowl","floor":11.0},{"not_picked":["Rampage","Perfected Strike","Anger"],"picked":"Singing Bowl","floor":12.0},{"not_picked":["Cleave","Heavy Blade","Pommel Strike"],"picked":"Singing Bowl","floor":13.0},{"not_picked":["True Grit","Sword Boomerang","Rampage"],"picked":"Singing Bowl","floor":14.0},{"not_picked":["Barricade","Double Tap"],"picked":"Impervious","floor":16.0},{"not_picked":["Flex","Rage","Dual Wield"],"picked":"Singing Bowl","floor":18.0},{"not_picked":["Cleave","Anger+1"],"picked":"Twin Strike","floor":20.0},{"not_picked":["Sentinel","Rupture"],"picked":"Flame Barrier","floor":21}],"player_experience":1110697,"relics_obtained":[{"floor":6.0,"key":"Pear"},{"floor":9.0,"key":"Singing Bowl"},{"floor":14.0,"key":"Smiling Mask"}],"event_choices":[{"cards_removed":["Strike_R"],"damage_healed":0.0,"max_hp_gain":0.0,"max_hp_loss":0.0,"gold_gain":0.0,"event_name":"Bonfire Elementals","player_choice":"Offered Basic","floor":5.0,"gold_loss":0.0,"damage_taken":0.0},{"cards_removed":["Strike_R"],"damage_healed":0.0,"max_hp_gain":0.0,"max_hp_loss":0.0,"gold_gain":0.0,"event_name":"Wheel of Change","player_choice":"Card Removal","floor":19.0,"gold_loss":0.0,"damage_taken":0.0}],"is_beta":false,"boss_relics":[{"not_picked":["Mark of Pain","Runic Cube"],"picked":"Cursed Key"}],"items_purged_floors":[4],"is_endless":false,"potions_floor_spawned":[2,8,12,13,14,16],"killed_by":"Gremlin Leader","ascension_level":19}