{"gold_per_floor":[117,67,77,77,94,119,119,132,132,132,132,9,9,24,24,121,121,132,26,26,36,36,36,49,49,49,83,83,98,118,33,33,134,134,152,170,170,190,208,208,308,321,321,321,321,321,381,393],"floor_reached":48,"playtime":2722,"items_purged":["Strike_B"],"score":525,"play_id":"a1e66569-c662-451c-bc4c-5f69bd6421f9","local_time":"20190116114135","is_ascension_mode":false,"campfire_choices":[{"floor":7,"key":"REST"},{"floor":13,"key":"RECALL"},{"data":"Skim","floor":15,"key":"SMITH"},{"data":"Defragment","floor":23,"key":"SMITH"},{"floor":25,"key":"REST"},{"floor":28,"key":"REST"},{"floor":32,"key":"REST"},{"data":"Echo Form","floor":40,"key":"SMITH"},{"data":"Seek","floor":45,"key":"SMITH"}],"neow_cost":"NONE","seed_source_timestamp":5924063676200,"circlet_count":0,"master_deck":["Defend_B","Defend_B","Defend_B","Defend_B","Zap+1","Dualcast+1","Skim+1","Hologram","Cold Snap","Glacier","Ball Lightning","Cold Snap","Echo Form+1","Hologram","Auto Shields","Barrage","Hello World","Defragment+1","Cold Snap","Ball Lightning+1","White Noise","White Noise","Seek+1","Conserve Battery+1","White Noise","Steam Power"],"relics":["Cracked Core","Singing Bowl","Orrery","Enchiridion","Mummified Hand","Orichalcum","Question Card","Black Star","FossilizedHelix","Prayer Wheel","MawBank","Ginger"],"potions_floor_usage":[6,16,24,24,33,36,38,39,47],"damage_taken":[{"damage":9,"enemies":"Jaw Worm","floor":1,"turns":4},{"damage":0,"enemies":"2 Louse","floor":3,"turns":2},{"damage":0,"enemies":"Small Slimes","floor":5,"turns":2},{"damage":18,"enemies":"3 Sentries","floor":6,"turns":7},{"damage":7,"enemies":"Blue Slaver","floor":8,"turns":3},{"damage":3,"enemies":"Looter","floor":14,"turns":3},{"damage":0,"enemies":"The Guardian","floor":16,"turns":10},{"damage":20,"enemies":"2 Thieves","floor":18,"turns":5},{"damage":4,"enemies":"Spheric Guardian","floor":21,"turns":5},{"damage":26,"enemies":"Snake Plant","floor":24,"turns":4},{"damage":41,"enemies":"Slavers","floor":27,"turns":6},{"damage":10,"enemies":"3 Cultists","floor":29,"turns":7},{"damage":8,"enemies":"Centurion and Healer","floor":30,"turns":6},{"damage":50,"enemies":"Collector","floor":33,"turns":13},{"damage":24,"enemies":"3 Shapes","floor":35,"turns":4},{"damage":11,"enemies":"Orb Walker","floor":36,"turns":5},{"damage":19,"enemies":"Transient","floor":38,"turns":5},{"damage":9,"enemies":"3 Darklings","floor":39,"turns":4},{"damage":0,"enemies":"Mind Bloom Boss Battle","floor":41,"turns":4},{"damage":0,"enemies":"Jaw Worm Horde","floor":42,"turns":5},{"damage":32,"enemies":"2 Orb Walkers","floor":47,"turns":5},{"damage":9,"enemies":"Reptomancer","floor":48,"turns":1}],"seed_played":"919198582774321551","potions_obtained":[{"floor":5,"key":"EssenceOfSteel"},{"floor":6,"key":"PowerPotion"},{"floor":14,"key":"SkillPotion"},{"floor":18,"key":"Regen Potion"},{"floor":29,"key":"SteroidPotion"},{"floor":33,"key":"EssenceOfSteel"},{"floor":36,"key":"Fire Potion"},{"floor":38,"key":"AttackPotion"},{"floor":39,"key":"FocusPotion"}],"is_trial":false,"path_per_floor":["M","?","M","?","M","E","R","M","T","?","?","$","R","M","R","B",null,"M","$","?","M","?","R","M","R","T","E","R","M","M","?","R","B",null,"M","M","?","M","M","R","?","M","T","?","R","T","?","E"],"character_chosen":"DEFECT","items_purchased":["Ball Lightning","Defragment","Cold Snap"],"campfire_rested":4,"item_purchase_floors":[12,19,19],"current_hp_per_floor":[73,73,73,57,57,41,66,59,59,59,59,59,59,56,56,56,86,68,68,52,50,50,50,33,60,60,19,46,38,30,30,57,7,92,68,59,59,40,33,33,35,35,35,35,35,35,5,0],"gold":393,"neow_bonus":"TEN_PERCENT_HP_BONUS","is_prod":false,"is_daily":false,"chose_seed":false,"campfire_upgraded":4,"win_rate":0,"timestamp":1547610095,"path_taken":["M","?","M","?","M","E","R","M","T","?","?","$","R","?","R","BOSS","M","$","?","M","?","R","M","R","T","E","R","M","M","?","R","BOSS","M","M","?","?","M","R","?","M","T","?","R","?","?","E"],"build_version":"2019-01-10","purchased_purges":1,"victory":false,"max_hp_per_floor":[82,82,82,82,82,84,84,84,84,84,84,84,84,84,84,84,86,88,88,88,90,90,90,90,90,90,90,90,92,92,92,92,92,92,92,94,94,94,96,96,98,98,98,98,98,98,100,100],"card_choices":[{"not_picked":["Barrage","Gash"],"picked":"Skim","floor":1},{"not_picked":["Streamline","Barrage"],"picked":"Hologram","floor":3},{"not_picked":["Heatsinks","Stack"],"picked":"Cold Snap","floor":5},{"not_picked":["Fusion","Barrage","Rebound"],"picked":"Singing Bowl","floor":6},{"not_picked":["Rebound","Melter"],"picked":"Glacier","floor":8},{"not_picked":["Fission","Redo"],"picked":"Cold Snap","floor":14},{"not_picked":["Thunder Strike","Meteor Strike"],"picked":"Echo Form","floor":16},{"not_picked":["Redo","Ball Lightning"],"picked":"Hologram","floor":17},{"not_picked":["Chill","Doom and Gloom","Gash"],"picked":"Singing Bowl","floor":17},{"not_picked":["Barrage","Force Field"],"picked":"Auto Shields","floor":17},{"not_picked":["Sweeping Beam","Scrape"],"picked":"Barrage","floor":17},{"not_picked":["Blizzard","Rebound"],"picked":"Hello World","floor":17},{"not_picked":["Fission","Reinforced Body","Chill"],"picked":"Singing Bowl","floor":18},{"not_picked":["Streamline","Stack","Beam Cell"],"picked":"Singing Bowl","floor":21},{"not_picked":["Sweeping Beam","Reboot"],"picked":"Ball Lightning+1","floor":24},{"not_picked":["Redo","Conserve Battery"],"picked":"White Noise","floor":27},{"not_picked":["Steam","Streamline+1","Barrage"],"picked":"Singing Bowl","floor":29},{"not_picked":["Conserve Battery","Undo"],"picked":"White Noise","floor":30},{"not_picked":["Machine Learning","Reboot","Electrodynamics"],"picked":"Seek","floor":33},{"not_picked":["Coolheaded+1","Streamline+1","Ball Lightning+1"],"picked":"Conserve Battery+1","floor":35},{"not_picked":["Redo","Rebound","Ball Lightning+1","Gash+1"],"picked":"Singing Bowl","floor":36},{"not_picked":["Stack+1","Compile Driver","Turbo+1"],"picked":"White Noise","floor":38},{"not_picked":["Hologram+1","Fusion+1","Tempest+1","Compile Driver"],"picked":"Singing Bowl","floor":39},{"not_picked":["Scrape","Beam Cell","Redo+1","Force Field+1"],"picked":"Singing Bowl","floor":41},{"not_picked":["Go for the Eyes+1","Reprogram","Coolheaded"],"picked":"Steam Power","floor":42},{"not_picked":["Blizzard","Genetic Algorithm+1","Echo Form","Hologram+1"],"picked":"Singing Bowl","floor":47}],"player_experience":251673,"relics_obtained":[{"floor":6,"key":"Singing Bowl"},{"floor":20,"key":"Enchiridion"},{"floor":26,"key":"Mummified Hand"},{"floor":27,"key":"Orichalcum"},{"floor":41,"key":"FossilizedHelix"},{"floor":43,"key":"Prayer Wheel"},{"floor":46,"key":"MawBank"},{"floor":47,"key":"Ginger"}],"event_choices":[{"cards_removed":["Strike_B"],"damage_healed":0,"gold_gain":0,"player_choice":"Card Removal","damage_taken":0,"max_hp_gain":0,"max_hp_loss":0,"event_name":"The Cleric","floor":2,"gold_loss":50},{"damage_healed":0,"gold_gain":0,"player_choice":"Entered Light","damage_taken":16,"max_hp_gain":0,"max_hp_loss":0,"event_name":"Shining Light","floor":4,"gold_loss":0,"cards_upgraded":["Zap","Dualcast"]},{"cards_removed":["Strike_B"],"damage_healed":0,"gold_gain":0,"player_choice":"Forget","damage_taken":0,"max_hp_gain":0,"max_hp_loss":0,"event_name":"Living Wall","floor":10,"gold_loss":0},{"cards_removed":["Strike_G"],"damage_healed":0,"gold_gain":0,"player_choice":"Took Card","damage_taken":0,"max_hp_gain":0,"max_hp_loss":0,"event_name":"NoteForYourself","floor":11,"gold_loss":0,"cards_obtained":["Strike_G"]},{"damage_healed":0,"gold_gain":0,"player_choice":"Obtained Book","damage_taken":16,"max_hp_gain":0,"max_hp_loss":0,"event_name":"Cursed Tome","floor":20,"gold_loss":0},{"damage_healed":0,"gold_gain":0,"player_choice":"Ignored","damage_taken":0,"max_hp_gain":0,"max_hp_loss":0,"event_name":"Beggar","floor":22,"gold_loss":0},{"damage_healed":0,"gold_gain":0,"player_choice":"Obtained Relic","damage_taken":0,"relics_obtained":["Question Card"],"max_hp_gain":0,"max_hp_loss":0,"event_name":"Addict","floor":31,"gold_loss":85},{"cards_removed":["Strike_B"],"damage_healed":0,"gold_gain":0,"player_choice":"Offered Basic","damage_taken":0,"max_hp_gain":0,"max_hp_loss":0,"event_name":"Bonfire Elementals","floor":37,"gold_loss":0},{"damage_healed":0,"gold_gain":0,"player_choice":"Fight","damage_taken":0,"max_hp_gain":0,"max_hp_loss":0,"event_name":"MindBloom","floor":41,"gold_loss":0},{"damage_healed":0,"gold_gain":0,"player_choice":"Ignored","damage_taken":0,"max_hp_gain":0,"max_hp_loss":0,"event_name":"Tomb of Lord Red Mask","floor":44,"gold_loss":0},{"damage_healed":0,"gold_gain":0,"player_choice":"Fight","damage_taken":0,"max_hp_gain":0,"max_hp_loss":0,"event_name":"Mysterious Sphere","floor":47,"gold_loss":0}],"is_beta":false,"boss_relics":[{"not_picked":["Runic Pyramid","Tiny House"],"picked":"Orrery"},{"not_picked":["Calling Bell","Philosopher\u0027s Stone"],"picked":"Black Star"}],"items_purged_floors":[12],"is_endless":false,"potions_floor_spawned":[5,6,14,18,29,33,36,38,39],"killed_by":"Reptomancer","ascension_level":0}