{"gold_per_floor":[114,129,144,144,159,159,189,191,216,216],"floor_reached":10,"playtime":956,"items_purged":[],"score":93,"play_id":"ffe3058e-10c9-48da-bb39-9b18a52563cd","local_time":"20181022230223","daily_mods":["Specialized","Time Dilation","Night Terrors"],"is_ascension_mode":false,"campfire_choices":[{"data":"Fiend Fire","floor":6,"key":"SMITH"}],"neow_cost":"","seed_source_timestamp":944060858077700,"circlet_count":0,"master_deck":["Strike_R","Strike_R","Strike_R","Strike_R","Defend_R","Defend_R","Defend_R","Defend_R","Bash","Fiend Fire","Fiend Fire+1","Fiend Fire","Fiend Fire","Fiend Fire","Armaments","Iron Wave","Armaments"],"special_seed":17827,"relics":["Burning Blood","PreservedInsect","Odd Mushroom","Lantern"],"potions_floor_usage":[10,10],"damage_taken":[{"damage":11,"enemies":"Jaw Worm","floor":1,"turns":2},{"damage":2,"enemies":"2 Louse","floor":2,"turns":2},{"damage":10,"enemies":"Small Slimes","floor":3,"turns":4},{"damage":7,"enemies":"2 Fungi Beasts","floor":5,"turns":3},{"damage":11,"enemies":"Gremlin Nob","floor":7,"turns":3},{"damage":25,"enemies":"The Mushroom Lair","floor":8,"turns":4},{"damage":12,"enemies":"3 Sentries","floor":10,"turns":17}],"seed_played":"6411126748383649417","potions_obtained":[{"floor":1,"key":"Dexterity Potion"},{"floor":5,"key":"PowerPotion"},{"floor":8,"key":"Swift Potion"}],"is_trial":false,"path_per_floor":["M","M","M","?","M","R","E","?","T"],"character_chosen":"IRONCLAD","items_purchased":[],"campfire_rested":0,"item_purchase_floors":[],"current_hp_per_floor":[75,79,75,75,74,74,69,50,50,38],"gold":216,"neow_bonus":"","is_prod":false,"is_daily":true,"chose_seed":false,"campfire_upgraded":1,"win_rate":0.0,"timestamp":1540263743,"path_taken":["M","M","M","?","M","R","E","?","T","E"],"build_version":"2018-10-18","purchased_purges":0,"victory":false,"max_hp_per_floor":[80,80,80,80,80,80,80,80,80,80],"card_choices":[{"not_picked":["Flex","Flame Barrier"],"picked":"Armaments","floor":1},{"not_picked":["Perfected Strike","Clothesline"],"picked":"Iron Wave","floor":2},{"not_picked":["Twin Strike","Havoc","Dropkick"],"picked":"SKIP","floor":3},{"not_picked":["Clothesline","Thunderclap","Bloodletting"],"picked":"SKIP","floor":5},{"not_picked":["Seeing Red","Offering","Second Wind"],"picked":"SKIP","floor":7}],"player_experience":31735,"relics_obtained":[{"floor":7,"key":"PreservedInsect"},{"floor":8,"key":"Odd Mushroom"},{"floor":9,"key":"Lantern"}],"event_choices":[{"damage_healed":0,"gold_gain":0,"cards_transformed":["Strike_R"],"player_choice":"Change","damage_taken":0,"max_hp_gain":0,"max_hp_loss":0,"event_name":"Living Wall","floor":4,"gold_loss":0,"cards_obtained":["Armaments"]},{"damage_healed":0,"gold_gain":0,"player_choice":"Fought Mushrooms","damage_taken":0,"max_hp_gain":0,"max_hp_loss":0,"event_name":"Mushrooms","floor":8,"gold_loss":0}],"is_beta":false,"boss_relics":[],"items_purged_floors":[],"is_endless":false,"potions_floor_spawned":[1,5,8],"killed_by":"3 Sentries","ascension_level":0}