{"gold_per_floor":[115,115,85,95,111,111,123,123,150,170,189,221,221,221,221,323,323,333,333,333,333,333,333],"floor_reached":23,"playtime":909,"items_purged":[],"score":274,"play_id":"3f408160-1f1d-4bff-bc87-f1f45614a4c6","local_time":"20181202142527","is_ascension_mode":true,"campfire_choices":[{"data":"Zap","floor":6.0,"key":"SMITH"},{"floor":8.0,"key":"REST"},{"floor":15.0,"key":"REST"}],"neow_cost":"NONE","seed_source_timestamp":0,"circlet_count":0,"master_deck":["Strike_B","Strike_B","Strike_B+1","Defend_B","Defend_B","Defend_B","Defend_B","Zap+1","Dualcast","Gash+1","Sweeping Beam","Gash","Static Discharge","Beam Cell","Glacier","Echo Form","Steam","Electrodynamics","Gash","Coolheaded","White Noise+1","Leap","Rebound","Coolheaded"],"special_seed":0,"relics":["Cracked Core","Happy Flower","Juzu Bracelet","Art of War","Orrery"],"potions_floor_usage":[18,20,23],"damage_taken":[{"damage":1.0,"enemies":"2 Louse","floor":1.0,"turns":2.0},{"damage":0.0,"enemies":"Cultist","floor":4.0,"turns":2.0},{"damage":7.0,"enemies":"Jaw Worm","floor":5.0,"turns":3.0},{"damage":14.0,"enemies":"Exordium Thugs","floor":7.0,"turns":4.0},{"damage":0.0,"enemies":"Large Slime","floor":10.0,"turns":4.0},{"damage":9.0,"enemies":"2 Fungi Beasts","floor":11.0,"turns":3.0},{"damage":13.0,"enemies":"3 Sentries","floor":12.0,"turns":6.0},{"damage":12.0,"enemies":"Hexaghost","floor":16.0,"turns":9.0},{"damage":5,"enemies":"2 Thieves","floor":18,"turns":5},{"damage":11,"enemies":"Colosseum Slavers","floor":20,"turns":5},{"damage":37,"enemies":"Book of Stabbing","floor":23,"turns":5}],"seed_played":"-5264252010159459370","potions_obtained":[{"floor":1.0,"key":"Weak Potion"},{"floor":3.0,"key":"GamblersBrew"},{"floor":3.0,"key":"Explosive Potion"},{"floor":4.0,"key":"PowerPotion"}],"is_trial":false,"path_per_floor":["M","?","?","M","M","R","M","R","T","M","M","E","?","?","R","B",null,"M","?","?","?","?","E"],"character_chosen":"DEFECT","items_purchased":[],"campfire_rested":2,"item_purchase_floors":[],"current_hp_per_floor":[67,52,52,52,45,45,31,53,53,53,44,31,31,31,53,41,67,62,48,37,37,37,0],"gold":333,"neow_bonus":"RANDOM_COMMON_RELIC","is_prod":false,"is_daily":false,"chose_seed":false,"campfire_upgraded":1,"win_rate":0,"timestamp":1543778727,"path_taken":["M","?","?","M","M","R","M","R","T","M","M","E","?","?","R","BOSS","M","?","?","?","?","E"],"build_version":"2018-11-15","purchased_purges":0,"victory":false,"max_hp_per_floor":[75,75,75,75,75,75,75,75,75,75,75,75,75,75,75,75,75,75,80,80,80,80,80],"card_choices":[{"not_picked":["Scrape","Steam"],"picked":"Gash","floor":1.0},{"not_picked":["Stack","Recycle"],"picked":"Sweeping Beam","floor":4.0},{"not_picked":["Compile Driver","Machine Learning"],"picked":"Gash","floor":5.0},{"not_picked":["Redo","Stack"],"picked":"Static Discharge","floor":7.0},{"not_picked":["Doom and Gloom","Auto Shields"],"picked":"Beam Cell","floor":10.0},{"not_picked":["Go for the Eyes","Hologram"],"picked":"Glacier","floor":11.0},{"not_picked":["Coolheaded","Compile Driver"],"picked":"Echo Form","floor":12.0},{"not_picked":["Echo Form","Hyperbeam"],"picked":"Electrodynamics","floor":16.0},{"not_picked":["Redo","Ball Lightning"],"picked":"Gash","floor":17.0},{"not_picked":["Chaos","Melter"],"picked":"Coolheaded","floor":17.0},{"not_picked":["Reinforced Body","Self Repair"],"picked":"White Noise","floor":17.0},{"not_picked":["Storm","Aggregate"],"picked":"Leap","floor":17.0},{"not_picked":["Compile Driver","Consume"],"picked":"Rebound","floor":17.0},{"not_picked":["Force Field","Compile Driver"],"picked":"Coolheaded","floor":18}],"player_experience":629907,"relics_obtained":[{"floor":9.0,"key":"Juzu Bracelet"},{"floor":12.0,"key":"Art of War"}],"event_choices":[{"damage_healed":0.0,"max_hp_gain":0.0,"max_hp_loss":0.0,"gold_gain":0.0,"event_name":"Shining Light","player_choice":"Entered Light","floor":2.0,"gold_loss":0.0,"damage_taken":15.0,"cards_upgraded":["Strike_B","Gash"]},{"damage_healed":0.0,"max_hp_gain":0.0,"max_hp_loss":0.0,"gold_gain":0.0,"event_name":"The Woman in Blue","player_choice":"Bought 2 Potions","floor":3.0,"gold_loss":0.0,"damage_taken":0.0},{"damage_healed":0.0,"max_hp_gain":0.0,"max_hp_loss":0.0,"gold_gain":0.0,"event_name":"Liars Game","player_choice":"Ignored","floor":13.0,"gold_loss":0.0,"damage_taken":0.0},{"damage_healed":0.0,"max_hp_gain":0.0,"max_hp_loss":0.0,"gold_gain":0.0,"cards_transformed":["Strike_B"],"event_name":"Transmorgrifier","player_choice":"Transformed","floor":14.0,"gold_loss":0.0,"damage_taken":0.0,"cards_obtained":["Steam"]},{"damage_healed":0,"gold_gain":0,"player_choice":"Shed Blood","damage_taken":19,"max_hp_gain":5,"max_hp_loss":0,"event_name":"Forgotten Altar","floor":19,"gold_loss":0},{"damage_healed":0,"gold_gain":0,"player_choice":"Fight","damage_taken":0,"max_hp_gain":0,"max_hp_loss":0,"event_name":"Colosseum","floor":20,"gold_loss":0},{"damage_healed":0,"gold_gain":0,"player_choice":"Fled From Nobs","damage_taken":0,"max_hp_gain":0,"max_hp_loss":0,"event_name":"Colosseum","floor":20,"gold_loss":0},{"damage_healed":0,"gold_gain":0,"player_choice":"Ignored","damage_taken":0,"max_hp_gain":0,"max_hp_loss":0,"event_name":"The Mausoleum","floor":21,"gold_loss":0},{"damage_healed":0,"gold_gain":0,"player_choice":"Forge","damage_taken":0,"max_hp_gain":0,"max_hp_loss":0,"event_name":"Accursed Blacksmith","floor":22,"gold_loss":0,"cards_upgraded":["White Noise"]}],"is_beta":false,"boss_relics":[{"not_picked":["Coffee Dripper","Empty Cage"],"picked":"Orrery"}],"items_purged_floors":[],"is_endless":false,"potions_floor_spawned":[1,4,10,16],"killed_by":"Book of Stabbing","ascension_level":9}