{"gold_per_floor":[117,117,20,36,36,36,61,88,88,88,88,119,132,165,165,291,291,315,405,32,48,69,69,104,104,104,143,158,172,195,215,215,340,340,363,382,0,125,144,179,200,200,224,184,209,209,209,252,252,252,252,252,3,41,41],"floor_reached":55,"playtime":5039,"items_purged":[],"score":817,"play_id":"16308942-4287-484e-a5bb-6cc80c093764","local_time":"20190203193251","is_ascension_mode":false,"campfire_choices":[{"data":"Zap","floor":6,"key":"SMITH"},{"data":"Dualcast","floor":10,"key":"SMITH"},{"floor":15,"key":"REST"},{"floor":23,"key":"REST"},{"floor":25,"key":"REST"},{"data":"Creative AI","floor":32,"key":"SMITH"},{"floor":42,"key":"REST"},{"floor":46,"key":"RECALL"},{"data":"Buffer","floor":49,"key":"SMITH"},{"data":"Tempest","floor":52,"key":"SMITH"}],"neow_cost":"NONE","seed_source_timestamp":753488603800,"circlet_count":0,"master_deck":["Zap+1","Dualcast+1","Hologram","Dramatic Entrance","Hologram+1","Coolheaded","Capacitor","Ball Lightning","Echo Form","Self Repair+1","Blind","Deep Breath","Cold Snap","Turbo","Cold Snap+1","Steam","Creative AI+1","Conserve Battery","Amplify","Turbo","Chill","Seek","Buffer+1","Electrodynamics","Genetic Algorithm","Lockon","Turbo","Tempest+1","Fusion","Glacier","Compile Driver","Sunder+1","Aggregate+1","Self Repair+1","Coolheaded+1","Leap","Zap","Good Instincts","FTL","Trip"],"relics":["Cracked Core","Golden Idol","The Courier","Thread and Needle","Question Card","Odd Mushroom","Sozu","Meat on the Bone","DataDisk","Singing Bowl","Cables","Gremlin Horn","Pandora\u0027s Box","Red Mask","Prayer Wheel","Turnip","Omamori","Art of War","Lantern","Strawberry"],"potions_floor_usage":[12,14],"damage_taken":[{"damage":5,"enemies":"Jaw Worm","floor":1,"turns":4},{"damage":0,"enemies":"Small Slimes","floor":4,"turns":2},{"damage":1,"enemies":"Cultist","floor":7,"turns":3},{"damage":13,"enemies":"Gremlin Nob","floor":12,"turns":4},{"damage":0,"enemies":"Lots of Slimes","floor":13,"turns":2},{"damage":3,"enemies":"The Mushroom Lair","floor":14,"turns":3},{"damage":38,"enemies":"Hexaghost","floor":16,"turns":10},{"damage":30,"enemies":"2 Thieves","floor":18,"turns":4},{"damage":0,"enemies":"Chosen","floor":21,"turns":5},{"damage":7,"enemies":"Snake Plant","floor":22,"turns":4},{"damage":46,"enemies":"Slavers","floor":24,"turns":6},{"damage":10,"enemies":"Book of Stabbing","floor":27,"turns":5},{"damage":17,"enemies":"Shelled Parasite and Fungi","floor":28,"turns":6},{"damage":2,"enemies":"Chosen and Byrds","floor":29,"turns":6},{"damage":4,"enemies":"Centurion and Healer","floor":30,"turns":7},{"damage":42,"enemies":"3 Cultists","floor":31,"turns":6},{"damage":21,"enemies":"Champ","floor":33,"turns":7},{"damage":29,"enemies":"3 Darklings","floor":35,"turns":5},{"damage":5,"enemies":"Orb Walker","floor":36,"turns":6},{"damage":14,"enemies":"Mind Bloom Boss Battle","floor":38,"turns":7},{"damage":43,"enemies":"4 Shapes","floor":39,"turns":5},{"damage":0,"enemies":"Giant Head","floor":40,"turns":10},{"damage":2,"enemies":"Spire Growth","floor":41,"turns":4},{"damage":0,"enemies":"Jaw Worm Horde","floor":45,"turns":3},{"damage":23,"enemies":"Reptomancer","floor":48,"turns":8},{"damage":59,"enemies":"Donu and Deca","floor":50,"turns":13},{"damage":66,"enemies":"Shield and Spear","floor":54,"turns":10},{"damage":89,"enemies":"The Heart","floor":55,"turns":8}],"seed_played":"6288145305443730026","potions_obtained":[{"floor":7,"key":"FearPotion"},{"floor":13,"key":"Energy Potion"}],"is_trial":false,"path_per_floor":["M","?","$","M","?","R","M","T","T","R","?","E","M","?","R","B",null,"M","?","$","M","M","R","E","R","T","E","M","M","M","M","R","B",null,"M","M","?","?","M","E","M","R","T","?","M","R","?","E","R","B",null,"R","$","E","B"],"character_chosen":"DEFECT","items_purchased":["Dramatic Entrance","Meat on the Bone","DataDisk","Cold Snap","Turbo","Lantern","FTL","Trip"],"campfire_rested":4,"item_purchase_floors":[3,20,20,20,20,53,53,53],"current_hp_per_floor":[77,57,57,57,57,57,56,56,56,56,44,31,31,28,52,14,82,52,20,20,39,44,68,41,65,65,62,59,66,76,60,60,51,84,55,57,57,57,40,61,59,84,84,84,90,90,90,92,92,65,92,92,92,87,0],"gold":41,"neow_bonus":"TEN_PERCENT_HP_BONUS","is_prod":false,"is_daily":false,"chose_seed":false,"campfire_upgraded":5,"win_rate":0,"timestamp":1549193571,"path_taken":["M","?","$","M","?","R","?","?","T","R","?","E","M","?","R","BOSS","M","?","$","?","M","R","E","R","T","E","M","?","M","M","R","BOSS","M","M","?","?","M","E","M","R","T","?","?","R","?","E","R","BOSS","R","$","E","BOSS"],"build_version":"2019-01-23","purchased_purges":0,"victory":false,"max_hp_per_floor":[82,82,82,82,82,82,82,82,82,82,82,82,82,82,82,82,82,82,82,82,82,82,82,82,82,82,82,82,84,84,84,84,84,84,84,84,84,84,84,86,86,86,86,86,90,90,90,92,92,92,92,92,92,101,101],"card_choices":[{"not_picked":["Rebound","Ball Lightning"],"picked":"Hologram","floor":1},{"not_picked":["Doom and Gloom","Redo"],"picked":"Hologram","floor":4},{"not_picked":["Ball Lightning","Barrage"],"picked":"Coolheaded","floor":7},{"not_picked":["Leap","Sweeping Beam","Beam Cell"],"picked":"SKIP","floor":12},{"not_picked":["Genetic Algorithm","Sweeping Beam","Sunder"],"picked":"Capacitor","floor":13},{"not_picked":["Reinforced Body","Redo","Steam Power"],"picked":"Ball Lightning","floor":14},{"not_picked":["Machine Learning","Meteor Strike","Hyperbeam"],"picked":"Echo Form","floor":16},{"not_picked":["Ball Lightning+1","Go for the Eyes","Streamline"],"picked":"Self Repair","floor":18},{"not_picked":["Fusion","Darkness+1","Self Repair"],"picked":"Cold Snap+1","floor":21},{"not_picked":["Chaos","Turbo","Beam Cell"],"picked":"Steam","floor":22},{"not_picked":["Steam+1","Scrape","Ball Lightning"],"picked":"Creative AI","floor":24},{"not_picked":["Coolheaded","Hologram","Cold Snap"],"picked":"Conserve Battery","floor":27},{"not_picked":["Leap","Chill","Beam Cell"],"picked":"Amplify","floor":28},{"not_picked":["Barrage+1","Redo","Compile Driver","Leap"],"picked":"Singing Bowl","floor":29},{"not_picked":["Barrage+1","Hologram","Blizzard"],"picked":"Turbo","floor":30},{"not_picked":["Gash","Reinforced Body+1","Streamline"],"picked":"Chill","floor":31},{"not_picked":["Multi-Cast","Electrodynamics","Meteor Strike"],"picked":"Seek","floor":33},{"not_picked":["Streamline","Blizzard","Go for the Eyes+1"],"picked":"Glacier","floor":35},{"not_picked":["Coolheaded","Sunder+1","Redo+1"],"picked":"Compile Driver","floor":36},{"not_picked":["Recycle","Blizzard+1","Conserve Battery"],"picked":"Sunder+1","floor":38},{"not_picked":["Buffer","Gash","Static Discharge+1"],"picked":"Aggregate+1","floor":39},{"not_picked":["Leap+1","Melter","FTL","Compile Driver"],"picked":"SKIP","floor":39},{"not_picked":["Cold Snap+1","Hologram+1","Barrage+1","Melter"],"picked":"Singing Bowl","floor":40},{"not_picked":["Stack","Auto Shields","Genetic Algorithm"],"picked":"Self Repair+1","floor":41},{"not_picked":["Leap+1","Go for the Eyes+1","Chaos+1"],"picked":"Coolheaded+1","floor":41},{"not_picked":["Heatsinks+1","Redo","Skim","Defragment"],"picked":"Singing Bowl","floor":45},{"not_picked":["Steam Power+1","Steam+1","Stack+1","Hello World+1"],"picked":"Singing Bowl","floor":45},{"not_picked":["Rip and Tear","Storm+1","Machine Learning","Steam Power"],"picked":"Singing Bowl","floor":48},{"not_picked":["Go for the Eyes","Compile Driver+1","Streamline","Glacier"],"picked":"Singing Bowl","floor":54}],"player_experience":320363,"relics_obtained":[{"floor":9,"key":"The Courier"},{"floor":12,"key":"Question Card"},{"floor":14,"key":"Odd Mushroom"},{"floor":24,"key":"Singing Bowl"},{"floor":26,"key":"Cables"},{"floor":27,"key":"Gremlin Horn"},{"floor":38,"key":"Prayer Wheel"},{"floor":40,"key":"Turnip"},{"floor":43,"key":"Omamori"},{"floor":48,"key":"Art of War"},{"floor":54,"key":"Strawberry"}],"event_choices":[{"damage_healed":0,"gold_gain":0,"player_choice":"Take Damage","damage_taken":20,"relics_obtained":["Golden Idol"],"max_hp_gain":0,"max_hp_loss":0,"event_name":"Golden Idol","floor":2,"gold_loss":0},{"cards_removed":["Strike_B"],"damage_healed":0,"gold_gain":0,"player_choice":"Forget","damage_taken":0,"max_hp_gain":0,"max_hp_loss":0,"event_name":"Living Wall","floor":5,"gold_loss":0},{"damage_healed":0,"gold_gain":0,"player_choice":"Success","damage_taken":12,"relics_obtained":["Thread and Needle"],"max_hp_gain":0,"max_hp_loss":0,"event_name":"Scrap Ooze","floor":11,"gold_loss":0},{"damage_healed":0,"gold_gain":0,"player_choice":"Fought Mushrooms","damage_taken":0,"max_hp_gain":0,"max_hp_loss":0,"event_name":"Mushrooms","floor":14,"gold_loss":0},{"damage_healed":0,"gold_gain":90,"player_choice":"CARD CARD GOLD ","damage_taken":32,"max_hp_gain":0,"max_hp_loss":0,"event_name":"Knowing Skull","floor":19,"potions_obtained":[],"gold_loss":0,"cards_obtained":["Blind","Deep Breath"]},{"damage_healed":0,"gold_gain":0,"player_choice":"Paid","damage_taken":0,"relics_obtained":["Red Mask"],"max_hp_gain":0,"max_hp_loss":0,"event_name":"Tomb of Lord Red Mask","floor":37,"gold_loss":382},{"damage_healed":0,"gold_gain":0,"player_choice":"Fight","damage_taken":0,"max_hp_gain":0,"max_hp_loss":0,"event_name":"MindBloom","floor":38,"gold_loss":0},{"damage_healed":0,"gold_gain":0,"player_choice":"Upgraded Two","damage_taken":0,"max_hp_gain":0,"max_hp_loss":0,"event_name":"Designer","floor":44,"gold_loss":40,"cards_upgraded":["Self Repair","Hologram"]},{"damage_healed":0,"gold_gain":0,"player_choice":"3 cards matched","damage_taken":0,"max_hp_gain":0,"max_hp_loss":0,"event_name":"Match and Keep!","floor":47,"gold_loss":0,"cards_obtained":["Leap","Zap","Good Instincts"]}],"is_beta":false,"boss_relics":[{"not_picked":["Tiny House","Ectoplasm"],"picked":"Sozu"},{"not_picked":["Eternal Feather","Fusion Hammer"],"picked":"Pandora\u0027s Box"}],"items_purged_floors":[],"is_endless":false,"potions_floor_spawned":[7,13,22,24,27,30,33,36,39,40,41,45,48],"killed_by":"The Heart","ascension_level":0}