{"gold_per_floor":[114,134,134,153,171,171,228,228,252,283,294,309,167,219,219,324,324,338,354,370,217,232,232,243,243,289,300,314,329,329,61,61,61],"floor_reached":33,"playtime":1731,"items_purged":["Strike_R","Defend_R","Defend_R"],"score":276,"play_id":"e2ff3d61-e527-4e0b-bc37-6a933515b9de","local_time":"20190111210820","is_ascension_mode":true,"campfire_choices":[{"data":"Wild Strike","floor":6,"key":"SMITH"},{"data":"Cleave","floor":8,"key":"SMITH"},{"data":"Shrug It Off","floor":15,"key":"SMITH"},{"data":"True Grit","floor":23,"key":"SMITH"},{"data":"True Grit","floor":30,"key":"SMITH"},{"data":"Bludgeon","floor":32,"key":"SMITH"}],"neow_cost":"NONE","seed_source_timestamp":114995701021044,"circlet_count":0,"master_deck":["Strike_R+1","Strike_R","Strike_R","Defend_R","Defend_R","Bash+1","Wild Strike+1","Cleave+1","Anger","True Grit+1","Battle Trance","Shrug It Off+1","Headbutt+1","Bludgeon+1","Sword Boomerang+1","Shrug It Off","True Grit+1","Warcry+1"],"relics":["Burning Blood","Tiny Chest","Blood Vial","Art of War","Whetstone","Busted Crown","Oddly Smooth Stone","Pen Nib"],"potions_floor_usage":[7,24,29,33,33],"damage_taken":[{"damage":3,"enemies":"Jaw Worm","floor":1,"turns":4},{"damage":1,"enemies":"Cultist","floor":2,"turns":3},{"damage":1,"enemies":"2 Louse","floor":4,"turns":2},{"damage":6,"enemies":"Exordium Thugs","floor":5,"turns":4},{"damage":18,"enemies":"Lagavulin","floor":7,"turns":6},{"damage":25,"enemies":"3 Sentries","floor":10,"turns":8},{"damage":8,"enemies":"Red Slaver","floor":11,"turns":3},{"damage":7,"enemies":"Blue Slaver","floor":12,"turns":2},{"damage":39,"enemies":"Hexaghost","floor":16,"turns":9},{"damage":8,"enemies":"2 Thieves","floor":18,"turns":3},{"damage":5,"enemies":"Chosen","floor":19,"turns":3},{"damage":3,"enemies":"Snecko","floor":20,"turns":3},{"damage":10,"enemies":"Centurion and Healer","floor":22,"turns":4},{"damage":10,"enemies":"Chosen and Byrds","floor":24,"turns":4},{"damage":3,"enemies":"3 Cultists","floor":27,"turns":6},{"damage":12,"enemies":"Shelled Parasite and Fungi","floor":28,"turns":4},{"damage":12,"enemies":"Centurion and Healer","floor":29,"turns":4},{"damage":90,"enemies":"Collector","floor":33,"turns":10}],"seed_played":"-6801884114110672041","potions_obtained":[{"floor":2,"key":"Block Potion"},{"floor":4,"key":"Energy Potion"},{"floor":10,"key":"BloodPotion"},{"floor":22,"key":"Ancient Potion"},{"floor":24,"key":"LiquidBronze"},{"floor":28,"key":"Poison Potion"}],"is_trial":false,"path_per_floor":["M","M","?","M","M","R","E","R","T","E","M","M","$","T","R","B",null,"M","M","M","$","M","R","M","?","T","M","M","M","R","$","R","B"],"character_chosen":"IRONCLAD","items_purchased":["Shrug It Off","Headbutt","Shrug It Off","Pen Nib"],"campfire_rested":0,"item_purchase_floors":[13,13,21,31],"current_hp_per_floor":[80,80,80,80,80,80,68,68,68,51,51,52,52,52,52,21,80,78,80,80,80,76,76,74,74,74,79,74,70,70,70,70,0],"gold":61,"neow_bonus":"UPGRADE_CARD","is_prod":false,"is_daily":false,"chose_seed":false,"campfire_upgraded":6,"win_rate":0,"timestamp":1547208500,"path_taken":["M","M","?","M","M","R","E","R","T","E","?","M","$","?","R","BOSS","M","M","?","$","M","R","M","?","T","M","M","?","R","?","R","BOSS"],"build_version":"2019-01-10","purchased_purges":3,"victory":false,"max_hp_per_floor":[80,80,80,80,80,80,80,80,80,80,80,80,80,80,80,80,80,80,80,80,80,80,80,80,80,80,80,80,80,80,80,80,80],"card_choices":[{"not_picked":["True Grit","Clothesline"],"picked":"Wild Strike","floor":1},{"not_picked":["Clothesline","Warcry"],"picked":"Cleave","floor":2},{"not_picked":["Dropkick","Exhume","Clash"],"picked":"SKIP","floor":4},{"not_picked":["Bloodletting","Heavy Blade"],"picked":"Anger","floor":5},{"not_picked":["Wild Strike","Sword Boomerang","Sever Soul"],"picked":"SKIP","floor":7},{"not_picked":["Perfected Strike","Thunderclap","Rampage"],"picked":"SKIP","floor":10},{"not_picked":["Sever Soul","Battle Trance"],"picked":"True Grit","floor":11},{"not_picked":["Wild Strike","Thunderclap"],"picked":"Battle Trance","floor":12},{"not_picked":["Impervious","Fiend Fire"],"picked":"Bludgeon","floor":16},{"not_picked":["Body Slam"],"picked":"SKIP","floor":18},{"not_picked":["Heavy Blade"],"picked":"SKIP","floor":19},{"not_picked":[],"picked":"Sword Boomerang+1","floor":20},{"not_picked":[],"picked":"True Grit","floor":22},{"not_picked":[],"picked":"Warcry+1","floor":24},{"not_picked":["Iron Wave"],"picked":"SKIP","floor":27},{"not_picked":["Warcry"],"picked":"SKIP","floor":28},{"not_picked":["Body Slam+1"],"picked":"SKIP","floor":29}],"player_experience":123019,"relics_obtained":[{"floor":7,"key":"Tiny Chest"},{"floor":9,"key":"Blood Vial"},{"floor":10,"key":"Art of War"},{"floor":14,"key":"Whetstone"},{"floor":26,"key":"Oddly Smooth Stone"}],"event_choices":[{"cards_removed":["Strike_R"],"damage_healed":0,"gold_gain":0,"player_choice":"Purged","damage_taken":0,"max_hp_gain":0,"max_hp_loss":0,"event_name":"Purifier","floor":3,"gold_loss":0},{"damage_healed":0,"gold_gain":0,"player_choice":"0 cards matched","damage_taken":0,"max_hp_gain":0,"max_hp_loss":0,"event_name":"Match and Keep!","floor":25,"gold_loss":0,"cards_obtained":[]}],"is_beta":false,"boss_relics":[{"not_picked":["Fusion Hammer","Tiny House"],"picked":"Busted Crown"}],"items_purged_floors":[13,21,31],"is_endless":false,"potions_floor_spawned":[2,4,10,22,24,28],"killed_by":"Collector","ascension_level":1}