{"gold_per_floor":[359,377,77,91,102,102,130,130,153,165,11,29,29,29,29,134,134,153,171,21,38,48,79,90,90,90,190,206,226,226,254,254,254],"floor_reached":33,"playtime":1416,"items_purged":["Strike_R"],"score":320,"play_id":"712b10b4-852c-4eab-92d3-e9e57d12b8da","local_time":"20190206212914","is_ascension_mode":true,"campfire_choices":[{"data":"Apotheosis","floor":6,"key":"SMITH"},{"data":"Perfected Strike","floor":8,"key":"SMITH"},{"floor":13,"key":"REST"},{"data":"Pommel Strike","floor":15,"key":"SMITH"},{"floor":25,"key":"REST"},{"floor":30,"key":"REST"},{"floor":32,"key":"REST"}],"neow_cost":"TEN_PERCENT_HP_LOSS","seed_source_timestamp":20775690650503,"circlet_count":0,"master_deck":["Strike_R","Strike_R","Strike_R+1","Defend_R","Defend_R+1","Defend_R+1","Bash","Iron Wave","Headbutt+1","Apotheosis+1","Shrug It Off","Iron Wave","Pommel Strike+1","Perfected Strike+1","Immolate","Shrug It Off","Double Tap","Searing Blow+1","Headbutt","Twin Strike","Inflame","Shockwave+1","Inflame+1","Pummel","Perfected Strike"],"relics":["Burning Blood","Pen Nib","Bag of Preparation","Lantern","Empty Cage","War Paint","Whetstone","FossilizedHelix","Happy Flower"],"potions_floor_usage":[7,21,22,28,31,33],"damage_taken":[{"damage":11,"enemies":"Cultist","floor":1,"turns":4},{"damage":4,"enemies":"Small Slimes","floor":2,"turns":4},{"damage":0,"enemies":"2 Louse","floor":4,"turns":3},{"damage":2,"enemies":"Blue Slaver","floor":5,"turns":5},{"damage":27,"enemies":"Gremlin Nob","floor":7,"turns":5},{"damage":13,"enemies":"Exordium Thugs","floor":10,"turns":5},{"damage":0,"enemies":"Gremlin Gang","floor":12,"turns":1},{"damage":59,"enemies":"The Guardian","floor":16,"turns":12},{"damage":6,"enemies":"Spheric Guardian","floor":18,"turns":4},{"damage":7,"enemies":"3 Byrds","floor":19,"turns":4},{"damage":19,"enemies":"Centurion and Healer","floor":21,"turns":6},{"damage":18,"enemies":"Snake Plant","floor":22,"turns":4},{"damage":13,"enemies":"Gremlin Leader","floor":23,"turns":4},{"damage":18,"enemies":"Chosen and Byrds","floor":24,"turns":5},{"damage":4,"enemies":"Cultist and Chosen","floor":28,"turns":5},{"damage":21,"enemies":"Shelled Parasite and Fungi","floor":29,"turns":8},{"damage":19,"enemies":"Book of Stabbing","floor":31,"turns":6},{"damage":74,"enemies":"Champ","floor":33,"turns":7}],"seed_played":"2805873707013196198","potions_obtained":[{"floor":4,"key":"Block Potion"},{"floor":12,"key":"LiquidBronze"},{"floor":16,"key":"SteroidPotion"},{"floor":19,"key":"Block Potion"},{"floor":21,"key":"Energy Potion"},{"floor":23,"key":"PowerPotion"},{"floor":31,"key":"LiquidBronze"}],"is_trial":false,"path_per_floor":["M","M","$","M","M","R","E","R","T","M","$","M","R","$","R","B",null,"M","M","$","M","M","E","M","R","T","?","M","M","R","E","R","B"],"character_chosen":"IRONCLAD","items_purchased":["Apotheosis","Shrug It Off","Lantern","War Paint"],"campfire_rested":4,"item_purchase_floors":[3,3,11,20],"current_hp_per_floor":[67,69,69,72,72,72,51,51,51,44,44,50,71,71,71,18,72,72,71,71,58,46,39,27,48,48,48,50,35,56,43,64,0],"gold":254,"neow_bonus":"TWO_FIFTY_GOLD","is_prod":false,"is_daily":false,"chose_seed":false,"campfire_upgraded":3,"win_rate":0,"timestamp":1549510154,"path_taken":["M","M","$","M","M","R","E","R","T","M","?","M","R","$","R","BOSS","M","M","$","M","M","E","?","R","T","?","M","?","R","E","R","BOSS"],"build_version":"2019-01-23","purchased_purges":1,"victory":false,"max_hp_per_floor":[72,72,72,72,72,72,72,72,72,72,72,72,72,72,72,72,72,72,72,72,72,72,72,72,72,72,72,72,72,72,72,72,72],"card_choices":[{"not_picked":["Pommel Strike","Rage"],"picked":"Iron Wave","floor":1},{"not_picked":["Power Through","Cleave"],"picked":"Headbutt","floor":2},{"not_picked":["Flex","Havoc"],"picked":"Iron Wave","floor":4},{"not_picked":["Anger","Wild Strike"],"picked":"Pommel Strike","floor":5},{"not_picked":["Havoc","Sentinel"],"picked":"Perfected Strike","floor":7},{"not_picked":["Anger","Flex"],"picked":"Immolate","floor":10},{"not_picked":["Iron Wave","Wild Strike"],"picked":"Shrug It Off","floor":12},{"not_picked":["Bludgeon","Impervious"],"picked":"Double Tap","floor":16},{"not_picked":["Havoc","Hemokinesis"],"picked":"Searing Blow+1","floor":18},{"not_picked":["Combust","Cleave"],"picked":"Headbutt","floor":19},{"not_picked":["Flex","Hemokinesis"],"picked":"Twin Strike","floor":21},{"not_picked":["Uppercut+1","Armaments"],"picked":"Inflame","floor":22},{"not_picked":["Iron Wave+1","Disarm+1"],"picked":"Shockwave+1","floor":23},{"not_picked":["Anger","Reckless Charge","Exhume"],"picked":"SKIP","floor":24},{"not_picked":["Clash+1","Disarm"],"picked":"Inflame+1","floor":28},{"not_picked":["Warcry","Body Slam"],"picked":"Pummel","floor":29},{"not_picked":["Juggernaut","Sentinel"],"picked":"Perfected Strike","floor":31}],"player_experience":122002,"relics_obtained":[{"floor":7,"key":"Pen Nib"},{"floor":9,"key":"Bag of Preparation"},{"floor":23,"key":"Whetstone"},{"floor":26,"key":"FossilizedHelix"},{"floor":31,"key":"Happy Flower"}],"event_choices":[{"damage_healed":0,"gold_gain":100,"player_choice":"Pray","damage_taken":0,"max_hp_gain":0,"max_hp_loss":0,"event_name":"Golden Shrine","floor":27,"gold_loss":0}],"is_beta":false,"boss_relics":[{"not_picked":["Snecko Eye","Calling Bell"],"picked":"Empty Cage"}],"items_purged_floors":[3],"is_endless":false,"potions_floor_spawned":[4,12,16,19,21,23,31],"killed_by":"Champ","ascension_level":2}