{"gold_per_floor":[215,215,234,13,29,29,61,61,111,186,55,55,87,100,100,176,176,186,203,203,203,118,118,118,151,235,248,248,274,274,274,274,348,348,360,27,39,51,51,51,51,71,71,171,223,240,240,253,253,253,253,253,26,26],"floor_reached":54,"playtime":3427,"items_purged":["Strike_B","Strike_B"],"score":1226,"play_id":"8bb6be2a-6072-4fb9-9208-71c3b29e60d9","local_time":"20190204233820","is_ascension_mode":true,"campfire_choices":[{"data":"Zap","floor":6,"key":"SMITH"},{"floor":8,"key":"REST"},{"floor":12,"key":"REST"},{"data":"Coolheaded","floor":15,"key":"SMITH"},{"data":"Hologram","floor":23,"key":"SMITH"},{"data":"Capacitor","floor":28,"key":"SMITH"},{"data":"Doom and Gloom","floor":30,"key":"SMITH"},{"floor":32,"key":"REST"},{"data":"Undo","floor":41,"key":"SMITH"},{"floor":47,"key":"RECALL"},{"data":"Echo Form","floor":49,"key":"SMITH"},{"data":"Conserve Battery","floor":52,"key":"SMITH"}],"neow_cost":"NONE","seed_source_timestamp":45791077275650,"circlet_count":0,"master_deck":["AscendersBane","Strike_B+1","Defend_B","Defend_B","Defend_B","Defend_B","Zap+1","Dualcast","Rip and Tear+1","BootSequence","Capacitor+1","Conserve Battery+1","Coolheaded+1","Doom and Gloom+1","Hologram+1","Electrodynamics","Genetic Algorithm","Undo+1","Barrage","Chill+1","Cold Snap+1","Echo Form+1","Self Repair","Coolheaded+1","Finesse+1","Coolheaded+1","Darkness+1","Compile Driver+1","Skim+1","Defragment"],"relics":["Cracked Core","DataDisk","Boot","Whetstone","Velvet Choker","Meat on the Bone","Matryoshka","Cables","Toxic Egg 2","Tiny Chest","Red Mask","Lizard Tail","TheAbacus","Bronze Scales","Symbiotic Virus","Molten Egg 2","Emotion Chip","Mango","Oddly Smooth Stone"],"potions_floor_usage":[7,13,14,16,25,29,33,38,54],"damage_taken":[{"damage":7,"enemies":"Jaw Worm","floor":1,"turns":3},{"damage":5,"enemies":"Small Slimes","floor":3,"turns":3},{"damage":0,"enemies":"2 Louse","floor":5,"turns":2},{"damage":36,"enemies":"Gremlin Nob","floor":7,"turns":5},{"damage":5,"enemies":"Lagavulin","floor":13,"turns":6},{"damage":5,"enemies":"Exordium Thugs","floor":14,"turns":4},{"damage":0,"enemies":"The Guardian","floor":16,"turns":10},{"damage":0,"enemies":"3 Byrds","floor":18,"turns":2},{"damage":9,"enemies":"2 Thieves","floor":19,"turns":3},{"damage":15,"enemies":"Slavers","floor":25,"turns":2},{"damage":0,"enemies":"Centurion and Healer","floor":27,"turns":3},{"damage":6,"enemies":"Masked Bandits","floor":29,"turns":3},{"damage":60,"enemies":"Collector","floor":33,"turns":9},{"damage":0,"enemies":"3 Shapes","floor":35,"turns":5},{"damage":8,"enemies":"Orb Walker","floor":37,"turns":4},{"damage":5,"enemies":"Spire Growth","floor":38,"turns":8},{"damage":0,"enemies":"3 Darklings","floor":42,"turns":3},{"damage":0,"enemies":"Mind Bloom Boss Battle","floor":44,"turns":5},{"damage":17,"enemies":"2 Orb Walkers","floor":45,"turns":5},{"damage":0,"enemies":"4 Shapes","floor":46,"turns":3},{"damage":4,"enemies":"Sphere and 2 Shapes","floor":48,"turns":6},{"damage":44,"enemies":"Awakened One","floor":50,"turns":13},{"damage":144,"enemies":"Shield and Spear","floor":54,"turns":10}],"seed_played":"-900511140413513402","potions_obtained":[{"floor":1,"key":"Explosive Potion"},{"floor":7,"key":"Ancient Potion"},{"floor":13,"key":"SkillPotion"},{"floor":14,"key":"EssenceOfSteel"},{"floor":18,"key":"Ancient Potion"},{"floor":27,"key":"AttackPotion"},{"floor":33,"key":"Weak Potion"},{"floor":37,"key":"LiquidBronze"},{"floor":45,"key":"Swift Potion"}],"is_trial":false,"path_per_floor":["M","?","M","$","M","R","E","R","T","?","$","R","E","M","R","B",null,"M","M","?","T","?","R","T","E","T","M","R","?","R","?","R","B",null,"M","$","M","M","?","T","R","M","T","?","?","M","R","M","R","B",null,"R","$","E"],"character_chosen":"DEFECT","items_purchased":["Capacitor","FocusPotion","Doom and Gloom","Dexterity Potion","Self Repair","TheAbacus","Defragment","Oddly Smooth Stone"],"campfire_rested":3,"item_purchase_floors":[4,4,11,11,36,36,53,53],"current_hp_per_floor":[57,50,45,45,45,45,9,30,30,19,19,40,35,30,30,30,61,61,52,52,52,52,52,52,37,37,37,37,43,43,43,64,16,57,57,57,56,58,58,58,58,58,58,71,75,85,85,85,85,60,79,79,79,0],"gold":26,"neow_bonus":"HUNDRED_GOLD","is_prod":false,"is_daily":false,"chose_seed":false,"campfire_upgraded":8,"win_rate":0,"timestamp":1549323500,"path_taken":["M","?","M","$","M","R","E","R","T","?","?","R","E","M","R","BOSS","M","M","?","?","?","R","?","E","T","?","R","?","R","?","R","BOSS","M","$","M","M","?","?","R","?","T","?","?","M","R","M","R","BOSS","R","$","E"],"build_version":"2019-01-23","purchased_purges":2,"victory":false,"max_hp_per_floor":[71,71,71,71,71,71,71,71,71,71,71,71,71,71,71,71,71,71,71,71,71,71,71,71,71,71,71,71,71,71,71,71,71,71,71,71,71,71,71,71,71,71,71,71,85,85,85,85,85,85,85,85,85,85],"card_choices":[{"not_picked":["Conserve Battery","Steam"],"picked":"Rip and Tear","floor":1},{"not_picked":["Hello World","Storm"],"picked":"BootSequence","floor":3},{"not_picked":["Leap","BootSequence"],"picked":"Conserve Battery","floor":5},{"not_picked":["Rip and Tear","Force Field"],"picked":"Coolheaded","floor":7},{"not_picked":["Conserve Battery","Rip and Tear"],"picked":"Hologram","floor":13},{"not_picked":["Turbo","Hologram","Double Energy"],"picked":"SKIP","floor":14},{"not_picked":["Creative AI","Reboot"],"picked":"Electrodynamics","floor":16},{"not_picked":["Rebound","Steam"],"picked":"Genetic Algorithm","floor":18},{"not_picked":["Beam Cell","FTL"],"picked":"Undo","floor":19},{"not_picked":["Compile Driver","Ball Lightning"],"picked":"Barrage","floor":25},{"not_picked":["Darkness+1","Hologram+1"],"picked":"Chill+1","floor":27},{"not_picked":["Lockon","Chill+1"],"picked":"Cold Snap+1","floor":29},{"not_picked":["Biased Cognition","Core Surge"],"picked":"Echo Form","floor":33},{"not_picked":["Steam Power+1","Lockon","Rebound"],"picked":"SKIP","floor":35},{"not_picked":["Doom and Gloom","Auto Shields+1","Stack+1"],"picked":"SKIP","floor":37},{"not_picked":["Scrape","Turbo+1"],"picked":"Coolheaded+1","floor":38},{"not_picked":["Forethought+1","The Bomb+1"],"picked":"Finesse+1","floor":39},{"not_picked":["Fusion+1","Steam+1"],"picked":"Coolheaded+1","floor":42},{"not_picked":["Force Field+1","Barrage+1"],"picked":"Darkness+1","floor":44},{"not_picked":["Cold Snap+1","Ball Lightning+1"],"picked":"Compile Driver+1","floor":46},{"not_picked":["Reboot+1","Barrage+1"],"picked":"Skim+1","floor":48}],"player_experience":838210,"relics_obtained":[{"floor":7,"key":"DataDisk"},{"floor":9,"key":"Boot"},{"floor":13,"key":"Whetstone"},{"floor":24,"key":"Matryoshka"},{"floor":25,"key":"Cables"},{"floor":26,"key":"Toxic Egg 2"},{"floor":26,"key":"Tiny Chest"},{"floor":29,"key":"Red Mask"},{"floor":40,"key":"Bronze Scales"},{"floor":40,"key":"Symbiotic Virus"},{"floor":43,"key":"Molten Egg 2"},{"floor":44,"key":"Emotion Chip"},{"floor":45,"key":"Mango"}],"event_choices":[{"cards_removed":["Strike_B"],"damage_healed":0,"gold_gain":0,"player_choice":"Card Removal","damage_taken":7,"max_hp_gain":0,"max_hp_loss":0,"event_name":"Golden Wing","floor":2,"gold_loss":0},{"damage_healed":0,"gold_gain":75,"player_choice":"Gather Gold","damage_taken":11,"max_hp_gain":0,"max_hp_loss":0,"event_name":"World of Goop","floor":10,"gold_loss":0},{"damage_healed":0,"gold_gain":0,"player_choice":"Ignored","damage_taken":0,"max_hp_gain":0,"max_hp_loss":0,"event_name":"Vampires","floor":20,"gold_loss":0},{"damage_healed":0,"gold_gain":0,"player_choice":"Obtained Relic","damage_taken":0,"relics_obtained":["Meat on the Bone"],"max_hp_gain":0,"max_hp_loss":0,"event_name":"Addict","floor":22,"gold_loss":85},{"damage_healed":0,"gold_gain":0,"player_choice":"Fought Bandits","damage_taken":0,"max_hp_gain":0,"max_hp_loss":0,"event_name":"Masked Bandits","floor":29,"gold_loss":0},{"damage_healed":0,"gold_gain":0,"player_choice":"Ignored","damage_taken":0,"max_hp_gain":0,"max_hp_loss":0,"event_name":"Ghosts","floor":31,"gold_loss":0},{"damage_healed":0,"gold_gain":0,"player_choice":"Memory 1","damage_taken":0,"max_hp_gain":0,"max_hp_loss":0,"event_name":"SensoryStone","floor":39,"gold_loss":0},{"damage_healed":0,"gold_gain":0,"player_choice":"Fight","damage_taken":0,"max_hp_gain":0,"max_hp_loss":0,"event_name":"MindBloom","floor":44,"gold_loss":0},{"damage_healed":0,"gold_gain":0,"player_choice":"Fight","damage_taken":0,"max_hp_gain":0,"max_hp_loss":0,"event_name":"Mysterious Sphere","floor":45,"gold_loss":0}],"is_beta":true,"boss_relics":[{"not_picked":["White Beast Statue","FrozenCore"],"picked":"Velvet Choker"},{"not_picked":["Eternal Feather","Black Star"],"picked":"Lizard Tail"}],"items_purged_floors":[4,36],"is_endless":false,"potions_floor_spawned":[1,7,13,14,18,27,33,37,45,46],"killed_by":"Shield and Spear","ascension_level":15}