{"gold_per_floor":[215,215,215,227,246,246,261,261,338,1,19,32,32,44,44,149,149,163,163,173,183,183,213,228,238,284,284,284,15,15,25,25,127,127,141,152,152,163,163,163,9,9,33,51,51,69,81,110,110,110],"floor_reached":50,"playtime":2996,"items_purged":["Strike_G","Strike_G"],"score":513,"play_id":"3cc8b6d0-2642-49db-acc6-87d140f2918e","local_time":"20190131182251","is_ascension_mode":false,"campfire_choices":[{"data":"A Thousand Cuts","floor":6,"key":"SMITH"},{"data":"Neutralize","floor":8,"key":"SMITH"},{"data":"Caltrops","floor":15,"key":"SMITH"},{"floor":27,"key":"REST"},{"floor":32,"key":"REST"},{"data":"Madness","floor":40,"key":"SMITH"},{"data":"Madness","floor":42,"key":"SMITH"},{"data":"Blade Dance","floor":45,"key":"SMITH"},{"floor":49,"key":"RECALL"}],"neow_cost":"NONE","seed_source_timestamp":36527750658300,"circlet_count":0,"master_deck":["Defend_G","Defend_G","Defend_G","Defend_G","Defend_G","Strike_G","Strike_G","Strike_G","Survivor","Neutralize+1","PiercingWail","A Thousand Cuts+1","Backflip","Caltrops+1","After Image","Prepared+1","Necronomicurse","Footwork","Cloak And Dagger+1","PiercingWail+1","Terror+1","Well Laid Plans+1","Footwork","Deflect","Glass Knife","Blade Dance+1","Blur+1","Madness+1","Madness+1","Distraction+1","Blade Dance+1","Parasite"],"relics":["Ring of the Snake","FaceOfCleric","Mercury Hourglass","Ninja Scroll","Sozu","Necronomicon","PreservedInsect","Bronze Scales","Strange Spoon","WristBlade","Anchor","Bottled Flame"],"potions_floor_usage":[7,12,16,23],"damage_taken":[{"damage":0,"enemies":"Small Slimes","floor":1,"turns":4},{"damage":7,"enemies":"Jaw Worm","floor":4,"turns":5},{"damage":0,"enemies":"Cultist","floor":5,"turns":4},{"damage":13,"enemies":"Exordium Thugs","floor":7,"turns":3},{"damage":0,"enemies":"Red Slaver","floor":11,"turns":4},{"damage":0,"enemies":"2 Fungi Beasts","floor":12,"turns":3},{"damage":4,"enemies":"Large Slime","floor":14,"turns":4},{"damage":18,"enemies":"Hexaghost","floor":16,"turns":8},{"damage":12,"enemies":"Spheric Guardian","floor":18,"turns":3},{"damage":15,"enemies":"2 Thieves","floor":20,"turns":3},{"damage":5,"enemies":"Centurion and Healer","floor":21,"turns":5},{"damage":18,"enemies":"Slavers","floor":23,"turns":3},{"damage":23,"enemies":"Shelled Parasite and Fungi","floor":24,"turns":5},{"damage":6,"enemies":"3 Cultists","floor":25,"turns":4},{"damage":5,"enemies":"Colosseum Slavers","floor":28,"turns":3},{"damage":7,"enemies":"Centurion and Healer","floor":31,"turns":5},{"damage":33,"enemies":"Champ","floor":33,"turns":17},{"damage":0,"enemies":"3 Darklings","floor":35,"turns":5},{"damage":3,"enemies":"3 Shapes","floor":36,"turns":3},{"damage":9,"enemies":"Maw","floor":38,"turns":7},{"damage":0,"enemies":"3 Darklings","floor":44,"turns":4},{"damage":0,"enemies":"Jaw Worm Horde","floor":46,"turns":4},{"damage":0,"enemies":"Writhing Mass","floor":47,"turns":5},{"damage":20,"enemies":"Reptomancer","floor":48,"turns":5},{"damage":54,"enemies":"Donu and Deca","floor":50,"turns":5}],"seed_played":"2360346604251629119","potions_obtained":[{"floor":5,"key":"Explosive Potion"},{"floor":7,"key":"Block Potion"},{"floor":11,"key":"Poison Potion"},{"floor":16,"key":"Strength Potion"}],"is_trial":false,"path_per_floor":["M","?","?","M","M","R","M","R","T","$","M","M","T","M","R","B",null,"M","?","M","M","?","E","M","M","T","R","?","$","?","M","R","B",null,"M","M","?","M","?","R","$","R","T","M","R","M","M","E","R","B"],"character_chosen":"THE_SILENT","items_purchased":["Mercury Hourglass","Strange Spoon","Footwork","Blade Dance"],"campfire_rested":2,"item_purchase_floors":[10,29,29,41],"current_hp_per_floor":[70,75,75,69,70,70,58,58,58,58,59,60,60,57,57,40,82,71,55,41,37,65,48,26,21,21,47,43,43,43,37,64,32,91,92,90,78,70,70,70,70,70,70,71,71,72,73,54,54,0],"gold":110,"neow_bonus":"HUNDRED_GOLD","is_prod":false,"is_daily":false,"chose_seed":false,"campfire_upgraded":6,"win_rate":0,"timestamp":1548930171,"path_taken":["M","?","?","M","M","R","M","R","T","$","?","M","?","M","R","BOSS","M","?","M","M","?","E","M","M","T","R","?","$","?","M","R","BOSS","M","M","?","M","?","R","$","R","T","M","R","M","M","E","R","BOSS"],"build_version":"2019-01-23","purchased_purges":2,"victory":false,"max_hp_per_floor":[70,75,75,76,77,77,78,78,78,78,79,80,80,81,81,82,82,83,83,84,85,85,86,87,88,88,88,89,89,89,90,90,91,91,92,93,93,94,94,94,94,94,94,95,95,96,97,98,98,98],"card_choices":[{"not_picked":["Deflect","Choke"],"picked":"PiercingWail","floor":1},{"not_picked":["Flying Knee","Poisoned Stab"],"picked":"Dagger Spray","floor":4},{"not_picked":["Underhanded Strike","Dagger Spray"],"picked":"A Thousand Cuts","floor":5},{"not_picked":["Concentrate","Deadly Poison"],"picked":"Backflip","floor":7},{"not_picked":["Deflect","Quick Slash"],"picked":"Caltrops","floor":11},{"not_picked":["Calculated Gamble","Poisoned Stab","Riddle With Holes"],"picked":"SKIP","floor":12},{"not_picked":["Sucker Punch","Reflex","Masterful Stab"],"picked":"SKIP","floor":14},{"not_picked":["Grand Finale","Night Terror"],"picked":"After Image","floor":16},{"not_picked":["Quick Slash","Dodge and Roll"],"picked":"Prepared+1","floor":18},{"not_picked":["Acrobatics","Dagger Throw+1"],"picked":"Footwork","floor":20},{"not_picked":["Endless Agony","Underhanded Strike+1"],"picked":"Cloak And Dagger+1","floor":21},{"not_picked":["Footwork","Dagger Spray"],"picked":"PiercingWail+1","floor":23},{"not_picked":["Sucker Punch","Underhanded Strike"],"picked":"Terror+1","floor":24},{"not_picked":["Footwork","Sucker Punch"],"picked":"Well Laid Plans+1","floor":25},{"not_picked":["Skewer","Sucker Punch"],"picked":"Deflect","floor":31},{"not_picked":["Wraith Form v2","Night Terror"],"picked":"Glass Knife","floor":33},{"not_picked":["PiercingWail+1","Quick Slash+1"],"picked":"Blade Dance+1","floor":35},{"not_picked":["Calculated Gamble+1","Acrobatics"],"picked":"Blur+1","floor":36},{"not_picked":["Outmaneuver","Dagger Spray"],"picked":"Distraction+1","floor":38},{"not_picked":["Deadly Poison+1","Unload","Deflect"],"picked":"SKIP","floor":44},{"not_picked":["Quick Slash","Outmaneuver+1","Deflect"],"picked":"SKIP","floor":46},{"not_picked":["Underhanded Strike+1","Unload","Dagger Spray"],"picked":"SKIP","floor":47},{"not_picked":["Outmaneuver+1","Deadly Poison+1","Riddle With Holes+1"],"picked":"SKIP","floor":48}],"player_experience":308825,"relics_obtained":[{"floor":13,"key":"Ninja Scroll"},{"floor":19,"key":"Necronomicon"},{"floor":23,"key":"PreservedInsect"},{"floor":26,"key":"Bronze Scales"},{"floor":43,"key":"Anchor"},{"floor":48,"key":"Bottled Flame"}],"event_choices":[{"damage_healed":0,"gold_gain":0,"player_choice":"Donut","damage_taken":0,"max_hp_gain":5,"max_hp_loss":0,"event_name":"Big Fish","floor":2,"gold_loss":0},{"damage_healed":0,"gold_gain":0,"player_choice":"Trade","damage_taken":0,"relics_obtained":["FaceOfCleric"],"max_hp_gain":0,"max_hp_loss":0,"event_name":"FaceTrader","floor":3,"gold_loss":0},{"damage_healed":0,"gold_gain":0,"player_choice":"Obtained Book","damage_taken":16,"max_hp_gain":0,"max_hp_loss":0,"event_name":"Cursed Tome","floor":19,"gold_loss":0},{"damage_healed":28,"gold_gain":0,"player_choice":"Heal","damage_taken":0,"max_hp_gain":0,"max_hp_loss":0,"event_name":"The Library","floor":22,"gold_loss":0},{"damage_healed":0,"gold_gain":0,"player_choice":"Fight","damage_taken":0,"max_hp_gain":0,"max_hp_loss":0,"event_name":"Colosseum","floor":28,"gold_loss":0},{"damage_healed":0,"gold_gain":0,"player_choice":"Fled From Nobs","damage_taken":0,"max_hp_gain":0,"max_hp_loss":0,"event_name":"Colosseum","floor":28,"gold_loss":0},{"damage_healed":0,"gold_gain":0,"player_choice":"Ignored","damage_taken":0,"max_hp_gain":0,"max_hp_loss":0,"event_name":"Ghosts","floor":30,"gold_loss":0},{"damage_healed":0,"gold_gain":0,"player_choice":"Embrace Madness","damage_taken":12,"max_hp_gain":0,"max_hp_loss":0,"event_name":"Winding Halls","floor":37,"gold_loss":0,"cards_obtained":["Madness","Madness"]},{"cards_removed":["Dagger Spray"],"damage_healed":0,"gold_gain":0,"player_choice":"Removed Attack","damage_taken":0,"max_hp_gain":0,"max_hp_loss":0,"event_name":"Falling","floor":39,"gold_loss":0}],"is_beta":false,"boss_relics":[{"not_picked":["Philosopher\u0027s Stone","Black Star"],"picked":"Sozu"},{"not_picked":["Runic Dome","Runic Pyramid"],"picked":"WristBlade"}],"items_purged_floors":[10,41],"is_endless":false,"potions_floor_spawned":[5,7,11,16,20,23,24,31,38,44],"killed_by":"Donu and Deca","ascension_level":0}