{"gold_per_floor":[110,124,124,25,45,45,22,97,97,123,123,150,78,93,93,194,194,212,58,58,68,68,68,101,111,111,123,123,142,142,156,156,156],"floor_reached":33,"playtime":3230,"items_purged":["Strike_R","Impatience"],"score":275,"play_id":"d649579b-cd8d-4bac-a995-6afe6a9395a1","local_time":"20181225143817","is_ascension_mode":false,"campfire_choices":[{"data":"Armaments","floor":6,"key":"SMITH"},{"data":"Armaments","floor":11,"key":"SMITH"},{"floor":15,"key":"REST"},{"data":"Bash","floor":23,"key":"SMITH"},{"floor":28,"key":"REST"},{"floor":32,"key":"REST"}],"neow_cost":"NONE","seed_source_timestamp":5758041348000,"circlet_count":0,"master_deck":["Strike_R","Strike_R","Strike_R","Defend_R","Defend_R","Defend_R","Defend_R","Bash+1","Pommel Strike","Headbutt","Armaments+1","Pummel","Armaments+1","Iron Wave","Dropkick","Uppercut","Armaments","Immolate","Body Slam+1","Cleave","True Grit+1","Iron Wave","Thunderclap","Twin Strike+1","Dual Wield+1","Clothesline"],"relics":["Burning Blood","Matryoshka","Question Card","Bronze Scales","Mark of Pain","Letter Opener","Dodecahedron","Blue Candle","Nloth\u0027s Gift"],"potions_floor_usage":[16,29],"damage_taken":[{"damage":6,"enemies":"Jaw Worm","floor":1,"turns":3},{"damage":6,"enemies":"Cultist","floor":2,"turns":3},{"damage":8,"enemies":"Small Slimes","floor":5,"turns":3},{"damage":45,"enemies":"3 Sentries","floor":10,"turns":10},{"damage":28,"enemies":"Gremlin Nob","floor":12,"turns":5},{"damage":2,"enemies":"Blue Slaver","floor":14,"turns":3},{"damage":32,"enemies":"Hexaghost","floor":16,"turns":8},{"damage":1,"enemies":"Chosen","floor":18,"turns":3},{"damage":17,"enemies":"2 Thieves","floor":21,"turns":2},{"damage":38,"enemies":"Slavers","floor":24,"turns":5},{"damage":15,"enemies":"Cultist and Chosen","floor":25,"turns":6},{"damage":29,"enemies":"Snecko","floor":27,"turns":5},{"damage":10,"enemies":"Chosen and Byrds","floor":29,"turns":4},{"damage":7,"enemies":"3 Cultists","floor":31,"turns":4},{"damage":69,"enemies":"Champ","floor":33,"turns":9}],"seed_played":"9000681018497837283","potions_obtained":[{"floor":1,"key":"FearPotion"},{"floor":12,"key":"Regen Potion"},{"floor":14,"key":"Poison Potion"},{"floor":16,"key":"GamblersBrew"},{"floor":21,"key":"EssenceOfSteel"},{"floor":27,"key":"Explosive Potion"}],"is_trial":false,"path_per_floor":["M","M","?","$","M","R","$","?","T","E","R","E","$","M","R","B",null,"M","$","?","M","$","R","E","M","T","M","R","M","?","M","R","B"],"character_chosen":"IRONCLAD","items_purchased":["Armaments","Armaments","Uppercut","Cleave"],"campfire_rested":3,"item_purchase_floors":[4,7,13,19],"current_hp_per_floor":[80,80,87,87,85,85,85,74,74,35,35,13,13,17,43,17,87,87,87,87,76,76,76,44,35,35,12,38,43,43,42,68,0],"gold":156,"neow_bonus":"RANDOM_COLORLESS","is_prod":false,"is_daily":false,"chose_seed":false,"campfire_upgraded":3,"win_rate":0,"timestamp":1545719897,"path_taken":["M","M","?","$","M","R","?","?","T","E","R","E","$","?","R","BOSS","M","$","?","M","?","R","E","M","T","M","R","M","?","?","R","BOSS"],"build_version":"2018-12-20","purchased_purges":2,"victory":false,"max_hp_per_floor":[80,80,87,87,87,87,87,87,87,87,87,87,87,87,87,87,87,87,87,87,87,87,87,87,87,87,87,87,87,87,87,87,87],"card_choices":[{"not_picked":["Feel No Pain","Iron Wave"],"picked":"Pommel Strike","floor":1},{"not_picked":["Perfected Strike","Flex"],"picked":"Headbutt","floor":2},{"not_picked":["Evolve","Infernal Blade"],"picked":"Pummel","floor":5},{"not_picked":["Shrug It Off","Clothesline"],"picked":"Iron Wave","floor":10},{"not_picked":["Flex","Dual Wield","Spot Weakness"],"picked":"Dropkick","floor":12},{"not_picked":["Feel No Pain","Clash","Spot Weakness"],"picked":"Armaments","floor":14},{"not_picked":["Barricade","Brutality","Fiend Fire"],"picked":"Immolate","floor":16},{"not_picked":["Clothesline+1","Wild Strike","Clash+1"],"picked":"Body Slam+1","floor":18},{"not_picked":["Armaments","Warcry","Pommel Strike"],"picked":"True Grit+1","floor":21},{"not_picked":["Warcry","Second Wind","Perfected Strike"],"picked":"Iron Wave","floor":24},{"not_picked":["Hemokinesis","Dual Wield","Havoc"],"picked":"Thunderclap","floor":25},{"not_picked":["Warcry","Thunderclap","Spot Weakness"],"picked":"Twin Strike+1","floor":27},{"not_picked":["Shrug It Off","Thunderclap+1","Heavy Blade"],"picked":"Dual Wield+1","floor":29},{"not_picked":["Limit Break","Warcry+1","Evolve+1"],"picked":"Clothesline","floor":31}],"player_experience":71629,"relics_obtained":[{"floor":9,"key":"Matryoshka"},{"floor":10,"key":"Question Card"},{"floor":12,"key":"Bronze Scales"},{"floor":24,"key":"Letter Opener"},{"floor":26,"key":"Dodecahedron"},{"floor":26,"key":"Blue Candle"}],"event_choices":[{"damage_healed":0,"gold_gain":0,"player_choice":"Gave Potion","damage_taken":0,"relics_obtained":["Strawberry"],"max_hp_gain":0,"max_hp_loss":0,"event_name":"WeMeetAgain","floor":3,"gold_loss":0},{"damage_healed":0,"gold_gain":75,"player_choice":"Gather Gold","damage_taken":11,"max_hp_gain":0,"max_hp_loss":0,"event_name":"World of Goop","floor":8,"gold_loss":0},{"cards_removed":["Strike_R"],"damage_healed":0,"gold_gain":0,"player_choice":"Purged","damage_taken":0,"max_hp_gain":0,"max_hp_loss":0,"event_name":"Purifier","floor":20,"gold_loss":0},{"damage_healed":0,"gold_gain":0,"player_choice":"Traded Relic","damage_taken":0,"relics_obtained":["Nloth\u0027s Gift"],"max_hp_gain":0,"max_hp_loss":0,"event_name":"N\u0027loth","floor":30,"relics_lost":["Strawberry"],"gold_loss":0}],"is_beta":false,"boss_relics":[{"not_picked":["Cursed Key","Lizard Tail"],"picked":"Mark of Pain"}],"items_purged_floors":[4,19],"is_endless":false,"potions_floor_spawned":[1,12,14,16,21,24,27],"killed_by":"Champ","ascension_level":0}