{"gold_per_floor":[145,163,177,189,204,204,204,204,227,245,245,256,256,8,8,108,108,125,46,46,0,0,0,16,16,16,29,29,29,42,5,5,5],"floor_reached":33,"playtime":1215,"items_purged":[],"score":370,"play_id":"8900a17a-6d11-4e3e-9684-a9e579ec9985","local_time":"20181207013026","is_ascension_mode":true,"campfire_choices":[{"data":"Zap","floor":6.0,"key":"SMITH"},{"data":"Dualcast","floor":8.0,"key":"SMITH"},{"data":"Streamline","floor":11.0,"key":"SMITH"},{"floor":13.0,"key":"REST"},{"data":"Go for the Eyes","floor":15.0,"key":"SMITH"},{"data":"Loop","floor":23.0,"key":"SMITH"},{"data":"Electrodynamics","floor":25.0,"key":"SMITH"},{"floor":32,"key":"REST"}],"neow_cost":"NONE","seed_source_timestamp":0,"circlet_count":0,"master_deck":["AscendersBane","Strike_B","Strike_B","Strike_B","Strike_B","Defend_B","Defend_B","Defend_B","Defend_B","Zap+1","Dualcast+1","FTL","Coolheaded","Sweeping Beam","Scrape","Go for the Eyes+1","Streamline+1","Coolheaded","Electrodynamics+1","Gash","Loop+1","Chill","Cold Snap","Barrage+1","Lockon+1"],"special_seed":0,"relics":["Cracked Core","Tiny Chest","StoneCalendar","Strawberry","Runic Capacitor","Sozu","Ornamental Fan","Molten Egg 2"],"potions_floor_usage":[30],"damage_taken":[{"damage":1.0,"enemies":"Cultist","floor":1.0,"turns":3.0},{"damage":2.0,"enemies":"Jaw Worm","floor":2.0,"turns":3.0},{"damage":5.0,"enemies":"Small Slimes","floor":3.0,"turns":3.0},{"damage":7.0,"enemies":"3 Louse","floor":4.0,"turns":3.0},{"damage":28.0,"enemies":"Large Slime","floor":5.0,"turns":6.0},{"damage":4.0,"enemies":"Red Slaver","floor":10.0,"turns":2.0},{"damage":11.0,"enemies":"Exordium Thugs","floor":12.0,"turns":4.0},{"damage":40.0,"enemies":"The Guardian","floor":16.0,"turns":11.0},{"damage":0.0,"enemies":"Chosen","floor":18.0,"turns":3.0},{"damage":26.0,"enemies":"Colosseum Slavers","floor":22.0,"turns":4.0},{"damage":9.0,"enemies":"Shell Parasite","floor":24.0,"turns":4.0},{"damage":4.0,"enemies":"Snecko","floor":27.0,"turns":6.0},{"damage":17.0,"enemies":"Snake Plant","floor":29.0,"turns":3.0},{"damage":5,"enemies":"Centurion and Healer","floor":30,"turns":5},{"damage":25,"enemies":"Champ","floor":33,"turns":3}],"seed_played":"4218482717305084595","potions_obtained":[{"floor":5.0,"key":"LiquidBronze"},{"floor":10.0,"key":"EntropicBrew"},{"floor":16.0,"key":"Dexterity Potion"}],"is_trial":false,"path_per_floor":["M","M","M","M","M","R","T","R","T","M","R","M","R","$","R","B",null,"M","$","?","?","?","R","M","R","T","M","T","M","M","$","R","B"],"character_chosen":"DEFECT","items_purchased":["Runic Capacitor","Coolheaded","Loop","Lockon+1"],"campfire_rested":2,"item_purchase_floors":[14,14,19,31],"current_hp_per_floor":[67,65,60,53,25,25,25,25,32,28,28,17,41,41,41,1,62,62,62,62,62,36,36,27,27,27,23,23,6,1,1,25,0],"gold":5,"neow_bonus":"RANDOM_COMMON_RELIC","is_prod":false,"is_daily":false,"chose_seed":false,"campfire_upgraded":6,"win_rate":0,"timestamp":1544164226,"path_taken":["M","M","M","M","M","R","?","R","T","M","R","M","R","$","R","BOSS","M","$","?","?","?","R","M","R","T","M","?","M","M","$","R","BOSS"],"build_version":"2018-12-06","purchased_purges":0,"victory":false,"max_hp_per_floor":[75,75,75,75,75,75,75,75,82,82,82,82,82,82,82,82,82,82,82,82,82,82,82,82,82,82,82,82,82,82,82,82,82],"card_choices":[{"not_picked":["Leap","Coolheaded"],"picked":"FTL","floor":1.0},{"not_picked":["Ball Lightning","Cold Snap"],"picked":"Coolheaded","floor":2.0},{"not_picked":["Streamline","Barrage"],"picked":"Sweeping Beam","floor":3.0},{"not_picked":["Reinforced Body","Capacitor"],"picked":"Scrape","floor":4.0},{"not_picked":["Darkness","Undo"],"picked":"Go for the Eyes","floor":5.0},{"not_picked":["Compile Driver","Barrage"],"picked":"Streamline","floor":10.0},{"not_picked":["Capacitor","Compile Driver","Melter"],"picked":"SKIP","floor":12.0},{"not_picked":["Biased Cognition","Thunder Strike"],"picked":"Electrodynamics","floor":16.0},{"not_picked":["Compile Driver","Sweeping Beam"],"picked":"Gash","floor":18.0},{"not_picked":["Ball Lightning","Blizzard+1"],"picked":"Chill","floor":24.0},{"not_picked":["Steam","Self Repair"],"picked":"Cold Snap","floor":27.0},{"not_picked":["Turbo","Sunder+1"],"picked":"Barrage+1","floor":30}],"player_experience":685390,"relics_obtained":[{"floor":7.0,"key":"StoneCalendar"},{"floor":9.0,"key":"Strawberry"},{"floor":26.0,"key":"Ornamental Fan"},{"floor":28.0,"key":"Molten Egg 2"}],"event_choices":[{"damage_healed":0.0,"max_hp_gain":0.0,"max_hp_loss":0.0,"gold_gain":0.0,"event_name":"The Mausoleum","player_choice":"Ignored","floor":20.0,"gold_loss":0.0,"damage_taken":0.0},{"damage_healed":0.0,"max_hp_gain":0.0,"max_hp_loss":0.0,"gold_gain":0.0,"event_name":"Masked Bandits","player_choice":"Paid Fearfully","floor":21.0,"gold_loss":46.0,"damage_taken":0.0},{"damage_healed":0.0,"max_hp_gain":0.0,"max_hp_loss":0.0,"gold_gain":0.0,"event_name":"Colosseum","player_choice":"Fight","floor":22.0,"gold_loss":0.0,"damage_taken":0.0},{"damage_healed":0.0,"max_hp_gain":0.0,"max_hp_loss":0.0,"gold_gain":0.0,"event_name":"Colosseum","player_choice":"Fled From Nobs","floor":22.0,"gold_loss":0.0,"damage_taken":0.0}],"is_beta":false,"boss_relics":[{"not_picked":["Calling Bell","Pandora\u0027s Box"],"picked":"Sozu"}],"items_purged_floors":[],"is_endless":false,"potions_floor_spawned":[5,10,16,24,27],"killed_by":"Champ","ascension_level":11}