{"gold_per_floor":[10,27,0,0,18,18,32,32,32,32,32,32,32,32,32,158,158,182,182,132,82,82,82,97,97,122,138,138],"floor_reached":28,"playtime":1100,"items_purged":["Strike_R","Strike_R"],"score":204,"play_id":"94ff8c45-97f9-44e5-b668-28e464636aed","local_time":"20181224100207","is_ascension_mode":false,"campfire_choices":[{"data":"Searing Blow","floor":6,"key":"SMITH"},{"data":"Searing Blow+1","floor":8,"key":"SMITH"},{"data":"Searing Blow+2","floor":10,"key":"SMITH"},{"data":"Searing Blow+3","floor":13,"key":"SMITH"},{"floor":15,"key":"REST"},{"data":"Searing Blow+4","floor":23,"key":"SMITH"},{"data":"Searing Blow+5","floor":25,"key":"SMITH"}],"neow_cost":"NO_GOLD","seed_source_timestamp":259076795111309,"circlet_count":0,"master_deck":["Strike_R","Strike_R","Defend_R","Defend_R","Defend_R+1","Defend_R+1","Searing Blow+6","Shrug It Off","Twin Strike","Anger","Reaper","Shrug It Off","Pommel Strike","Flex","Iron Wave","Shrug It Off","Pommel Strike+1"],"relics":["Burning Blood","Golden Idol","Smiling Mask","Orrery","Pear","Oddly Smooth Stone"],"potions_floor_usage":[16,28],"damage_taken":[{"damage":4,"enemies":"Jaw Worm","floor":1,"turns":6},{"damage":0,"enemies":"Small Slimes","floor":2,"turns":4},{"damage":0,"enemies":"2 Louse","floor":5,"turns":2},{"damage":11,"enemies":"Exordium Thugs","floor":7,"turns":6},{"damage":24,"enemies":"Slime Boss","floor":16,"turns":11},{"damage":12,"enemies":"3 Byrds","floor":18,"turns":7},{"damage":11,"enemies":"Shell Parasite","floor":24,"turns":4},{"damage":35,"enemies":"Snake Plant","floor":27,"turns":6},{"damage":60,"enemies":"Book of Stabbing","floor":28,"turns":7}],"seed_played":"5154998178411970668","potions_obtained":[{"floor":1,"key":"PowerPotion"},{"floor":5,"key":"Poison Potion"},{"floor":24,"key":"LiquidBronze"}],"is_trial":false,"path_per_floor":["M","M","?","?","M","R","M","R","T","R","?","$","R","$","R","B",null,"M","?","$","$","T","R","M","R","T","M","E"],"character_chosen":"IRONCLAD","items_purchased":[],"campfire_rested":1,"item_purchase_floors":[],"current_hp_per_floor":[80,80,80,60,66,66,61,61,61,61,45,45,45,45,69,51,80,74,74,74,74,84,84,79,79,79,53,0],"gold":138,"neow_bonus":"REMOVE_TWO","is_prod":false,"is_daily":false,"chose_seed":false,"campfire_upgraded":6,"win_rate":0.0,"timestamp":1545613327,"path_taken":["M","M","?","?","M","R","M","R","T","R","?","?","R","$","R","BOSS","M","?","?","$","?","R","M","R","T","M","E"],"build_version":"2018-12-20","purchased_purges":2,"victory":false,"max_hp_per_floor":[80,80,80,80,80,80,80,80,80,80,80,80,80,80,80,80,80,80,80,80,80,90,90,90,90,90,90,90],"card_choices":[{"not_picked":["Second Wind","Clothesline"],"picked":"Searing Blow","floor":1},{"not_picked":["Twin Strike","Perfected Strike"],"picked":"Shrug It Off","floor":2},{"not_picked":["True Grit","Ghostly Armor"],"picked":"Twin Strike","floor":5},{"not_picked":["Headbutt","Shrug It Off"],"picked":"Anger","floor":7},{"not_picked":["Limit Break","Fiend Fire"],"picked":"Reaper","floor":16},{"not_picked":["Power Through","Seeing Red"],"picked":"Shrug It Off","floor":17},{"not_picked":["Feel No Pain","Heavy Blade"],"picked":"Pommel Strike","floor":17},{"not_picked":["Thunderclap","Iron Wave"],"picked":"Flex","floor":17},{"not_picked":["Clash","Fire Breathing"],"picked":"Iron Wave","floor":17},{"not_picked":["Whirlwind","Shrug It Off","Demon Form"],"picked":"SKIP","floor":18},{"not_picked":["Perfected Strike","Iron Wave"],"picked":"Shrug It Off","floor":24},{"not_picked":["Twin Strike","Warcry+1"],"picked":"Pommel Strike+1","floor":27}],"player_experience":33526,"relics_obtained":[{"floor":9,"key":"Smiling Mask"},{"floor":22,"key":"Pear"},{"floor":26,"key":"Oddly Smooth Stone"}],"event_choices":[{"damage_healed":0,"gold_gain":0,"player_choice":"Left Gold","damage_taken":0,"max_hp_gain":0,"max_hp_loss":0,"event_name":"World of Goop","floor":3,"gold_loss":27},{"damage_healed":0,"gold_gain":0,"player_choice":"Take Damage","damage_taken":20,"relics_obtained":["Golden Idol"],"max_hp_gain":0,"max_hp_loss":0,"event_name":"Golden Idol","floor":4,"gold_loss":0},{"damage_healed":0,"gold_gain":0,"player_choice":"Entered Light","damage_taken":16,"max_hp_gain":0,"max_hp_loss":0,"event_name":"Shining Light","floor":11,"gold_loss":0,"cards_upgraded":["Defend_R","Defend_R"]},{"damage_healed":0,"gold_gain":0,"player_choice":"Leave","damage_taken":0,"max_hp_gain":0,"max_hp_loss":0,"event_name":"FaceTrader","floor":19,"gold_loss":0}],"is_beta":false,"boss_relics":[{"not_picked":["Sozu","Coffee Dripper"],"picked":"Orrery"}],"items_purged_floors":[20,21],"is_endless":false,"potions_floor_spawned":[1,5,24],"killed_by":"Book of Stabbing","ascension_level":0}