{"gold_per_floor":[212,225,238,139,214,214,247,247,247,422,121,121,121,137,137,137],"floor_reached":16,"playtime":553,"items_purged":["Strike_R","Doubt"],"score":103,"play_id":"056aaef8-0bbc-465e-a7af-5fed1d5e3c7e","local_time":"20190119075559","is_ascension_mode":true,"campfire_choices":[{"data":"True Grit","floor":6,"key":"SMITH"},{"data":"Barricade","floor":8,"key":"SMITH"},{"data":"Shrug It Off","floor":12,"key":"SMITH"},{"data":"Cleave","floor":15,"key":"SMITH"}],"neow_cost":"NONE","seed_source_timestamp":203400736068133,"circlet_count":0,"master_deck":["Strike_R","Strike_R","Strike_R","Defend_R","Defend_R","Defend_R","Defend_R","Bash","Headbutt","Shrug It Off+1","Cleave+1","True Grit+1","Barricade+1","Headbutt"],"relics":["Burning Blood","Dodecahedron","Mercury Hourglass","Lee\u0027s Waffle"],"potions_floor_usage":[7],"damage_taken":[{"damage":0,"enemies":"Small Slimes","floor":1,"turns":3},{"damage":16,"enemies":"Jaw Worm","floor":2,"turns":5},{"damage":0,"enemies":"2 Louse","floor":3,"turns":3},{"damage":12,"enemies":"Gremlin Nob","floor":7,"turns":4},{"damage":3,"enemies":"Blue Slaver","floor":14,"turns":5},{"damage":35,"enemies":"The Guardian","floor":16,"turns":8}],"seed_played":"-6681735011520313707","potions_obtained":[{"floor":3,"key":"Explosive Potion"}],"is_trial":false,"path_per_floor":["M","M","M","$","?","R","E","R","T","?","$","R","?","M","R","B"],"character_chosen":"IRONCLAD","items_purchased":["True Grit","Lee\u0027s Waffle"],"campfire_rested":0,"item_purchase_floors":[4,11],"current_hp_per_floor":[80,70,76,76,65,65,59,59,59,59,87,87,80,83,83,48],"gold":137,"neow_bonus":"HUNDRED_GOLD","is_prod":false,"is_daily":false,"chose_seed":false,"campfire_upgraded":4,"win_rate":0,"timestamp":1547852159,"path_taken":["M","M","M","$","?","R","E","R","T","?","$","R","?","M","R","BOSS"],"build_version":"2019-01-17v2","purchased_purges":2,"victory":false,"max_hp_per_floor":[80,80,80,80,80,80,80,80,80,80,87,87,87,87,87,87],"card_choices":[{"not_picked":["Sword Boomerang","Armaments"],"picked":"Headbutt","floor":1},{"not_picked":["Twin Strike","Wild Strike"],"picked":"Shrug It Off","floor":2},{"not_picked":["Uppercut","Body Slam"],"picked":"Cleave","floor":3},{"not_picked":["Infernal Blade","Hemokinesis"],"picked":"Barricade","floor":7},{"not_picked":["Disarm","Cleave"],"picked":"Headbutt","floor":14}],"player_experience":143138,"relics_obtained":[{"floor":7,"key":"Dodecahedron"},{"floor":9,"key":"Mercury Hourglass"}],"event_choices":[{"damage_healed":0,"gold_gain":75,"player_choice":"Gather Gold","damage_taken":11,"max_hp_gain":0,"max_hp_loss":0,"event_name":"World of Goop","floor":5,"gold_loss":0},{"damage_healed":0,"gold_gain":175,"player_choice":"AGREE","damage_taken":0,"max_hp_gain":0,"max_hp_loss":0,"event_name":"Liars Game","floor":10,"gold_loss":0,"cards_obtained":["Doubt"]},{"cards_removed":["Strike_R"],"damage_healed":0,"gold_gain":0,"player_choice":"Card Removal","damage_taken":7,"max_hp_gain":0,"max_hp_loss":0,"event_name":"Golden Wing","floor":13,"gold_loss":0}],"is_beta":false,"boss_relics":[],"items_purged_floors":[4,11],"is_endless":false,"potions_floor_spawned":[3],"killed_by":"The Guardian","ascension_level":1}