{"gold_per_floor":[209,65,65,83,100,100,132,132,212,232,253,253],"floor_reached":12,"playtime":683,"items_purged":[],"score":129,"play_id":"2f521653-1668-432a-8cad-866861380897","local_time":"20181210165407","is_ascension_mode":true,"campfire_choices":[{"data":"Streamline","floor":6,"key":"SMITH"},{"floor":8,"key":"REST"}],"neow_cost":"NONE","seed_source_timestamp":107627860409864,"circlet_count":0,"master_deck":["AscendersBane","Strike_B","Strike_B","Strike_B+1","Strike_B","Defend_B","Defend_B","Defend_B","Defend_B","Zap","Dualcast","Conserve Battery+1","Streamline+1","Consume"],"relics":["Cracked Core","Juzu Bracelet","Art of War","Sundial","Odd Mushroom"],"potions_floor_usage":[11,12,12],"damage_taken":[{"damage":14,"enemies":"Small Slimes","floor":1,"turns":5},{"damage":0,"enemies":"Cultist","floor":4,"turns":3},{"damage":13,"enemies":"Jaw Worm","floor":5,"turns":4},{"damage":20,"enemies":"Lagavulin","floor":7,"turns":7},{"damage":6,"enemies":"3 Louse","floor":10,"turns":3},{"damage":18,"enemies":"The Mushroom Lair","floor":11,"turns":5},{"damage":10,"enemies":"3 Sentries","floor":12,"turns":2}],"seed_played":"-6832101807648298233","potions_obtained":[{"floor":1,"key":"Poison Potion"},{"floor":10,"key":"SkillPotion"},{"floor":11,"key":"Block Potion"}],"is_trial":false,"path_per_floor":["M","$","?","M","M","R","E","R","T","M","?","E"],"character_chosen":"DEFECT","items_purchased":["Juzu Bracelet"],"campfire_rested":1,"item_purchase_floors":[2],"current_hp_per_floor":[54,54,39,39,26,26,6,28,28,22,4,0],"gold":253,"neow_bonus":"HUNDRED_GOLD","is_prod":false,"is_daily":false,"chose_seed":false,"campfire_upgraded":1,"win_rate":0,"timestamp":1544478847,"path_taken":["M","$","?","M","M","R","E","R","T","M","?","E"],"build_version":"2018-12-06","purchased_purges":0,"victory":false,"max_hp_per_floor":[75,75,75,75,75,75,75,75,75,75,75,75],"card_choices":[{"not_picked":["Skim","Compile Driver"],"picked":"Conserve Battery","floor":1},{"not_picked":["Redo","Conserve Battery"],"picked":"Streamline","floor":4},{"not_picked":["Rebound","Rip and Tear","Hello World"],"picked":"SKIP","floor":5},{"not_picked":["Storm","Streamline"],"picked":"Consume","floor":7},{"not_picked":["Barrage","Ball Lightning","Compile Driver"],"picked":"SKIP","floor":10}],"player_experience":732958,"relics_obtained":[{"floor":7,"key":"Art of War"},{"floor":9,"key":"Sundial"},{"floor":11,"key":"Odd Mushroom"}],"event_choices":[{"damage_healed":0,"gold_gain":0,"player_choice":"Entered Light","damage_taken":15,"max_hp_gain":0,"max_hp_loss":0,"event_name":"Shining Light","floor":3,"gold_loss":0,"cards_upgraded":["Conserve Battery","Strike_B"]},{"damage_healed":0,"gold_gain":0,"player_choice":"Fought Mushrooms","damage_taken":0,"max_hp_gain":0,"max_hp_loss":0,"event_name":"Mushrooms","floor":11,"gold_loss":0}],"is_beta":false,"boss_relics":[],"items_purged_floors":[],"is_endless":false,"potions_floor_spawned":[1,10,11],"killed_by":"3 Sentries","ascension_level":13}