{"gold_per_floor":[110,128,31,31,43,74,74,102,102,102,120,140,140,159,159,254,254,272,272,134,150,25,25,38,51,51,76,76,76,76,93,93,93],"floor_reached":33,"playtime":3588,"items_purged":["Strike_G","Strike_G","Strike_G"],"score":277,"play_id":"275deda1-b2d3-489a-9cc9-15f0223de586","local_time":"20190204015042","is_ascension_mode":false,"campfire_choices":[{"floor":7,"key":"REST"},{"floor":10,"key":"REST"},{"floor":13,"key":"REST"},{"data":"Distraction","floor":15,"key":"SMITH"},{"floor":23,"key":"REST"},{"floor":28,"key":"REST"},{"floor":32,"key":"REST"}],"neow_cost":"NONE","seed_source_timestamp":1141099457234532,"circlet_count":0,"master_deck":["Defend_G","Defend_G","Defend_G","Defend_G","Defend_G","Strike_G","Strike_G","Survivor","Neutralize","Outmaneuver","Flying Knee","Dagger Spray+1","Escape Plan","Distraction+1","Deadly Poison","Sucker Punch","Caltrops","Dash","Envenom","Poisoned Stab","RitualDagger","Infinite Blades","Deadly Poison","Prepared","Sucker Punch","Heel Hook","Doppelganger+1"],"relics":["Ring of the Snake","Boot","Matryoshka","Snake Skull","PreservedInsect","Philosopher\u0027s Stone","Toxic Egg 2","Letter Opener","Bottled Lightning"],"potions_floor_usage":[6,27,27,27],"damage_taken":[{"damage":1,"enemies":"Cultist","floor":1,"turns":4},{"damage":4,"enemies":"Small Slimes","floor":2,"turns":6},{"damage":0,"enemies":"2 Louse","floor":5,"turns":3},{"damage":27,"enemies":"Lagavulin","floor":6,"turns":8},{"damage":41,"enemies":"Gremlin Nob","floor":8,"turns":5},{"damage":1,"enemies":"Exordium Wildlife","floor":11,"turns":3},{"damage":4,"enemies":"Blue Slaver","floor":12,"turns":3},{"damage":0,"enemies":"3 Louse","floor":14,"turns":1},{"damage":66,"enemies":"Slime Boss","floor":16,"turns":12},{"damage":19,"enemies":"3 Byrds","floor":18,"turns":3},{"damage":7,"enemies":"Chosen","floor":21,"turns":4},{"damage":22,"enemies":"3 Cultists","floor":24,"turns":5},{"damage":42,"enemies":"Cultist and Chosen","floor":25,"turns":5},{"damage":3,"enemies":"Book of Stabbing","floor":27,"turns":3},{"damage":5,"enemies":"Snecko","floor":31,"turns":4},{"damage":80,"enemies":"Automaton","floor":33,"turns":6}],"seed_played":"-8216768920988630193","potions_obtained":[{"floor":2,"key":"Dexterity Potion"},{"floor":11,"key":"AttackPotion"},{"floor":14,"key":"GamblersBrew"},{"floor":16,"key":"Swift Potion"},{"floor":18,"key":"Energy Potion"},{"floor":24,"key":"EssenceOfSteel"}],"is_trial":false,"path_per_floor":["M","?","M","?","?","?"],"character_chosen":"THE_SILENT","items_purchased":["Dagger Spray","Infinite Blades"],"campfire_rested":6,"item_purchase_floors":[3,20],"current_hp_per_floor":[76,72,72,72,72,45,68,27,27,50,49,45,68,68,68,2,77,58,52,52,45,45,68,46,4,4,1,24,24,49,44,67,0],"gold":93,"neow_bonus":"TEN_PERCENT_HP_BONUS","is_prod":false,"is_daily":false,"chose_seed":false,"campfire_upgraded":1,"win_rate":0.0,"timestamp":1549241442,"path_taken":["M","?","$","?","M","E","R","E","T","R","M","?","R","M","R","BOSS","M","?","$","M","$","R","M","M","T","E","R","?","?","M","R","BOSS"],"build_version":"2019-01-23","purchased_purges":3,"victory":false,"max_hp_per_floor":[77,77,77,77,77,77,77,77,77,77,77,77,77,77,77,77,77,77,77,77,77,77,77,77,77,77,77,77,77,77,77,77,77],"card_choices":[{"not_picked":["Slice","Underhanded Strike"],"picked":"Outmaneuver","floor":1},{"not_picked":["Underhanded Strike","Prepared"],"picked":"Flying Knee","floor":2},{"not_picked":["Prepared","Acrobatics"],"picked":"Escape Plan","floor":5},{"not_picked":["Night Terror","Backflip"],"picked":"Distraction","floor":6},{"not_picked":["Riddle With Holes","Expertise"],"picked":"Deadly Poison","floor":8},{"not_picked":["Deadly Poison","Bouncing Flask"],"picked":"Sucker Punch","floor":11},{"not_picked":["Quick Slash","Masterful Stab"],"picked":"Caltrops","floor":12},{"not_picked":["Flying Knee","Riddle With Holes"],"picked":"Dash","floor":14},{"not_picked":["Night Terror","Wraith Form v2"],"picked":"Envenom","floor":16},{"not_picked":["Calculated Gamble+1","Slice"],"picked":"Poisoned Stab","floor":18},{"not_picked":["Leg Sweep","Footwork+1"],"picked":"Deadly Poison","floor":21},{"not_picked":["Deflect","PiercingWail"],"picked":"Prepared","floor":24},{"not_picked":["Deadly Poison","Choke"],"picked":"Sucker Punch","floor":25},{"not_picked":["Acrobatics+1","Deflect+1"],"picked":"Heel Hook","floor":27},{"not_picked":["Dagger Throw","Underhanded Strike+1"],"picked":"Doppelganger+1","floor":31}],"player_experience":7988,"relics_obtained":[{"floor":6,"key":"Boot"},{"floor":8,"key":"Matryoshka"},{"floor":9,"key":"Snake Skull"},{"floor":9,"key":"PreservedInsect"},{"floor":26,"key":"Toxic Egg 2"},{"floor":26,"key":"Letter Opener"},{"floor":27,"key":"Bottled Lightning"}],"event_choices":[{"damage_healed":0,"gold_gain":0,"player_choice":"Upgraded","damage_taken":0,"max_hp_gain":0,"max_hp_loss":0,"event_name":"Upgrade Shrine","floor":4,"gold_loss":0,"cards_upgraded":["Dagger Spray"]},{"damage_healed":0,"gold_gain":0,"player_choice":"Joined the Cult","damage_taken":6,"max_hp_gain":0,"max_hp_loss":0,"event_name":"Nest","floor":19,"gold_loss":0,"cards_obtained":["RitualDagger"]},{"damage_healed":0,"gold_gain":0,"player_choice":"Ignored","damage_taken":0,"max_hp_gain":0,"max_hp_loss":0,"event_name":"Ghosts","floor":29,"gold_loss":0},{"damage_healed":25,"gold_gain":0,"player_choice":"Heal","damage_taken":0,"max_hp_gain":0,"max_hp_loss":0,"event_name":"The Library","floor":30,"gold_loss":0}],"is_beta":false,"boss_relics":[{"not_picked":["Velvet Choker","Snecko Eye"],"picked":"Philosopher\u0027s Stone"}],"items_purged_floors":[3,20,22],"is_endless":false,"potions_floor_spawned":[2,11,14,16,18,21,24],"killed_by":"Automaton","ascension_level":0}