{"gold_per_floor":[109,127,127,138,64,64,89,8,8,8],"floor_reached":10,"playtime":458,"items_purged":[],"score":116,"play_id":"96d08a72-f084-4eb0-9fb2-621b22f55406","local_time":"20181211172450","is_ascension_mode":true,"campfire_choices":[{"data":"Zap","floor":6.0,"key":"SMITH"}],"neow_cost":"NONE","seed_source_timestamp":0,"circlet_count":0,"master_deck":["AscendersBane","Strike_B","Strike_B","Strike_B","Defend_B","Defend_B","Defend_B","Defend_B","Zap+1","Dualcast","Gash","Multi-Cast","Consume","White Noise","Leap","Self Repair"],"special_seed":0,"relics":["Cracked Core","Bag of Marbles","Dodecahedron","Bronze Scales"],"potions_floor_usage":[10],"damage_taken":[{"damage":18.0,"enemies":"Jaw Worm","floor":1.0,"turns":4.0},{"damage":10.0,"enemies":"Small Slimes","floor":2.0,"turns":3.0},{"damage":4.0,"enemies":"2 Louse","floor":4.0,"turns":3.0},{"damage":19.0,"enemies":"Lagavulin","floor":7.0,"turns":7.0},{"damage":18,"enemies":"Gremlin Gang","floor":10,"turns":3}],"seed_played":"-919375518319373828","potions_obtained":[{"floor":2.0,"key":"Dexterity Potion"},{"floor":7.0,"key":"Dexterity Potion"}],"is_trial":false,"path_per_floor":["M","M","?","M","$","R","E","$","T","M"],"character_chosen":"DEFECT","items_purchased":["White Noise","Self Repair"],"campfire_rested":0,"item_purchase_floors":[5,8],"current_hp_per_floor":[46,36,36,32,32,32,13,13,13,0],"gold":8,"neow_bonus":"RANDOM_COMMON_RELIC","is_prod":false,"is_daily":false,"chose_seed":false,"campfire_upgraded":1,"win_rate":0,"timestamp":1544567090,"path_taken":["M","M","?","M","$","R","E","$","T","M"],"build_version":"2018-12-06","purchased_purges":0,"victory":false,"max_hp_per_floor":[71,71,71,71,71,71,71,71,71,71],"card_choices":[{"not_picked":["Barrage","Ball Lightning"],"picked":"Gash","floor":1.0},{"not_picked":["Force Field","Heatsinks","Turbo"],"picked":"SKIP","floor":2.0},{"not_picked":["Compile Driver","Stack"],"picked":"Consume","floor":4.0},{"not_picked":["Sweeping Beam","Rebound"],"picked":"Leap","floor":7.0}],"player_experience":754934,"relics_obtained":[{"floor":7.0,"key":"Dodecahedron"},{"floor":9.0,"key":"Bronze Scales"}],"event_choices":[{"damage_healed":0.0,"max_hp_gain":0.0,"max_hp_loss":0.0,"gold_gain":0.0,"cards_transformed":["Strike_B"],"event_name":"Living Wall","player_choice":"Change","floor":3.0,"gold_loss":0.0,"damage_taken":0.0,"cards_obtained":["Multi-Cast"]}],"is_beta":false,"boss_relics":[],"items_purged_floors":[],"is_endless":false,"potions_floor_spawned":[2,7],"killed_by":"Gremlin Gang","ascension_level":15}