{"gold_per_floor":[110,130,58,58,58,58,89,89,116,116,41,73,105,133,133,230,230,247,257,277,38,48,48,48,83,83,98,98],"floor_reached":28,"playtime":1540,"items_purged":["Blood for Blood"],"score":339,"play_id":"e7a94b80-fed8-432a-b0e8-3ce19b09c7f5","local_time":"20181215124743","daily_mods":["Draft","Allstar","Red Cards","Colorless Cards","Heirloom","Time Dilation","Flight","DeadlyEvents","Elite Swarm","Lethality"],"is_ascension_mode":false,"campfire_choices":[{"data":"Whirlwind","floor":6,"key":"SMITH"},{"data":"Enlightenment","floor":8,"key":"SMITH"},{"data":"Demon Form","floor":10,"key":"SMITH"},{"data":"Apotheosis","floor":15,"key":"SMITH"},{"data":"Heavy Blade","floor":23,"key":"SMITH"},{"data":"Heavy Blade","floor":24,"key":"SMITH"}],"neow_cost":"","seed_source_timestamp":0,"circlet_count":0,"master_deck":["Demon Form+1","Echo Form","Enlightenment+1","Heavy Blade+1","Trip","Twin Strike","Pommel Strike","Pommel Strike","Whirlwind+1","Heavy Blade+1","Madness","Warcry","Blind","Cleave","Anger","Pommel Strike","Dual Wield","Finesse","Metallicize","Magnetism","Panache","Apotheosis+1","Secret Weapon","Pommel Strike+1","Apotheosis"],"relics":["Black Blood","Calipers","Letter Opener","Blood Vial","Pen Nib","Dodecahedron","Anchor","Dream Catcher","Shuriken","Magic Flower","Regal Pillow"],"potions_floor_usage":[14,14,16,20,28],"damage_taken":[{"damage":0,"enemies":"Cultist","floor":1,"turns":2},{"damage":0,"enemies":"2 Louse","floor":2,"turns":1},{"damage":0,"enemies":"Gremlin Nob","floor":7,"turns":2},{"damage":0,"enemies":"Lagavulin","floor":12,"turns":2},{"damage":30,"enemies":"3 Sentries","floor":13,"turns":4},{"damage":21,"enemies":"Lagavulin","floor":14,"turns":3},{"damage":36,"enemies":"Hexaghost","floor":16,"turns":4},{"damage":0,"enemies":"Spheric Guardian","floor":18,"turns":2},{"damage":0,"enemies":"3 Byrds","floor":19,"turns":2},{"damage":4,"enemies":"Cultist and Chosen","floor":20,"turns":2},{"damage":0,"enemies":"Snecko","floor":22,"turns":2},{"damage":41,"enemies":"Gremlin Leader","floor":25,"turns":4},{"damage":30,"enemies":"Snake Plant","floor":27,"turns":3},{"damage":42,"enemies":"Slavers","floor":28,"turns":3}],"seed_played":"6418964500513613063","potions_obtained":[{"floor":1,"key":"Dexterity Potion"},{"floor":7,"key":"Regen Potion"},{"floor":14,"key":"Strength Potion"},{"floor":19,"key":"Dexterity Potion"},{"floor":27,"key":"LiquidBronze"}],"is_trial":true,"path_per_floor":["M","M","$","?","T","R","E","R","T","R","$","E","E","E","R","B",null,"M","M","M","$","M","R","R","E","T","M","E"],"character_chosen":"IRONCLAD","items_purchased":["Metallicize","Shuriken"],"campfire_rested":0,"item_purchase_floors":[3,21],"current_hp_per_floor":[80,80,80,73,73,73,79,79,79,79,79,80,56,48,48,20,80,80,80,80,80,80,80,80,49,49,37,0],"gold":98,"neow_bonus":"","is_prod":false,"is_daily":false,"chose_seed":false,"campfire_upgraded":6,"win_rate":0,"timestamp":1544849263,"path_taken":["M","?","$","?","?","R","E","R","T","R","$","E","?","E","R","BOSS","M","M","M","$","M","R","R","E","T","M","E"],"build_version":"2018-12-13","purchased_purges":1,"victory":false,"max_hp_per_floor":[80,80,80,80,80,80,80,80,80,80,80,80,80,80,80,80,80,80,80,80,80,80,80,80,80,80,80,80],"card_choices":[{"not_picked":["Clothesline","Flex"],"picked":"Enlightenment","floor":0},{"not_picked":["Anger","Clothesline"],"picked":"Heavy Blade","floor":0},{"not_picked":["Sword Boomerang","Wild Strike"],"picked":"Trip","floor":0},{"not_picked":["Body Slam","Swift Strike"],"picked":"Twin Strike","floor":0},{"not_picked":["Havoc","Clothesline"],"picked":"Blood for Blood","floor":0},{"not_picked":["Perfected Strike","Armaments"],"picked":"Pommel Strike","floor":0},{"not_picked":["Deep Breath","Blood for Blood"],"picked":"Pommel Strike","floor":0},{"not_picked":["Iron Wave","Anger"],"picked":"Whirlwind","floor":0},{"not_picked":["Mind Blast","Flex"],"picked":"Heavy Blade","floor":0},{"not_picked":["Seeing Red","Uppercut"],"picked":"Madness","floor":0},{"not_picked":["Fire Breathing","Sword Boomerang"],"picked":"Warcry","floor":0},{"not_picked":["Thunderclap","Spot Weakness"],"picked":"Blind","floor":0},{"not_picked":["Impatience","Disarm"],"picked":"Cleave","floor":0},{"not_picked":["Uppercut","Wild Strike"],"picked":"Anger","floor":0},{"not_picked":["Deep Breath","Anger"],"picked":"Pommel Strike","floor":0},{"not_picked":["Clash","Havoc"],"picked":"Dual Wield","floor":1},{"not_picked":["Feel No Pain","Warcry"],"picked":"Finesse","floor":2},{"not_picked":["Chrysalis","Exhume"],"picked":"Magnetism","floor":7},{"not_picked":["Offering","Chrysalis"],"picked":"Panache","floor":12},{"not_picked":["Panache","Demon Form"],"picked":"Apotheosis","floor":13},{"not_picked":["Sadistic Nature","Immolate"],"picked":"Secret Weapon","floor":14},{"not_picked":["Body Slam","Deep Breath","Sword Boomerang"],"picked":"SKIP","floor":18},{"not_picked":["Flex","Clash"],"picked":"Pommel Strike+1","floor":19},{"not_picked":["Forethought","Body Slam","Flex+1"],"picked":"SKIP","floor":20},{"not_picked":["Battle Trance","Anger","Cleave"],"picked":"SKIP","floor":22},{"not_picked":["Panache","Magnetism"],"picked":"Apotheosis","floor":25},{"not_picked":["Headbutt","Pommel Strike","Panacea+1"],"picked":"SKIP","floor":27}],"player_experience":57001,"relics_obtained":[{"floor":5,"key":"Letter Opener"},{"floor":7,"key":"Blood Vial"},{"floor":9,"key":"Pen Nib"},{"floor":12,"key":"Dodecahedron"},{"floor":13,"key":"Anchor"},{"floor":14,"key":"Dream Catcher"},{"floor":25,"key":"Magic Flower"},{"floor":26,"key":"Regal Pillow"}],"event_choices":[{"cards_removed":["Wraith Form v2"],"damage_healed":0,"gold_gain":0,"player_choice":"Card Removal","damage_taken":7,"max_hp_gain":0,"max_hp_loss":0,"event_name":"Golden Wing","floor":4,"gold_loss":0}],"is_beta":false,"boss_relics":[{"not_picked":["Eternal Feather","Orrery"],"picked":"Black Blood"}],"items_purged_floors":[11],"is_endless":false,"potions_floor_spawned":[1,7,14,19,27],"killed_by":"Slavers","ascension_level":0}