{"gold_per_floor":[113,126,51,70,70,87,87,100,154,154,164,164,179,192,192,294,294,313,324,324],"floor_reached":20,"playtime":1632,"items_purged":["Strike_G"],"score":170,"play_id":"21689726-3c87-458d-a6d7-1a0261a107ac","local_time":"20181225204724","is_ascension_mode":false,"campfire_choices":[{"floor":7,"key":"REST"},{"data":"Distraction","floor":10,"key":"SMITH"},{"data":"Bouncing Flask","floor":12,"key":"SMITH"},{"data":"Bane","floor":15,"key":"SMITH"}],"neow_cost":"TEN_PERCENT_HP_LOSS","seed_source_timestamp":73190471504096,"circlet_count":0,"master_deck":["Defend_G","Defend_G","Defend_G","Defend_G","Strike_G","Strike_G","Strike_G","Survivor","Neutralize","Bouncing Flask+1","Backflip","Well Laid Plans","Footwork","Distraction+1","Acrobatics","Bane+1","Tools of the Trade","Quick Slash","Prepared"],"relics":["Ring of the Snake","Centennial Puzzle","WristBlade"],"potions_floor_usage":[11,16,16,16,18],"damage_taken":[{"damage":0,"enemies":"2 Louse","floor":1,"turns":4},{"damage":5,"enemies":"Small Slimes","floor":2,"turns":3},{"damage":0,"enemies":"Jaw Worm","floor":4,"turns":4},{"damage":32,"enemies":"Exordium Thugs","floor":6,"turns":8},{"damage":0,"enemies":"Large Slime","floor":8,"turns":9},{"damage":0,"enemies":"3 Louse","floor":11,"turns":1},{"damage":3,"enemies":"Looter","floor":13,"turns":4},{"damage":3,"enemies":"2 Fungi Beasts","floor":14,"turns":4},{"damage":42,"enemies":"Slime Boss","floor":16,"turns":12},{"damage":22,"enemies":"2 Thieves","floor":18,"turns":4},{"damage":15,"enemies":"Spheric Guardian","floor":19,"turns":4},{"damage":20,"enemies":"Centurion and Healer","floor":20,"turns":4}],"seed_played":"-9187680246835336238","potions_obtained":[{"floor":4,"key":"SteroidPotion"},{"floor":6,"key":"Energy Potion"},{"floor":11,"key":"Energy Potion"},{"floor":13,"key":"Energy Potion"},{"floor":16,"key":"PowerPotion"}],"is_trial":false,"path_per_floor":["M","M","$","M","?","M","R","M","T","R","M","R","M","M","R","B",null,"M","M","M"],"character_chosen":"THE_SILENT","items_purchased":[],"campfire_rested":1,"item_purchase_floors":[],"current_hp_per_floor":[63,58,58,58,63,31,51,51,51,51,51,51,48,45,45,3,68,46,31,11],"gold":324,"neow_bonus":"REMOVE_TWO","is_prod":false,"is_daily":false,"chose_seed":false,"campfire_upgraded":3,"win_rate":0,"timestamp":1545738444,"path_taken":["M","M","$","M","?","M","R","M","T","R","M","R","M","M","R","BOSS","M","M","M"],"build_version":"2018-12-20","purchased_purges":1,"victory":false,"max_hp_per_floor":[63,63,63,63,68,68,68,68,68,68,68,68,68,68,68,68,68,68,68,68],"card_choices":[{"not_picked":["Cloak And Dagger","Flying Knee"],"picked":"Bouncing Flask","floor":1},{"not_picked":["Riddle With Holes","Backstab"],"picked":"Backflip","floor":2},{"not_picked":["Acrobatics","Dagger Throw"],"picked":"Well Laid Plans","floor":4},{"not_picked":["Predator","PiercingWail"],"picked":"Footwork","floor":6},{"not_picked":["Prepared","Masterful Stab"],"picked":"Distraction","floor":8},{"not_picked":["Tactician","Cloak And Dagger"],"picked":"Acrobatics","floor":11},{"not_picked":["Reflex","Envenom"],"picked":"Bane","floor":13},{"not_picked":["Acrobatics","Well Laid Plans","Finisher"],"picked":"SKIP","floor":14},{"not_picked":["Malaise","Burst"],"picked":"Tools of the Trade","floor":16},{"not_picked":["Accuracy","Choke"],"picked":"Quick Slash","floor":18},{"not_picked":["Flechettes","Dodge and Roll"],"picked":"Prepared","floor":19}],"player_experience":58746,"relics_obtained":[{"floor":9,"key":"Centennial Puzzle"}],"event_choices":[{"damage_healed":0,"gold_gain":0,"player_choice":"Donut","damage_taken":0,"max_hp_gain":5,"max_hp_loss":0,"event_name":"Big Fish","floor":5,"gold_loss":0}],"is_beta":false,"boss_relics":[{"not_picked":["Velvet Choker","Philosopher\u0027s Stone"],"picked":"WristBlade"}],"items_purged_floors":[3],"is_endless":false,"potions_floor_spawned":[4,6,11,13,16],"killed_by":"Centurion and Healer","ascension_level":0}