{"gold_per_floor":[114,129,129,79,42,42,57,57,82,112,127,157,172,187,187,287,287,302,302,302,131,146,176,176,206,256,256,355,370,400,325,325,425,425,440,455,455,470,470],"floor_reached":39,"playtime":6601,"items_purged":[],"score":574,"play_id":"b875fc52-0205-4f1d-9ba8-d0bc2d3d7709","local_time":"20190127190814","daily_mods":["Insanity","ControlledChaos","Elite Swarm"],"is_ascension_mode":false,"campfire_choices":[{"data":"Armaments","floor":6,"key":"SMITH"},{"data":"Armaments","floor":8,"key":"SMITH"},{"data":"Demon Form","floor":15,"key":"SMITH"},{"data":"Barricade","floor":24,"key":"SMITH"},{"floor":27,"key":"REST"},{"data":"Power Through","floor":32,"key":"SMITH"}],"neow_cost":"","seed_source_timestamp":0,"circlet_count":0,"master_deck":["Flame Barrier","Entrench","Thunderclap","Pummel","Iron Wave","Anger","Twin Strike","Headbutt","Heavy Blade","Warcry","Power Through","Burning Pact","Pommel Strike","Thunderclap","True Grit","Shrug It Off","Armaments+1","Warcry","Flex","Bloodletting","Intimidate","Cleave","Iron Wave","Clothesline","Armaments+1","Twin Strike","Bloodletting","Cleave","Reckless Charge","Body Slam","Havoc","Anger","Clothesline","Warcry","Battle Trance","Pummel","Heavy Blade","Combust","Corruption","Flex","Heavy Blade","Heavy Blade","Clash","Flex","True Grit","Entrench","Fire Breathing","Flex","Metallicize","Impervious","Demon Form+1","Barricade+1","Power Through+1","Bite","Bite","Bite","Bite","Bite","Corruption","Battle Trance","Armaments","Berserk","Impervious","Havoc+1","Berserk","Barricade","Infernal Blade+1","Enlightenment","Entrench+1"],"special_seed":17923,"relics":["Burning Blood","Frozen Eye","Art of War","Mummified Hand","Dodecahedron","Philosopher\u0027s Stone","Charon\u0027s Ashes","The Courier","Oddly Smooth Stone","Question Card","Mark of Pain"],"potions_floor_usage":[12,14,16,23,25,33,33,33,36,36],"damage_taken":[{"damage":11,"enemies":"Jaw Worm","floor":1,"turns":2},{"damage":0,"enemies":"2 Louse","floor":2,"turns":1},{"damage":0,"enemies":"Small Slimes","floor":7,"turns":3},{"damage":13,"enemies":"Lagavulin","floor":10,"turns":7},{"damage":0,"enemies":"2 Fungi Beasts","floor":11,"turns":2},{"damage":9,"enemies":"3 Sentries","floor":12,"turns":4},{"damage":10,"enemies":"Looter","floor":13,"turns":3},{"damage":19,"enemies":"Exordium Thugs","floor":14,"turns":4},{"damage":35,"enemies":"The Guardian","floor":16,"turns":10},{"damage":15,"enemies":"Chosen","floor":18,"turns":3},{"damage":0,"enemies":"Shell Parasite","floor":22,"turns":5},{"damage":19,"enemies":"Gremlin Leader","floor":23,"turns":9},{"damage":43,"enemies":"Slavers","floor":25,"turns":4},{"damage":2,"enemies":"Chosen and Byrds","floor":29,"turns":4},{"damage":11,"enemies":"Gremlin Leader","floor":30,"turns":6},{"damage":23,"enemies":"Champ","floor":33,"turns":9},{"damage":27,"enemies":"Orb Walker","floor":35,"turns":4},{"damage":6,"enemies":"3 Shapes","floor":36,"turns":2},{"damage":28,"enemies":"Sphere and 2 Shapes","floor":38,"turns":4},{"damage":19,"enemies":"4 Shapes","floor":39,"turns":3}],"seed_played":"-4277099179774056171","potions_obtained":[{"floor":1,"key":"Explosive Potion"},{"floor":2,"key":"Block Potion"},{"floor":13,"key":"Dexterity Potion"},{"floor":14,"key":"Strength Potion"},{"floor":16,"key":"Poison Potion"},{"floor":22,"key":"Ancient Potion"},{"floor":29,"key":"AttackPotion"},{"floor":30,"key":"BloodPotion"},{"floor":33,"key":"Explosive Potion"},{"floor":35,"key":"AttackPotion"}],"is_trial":false,"path_per_floor":["M","M","?","?","$","R","M","R","T","E","M","E","M","M","R","B",null,"M","?","?","$","M","E","R","E","T","R","?","M","E","?","R","B",null,"M","M","?","M","M"],"character_chosen":"IRONCLAD","items_purchased":["Metallicize","Corruption","Battle Trance","Armaments"],"campfire_rested":1,"item_purchase_floors":[5,21,21,21],"current_hp_per_floor":[75,80,73,73,73,73,79,79,79,72,78,75,71,58,58,29,80,71,56,56,56,56,48,48,15,15,31,31,37,37,37,37,33,56,35,35,35,15,0],"gold":470,"neow_bonus":"","is_prod":false,"is_daily":true,"chose_seed":false,"campfire_upgraded":5,"win_rate":0,"timestamp":1548587294,"path_taken":["M","M","?","?","$","R","M","R","T","E","M","E","M","M","R","BOSS","M","?","?","$","M","E","R","E","T","R","?","?","E","?","R","BOSS","M","M","?","M","M"],"build_version":"2019-01-23","purchased_purges":0,"victory":false,"max_hp_per_floor":[80,80,80,80,80,80,80,80,80,80,80,80,80,80,80,80,80,80,56,56,56,56,56,56,56,56,56,56,56,56,56,56,56,56,56,56,56,56,56],"card_choices":[{"not_picked":["Shrug It Off","Iron Wave","Shockwave"],"picked":"SKIP","floor":1},{"not_picked":["Clash","Warcry"],"picked":"Flex","floor":2},{"not_picked":["Clothesline","Iron Wave","Blood for Blood"],"picked":"SKIP","floor":7},{"not_picked":["Feed","Immolate"],"picked":"Impervious","floor":10},{"not_picked":["Anger","Evolve","Sword Boomerang"],"picked":"SKIP","floor":11},{"not_picked":["Exhume","Impervious"],"picked":"Demon Form","floor":12},{"not_picked":["Evolve","Heavy Blade","Sentinel"],"picked":"SKIP","floor":13},{"not_picked":["Ghostly Armor","Warcry","Searing Blow"],"picked":"SKIP","floor":14},{"not_picked":["Impervious","Offering"],"picked":"Barricade","floor":16},{"not_picked":["Searing Blow","Entrench+1"],"picked":"Power Through","floor":18},{"not_picked":["Reckless Charge","Cleave","Pommel Strike+1"],"picked":"SKIP","floor":22},{"not_picked":["Juggernaut","Dark Embrace"],"picked":"Berserk","floor":23},{"not_picked":["Bludgeon","Reaper"],"picked":"Impervious","floor":25},{"not_picked":["Cleave+1","Pommel Strike+1"],"picked":"Havoc+1","floor":29},{"not_picked":["Impervious","Barricade"],"picked":"Berserk","floor":30},{"not_picked":["Offering","Fiend Fire","Double Tap"],"picked":"Barricade","floor":33},{"not_picked":["Burning Pact","Dual Wield","Clash"],"picked":"Infernal Blade+1","floor":35},{"not_picked":["Rupture+1","Uppercut+1","Pommel Strike","Shrug It Off"],"picked":"SKIP","floor":36},{"not_picked":["Madness","Violence","Trip"],"picked":"Enlightenment","floor":37},{"not_picked":["Iron Wave+1","Clothesline","Rupture+1"],"picked":"Entrench+1","floor":38}],"player_experience":272284,"relics_obtained":[{"floor":9,"key":"Art of War"},{"floor":10,"key":"Mummified Hand"},{"floor":12,"key":"Dodecahedron"},{"floor":23,"key":"Charon\u0027s Ashes"},{"floor":25,"key":"The Courier"},{"floor":26,"key":"Oddly Smooth Stone"},{"floor":30,"key":"Question Card"}],"event_choices":[{"cards_removed":["Sever Soul"],"damage_healed":0,"gold_gain":0,"player_choice":"Card Removal","damage_taken":7,"max_hp_gain":0,"max_hp_loss":0,"event_name":"Golden Wing","floor":3,"gold_loss":0},{"cards_removed":["Wild Strike"],"damage_healed":0,"gold_gain":0,"player_choice":"Card Removal","damage_taken":0,"max_hp_gain":0,"max_hp_loss":0,"event_name":"The Cleric","floor":4,"gold_loss":50},{"damage_healed":0,"gold_gain":0,"player_choice":"Became a vampire","damage_taken":0,"max_hp_gain":0,"max_hp_loss":24,"event_name":"Vampires","floor":19,"gold_loss":0,"cards_obtained":["Bite","Bite","Bite","Bite","Bite"]},{"damage_healed":0,"gold_gain":0,"player_choice":"Ignored","damage_taken":0,"max_hp_gain":0,"max_hp_loss":0,"event_name":"Ghosts","floor":20,"gold_loss":0},{"damage_healed":0,"gold_gain":99,"player_choice":"Stole From Cult","damage_taken":0,"max_hp_gain":0,"max_hp_loss":0,"event_name":"Nest","floor":28,"gold_loss":0},{"cards_removed":["Wild Strike"],"damage_healed":0,"gold_gain":0,"player_choice":"Gave Gold","damage_taken":0,"max_hp_gain":0,"max_hp_loss":0,"event_name":"Beggar","floor":31,"gold_loss":75},{"damage_healed":0,"gold_gain":0,"player_choice":"Memory 1","damage_taken":0,"max_hp_gain":0,"max_hp_loss":0,"event_name":"SensoryStone","floor":37,"gold_loss":0}],"is_beta":false,"boss_relics":[{"not_picked":["Black Star","Coffee Dripper"],"picked":"Philosopher\u0027s Stone"},{"not_picked":["Runic Cube","Orrery"],"picked":"Mark of Pain"}],"items_purged_floors":[],"is_endless":false,"potions_floor_spawned":[1,2,13,14,16,22,29,30,33,35],"killed_by":"4 Shapes","ascension_level":0}