{"gold_per_floor":[367,367,384,62,30,60,76,87,87,101,24,24,35,53,53,154,154,135,135,145,162,162],"floor_reached":22,"playtime":2402,"items_purged":["Strike_G"],"score":190,"play_id":"2ee4edea-ca21-4349-b6e7-6f9043d4a3e7","local_time":"20190206215746","is_ascension_mode":false,"campfire_choices":[{"data":"Dodge and Roll","floor":12.0,"key":"SMITH"},{"floor":15.0,"key":"REST"}],"neow_cost":"TEN_PERCENT_HP_LOSS","seed_source_timestamp":0,"circlet_count":0,"master_deck":["Defend_G","Defend_G","Defend_G","Defend_G","Strike_G","Strike_G","Strike_G","Strike_G","Survivor","Neutralize","Dodge and Roll+1","Finisher","Acrobatics","Caltrops","Calculated Gamble","Prepared","Deadly Poison","Catalyst","Well Laid Plans","Crippling Poison","Footwork","Burst","Quick Slash","Poisoned Stab","Dash+1"],"special_seed":0,"relics":["Ring of the Snake","Letter Opener","Darkstone Periapt","Cursed Key"],"potions_floor_usage":[],"damage_taken":[{"damage":0.0,"enemies":"2 Louse","floor":1.0,"turns":3.0},{"damage":0.0,"enemies":"Small Slimes","floor":3.0,"turns":4.0},{"damage":15.0,"enemies":"Lagavulin","floor":6.0,"turns":6.0},{"damage":1.0,"enemies":"Jaw Worm","floor":7.0,"turns":5.0},{"damage":16.0,"enemies":"Large Slime","floor":8.0,"turns":8.0},{"damage":0.0,"enemies":"Exordium Wildlife","floor":10.0,"turns":4.0},{"damage":3.0,"enemies":"Blue Slaver","floor":13.0,"turns":4.0},{"damage":4.0,"enemies":"2 Fungi Beasts","floor":14.0,"turns":4.0},{"damage":37.0,"enemies":"Slime Boss","floor":16.0,"turns":15.0},{"damage":12.0,"enemies":"2 Thieves","floor":18.0,"turns":4.0},{"damage":20,"enemies":"Chosen","floor":20,"turns":5},{"damage":9,"enemies":"Sentry and Sphere","floor":21,"turns":8},{"damage":24,"enemies":"Chosen and Byrds","floor":22,"turns":8}],"seed_played":"-2501932403962582839","potions_obtained":[{"floor":3.0,"key":"Strength Potion"},{"floor":7.0,"key":"GamblersBrew"},{"floor":10.0,"key":"Poison Potion"},{"floor":13.0,"key":"SpeedPotion"},{"floor":18.0,"key":"Ancient Potion"},{"floor":20,"key":"SpeedPotion"}],"is_trial":false,"path_per_floor":["M","?","M","$","?","E","M","M","T","M","$","R","M","M","R","B",null,"M","?","M","M","M"],"character_chosen":"THE_SILENT","items_purchased":["Finisher","Acrobatics","Caltrops","Calculated Gamble","Well Laid Plans"],"campfire_rested":1,"item_purchase_floors":[4,4,4,4,11],"current_hp_per_floor":[63,63,63,63,63,48,47,31,31,31,31,31,28,24,42,5,63,51,51,31,22,0],"gold":162,"neow_bonus":"TWO_FIFTY_GOLD","is_prod":false,"is_daily":false,"chose_seed":false,"campfire_upgraded":1,"win_rate":0.0,"timestamp":1549450666,"path_taken":["M","?","M","$","?","E","M","?","T","M","$","R","M","M","R","BOSS","M","?","M","M","M"],"build_version":"2019-01-23","purchased_purges":1,"victory":false,"max_hp_per_floor":[63,63,63,63,63,63,63,63,63,63,63,63,63,63,63,63,63,63,63,63,63,63],"card_choices":[{"not_picked":["Bane","Slice","Underhanded Strike"],"picked":"SKIP","floor":1.0},{"not_picked":["Flying Knee","Blade Dance"],"picked":"Dodge and Roll","floor":3.0},{"not_picked":["Venomology","Finisher"],"picked":"Prepared","floor":6.0},{"not_picked":["Catalyst","Outmaneuver","Tactician"],"picked":"SKIP","floor":7.0},{"not_picked":["Acrobatics","Dagger Spray"],"picked":"Deadly Poison","floor":8.0},{"not_picked":["Prepared","Calculated Gamble"],"picked":"Catalyst","floor":10.0},{"not_picked":["Outmaneuver","Endless Agony"],"picked":"Crippling Poison","floor":13.0},{"not_picked":["Backflip","Endless Agony"],"picked":"Footwork","floor":14.0},{"not_picked":["Venomology","Doppelganger"],"picked":"Burst","floor":16.0},{"not_picked":["Deflect+1","Poisoned Stab"],"picked":"Quick Slash","floor":18.0},{"not_picked":["Crippling Poison","Deflect"],"picked":"Poisoned Stab","floor":20},{"not_picked":["Heel Hook","Underhanded Strike+1"],"picked":"Dash+1","floor":21}],"player_experience":20066,"relics_obtained":[{"floor":6.0,"key":"Letter Opener"},{"floor":9.0,"key":"Darkstone Periapt"}],"event_choices":[{"cards_removed":["Defend_G"],"damage_healed":0.0,"max_hp_gain":0.0,"max_hp_loss":0.0,"gold_gain":0.0,"event_name":"Living Wall","player_choice":"Forget","floor":2.0,"gold_loss":0.0,"damage_taken":0.0},{"damage_healed":0.0,"max_hp_gain":0.0,"max_hp_loss":0.0,"gold_gain":0.0,"event_name":"World of Goop","player_choice":"Left Gold","floor":5.0,"gold_loss":32.0,"damage_taken":0.0},{"damage_healed":0,"gold_gain":0,"player_choice":"Ignored","damage_taken":0,"max_hp_gain":0,"max_hp_loss":0,"event_name":"Ghosts","floor":19,"gold_loss":0}],"is_beta":false,"boss_relics":[{"not_picked":["Calling Bell","Fusion Hammer"],"picked":"Cursed Key"}],"items_purged_floors":[4],"is_endless":false,"potions_floor_spawned":[3,7,10,13,18,20],"killed_by":"Chosen and Byrds","ascension_level":0}