{"gold_per_floor":[115,115,265,265,265,297,315,315,341,341,139,206,238,28,28,102,102,112,212,231,231],"floor_reached":21,"playtime":1006,"items_purged":["Strike_B"],"score":388,"play_id":"6cee3cc5-9deb-4372-94d6-a42406c5b52a","local_time":"20181230140017","is_ascension_mode":true,"campfire_choices":[{"data":"Zap","floor":10,"key":"SMITH"},{"data":"Defragment","floor":15,"key":"SMITH"}],"neow_cost":"NONE","seed_source_timestamp":933193258646969,"circlet_count":0,"master_deck":["AscendersBane","Strike_B","Strike_B","Defend_B","Defend_B","Defend_B","Defend_B","Zap+1","Dualcast+1","Loop+1","Go for the Eyes","Echo Form","Coolheaded","Skim","Hologram","Gash","Defragment+1","FTL","Conserve Battery","Electrodynamics","Chaos","Undo","Sweeping Beam","Compile Driver","Hologram","Steam+1"],"relics":["Cracked Core","NeowsBlessing","Spirit Poop","Girya","SsserpentHead","Potion Belt","Blood Vial","Bottled Flame","Orrery"],"potions_floor_usage":[18,20,21],"damage_taken":[{"damage":0,"enemies":"Cultist","floor":1,"turns":1},{"damage":0,"enemies":"3 Sentries","floor":6,"turns":1},{"damage":0,"enemies":"2 Louse","floor":7,"turns":1},{"damage":0,"enemies":"Small Slimes","floor":12,"turns":4},{"damage":3,"enemies":"Lagavulin","floor":13,"turns":8},{"damage":11,"enemies":"Hexaghost","floor":16,"turns":10},{"damage":39,"enemies":"Chosen","floor":18,"turns":7},{"damage":16,"enemies":"3 Byrds","floor":20,"turns":3},{"damage":14,"enemies":"Shelled Parasite and Fungi","floor":21,"turns":2}],"seed_played":"897126838341391487","potions_obtained":[{"floor":6,"key":"Swift Potion"},{"floor":13,"key":"Fire Potion"},{"floor":16,"key":"SkillPotion"},{"floor":18,"key":"Strength Potion"}],"is_trial":false,"path_per_floor":["M","?","?","?","?","E","M","?","T","R","$","M","E","$","R","B",null,"M","?","M","M"],"character_chosen":"DEFECT","items_purchased":["Blood Vial","Skim","Defragment","FTL","Conserve Battery"],"campfire_rested":0,"item_purchase_floors":[11,11,14,14,14],"current_hp_per_floor":[64,64,64,43,43,43,43,43,43,43,43,45,44,44,44,35,62,25,25,11,0],"gold":231,"neow_bonus":"THREE_ENEMY_KILL","is_prod":false,"is_daily":false,"chose_seed":false,"campfire_upgraded":2,"win_rate":0,"timestamp":1546196417,"path_taken":["M","?","?","?","?","E","?","?","T","R","$","?","E","?","R","BOSS","M","?","M","M"],"build_version":"2018-12-20","purchased_purges":1,"victory":false,"max_hp_per_floor":[71,71,71,71,71,71,71,71,71,71,71,71,71,71,71,71,71,71,71,71,71],"card_choices":[{"not_picked":["Cold Snap","Genetic Algorithm"],"picked":"Loop","floor":1},{"not_picked":["Gash","FTL"],"picked":"Echo Form","floor":6},{"not_picked":["Turbo","Stack"],"picked":"Coolheaded","floor":7},{"not_picked":["Hello World","Turbo"],"picked":"Hologram","floor":12},{"not_picked":["Chill","Static Discharge"],"picked":"Gash","floor":13},{"not_picked":["Seek","Reboot"],"picked":"Electrodynamics","floor":16},{"not_picked":["Static Discharge","Turbo"],"picked":"Chaos","floor":17},{"not_picked":["Ball Lightning","Steam"],"picked":"Undo","floor":17},{"not_picked":["Beam Cell","Barrage"],"picked":"Sweeping Beam","floor":17},{"not_picked":["Turbo","Redo"],"picked":"Compile Driver","floor":17},{"not_picked":["Sweeping Beam","Cold Snap"],"picked":"Hologram","floor":17},{"not_picked":["Auto Shields+1","Meteor Strike","Barrage"],"picked":"SKIP","floor":18},{"not_picked":["Go for the Eyes","Compile Driver"],"picked":"Steam+1","floor":20}],"player_experience":881735,"relics_obtained":[{"floor":6,"key":"Girya"},{"floor":9,"key":"Potion Belt"},{"floor":13,"key":"Bottled Flame"}],"event_choices":[{"damage_healed":0,"gold_gain":0,"cards_transformed":["Strike_B"],"player_choice":"Change","damage_taken":0,"max_hp_gain":0,"max_hp_loss":0,"event_name":"Living Wall","floor":2,"gold_loss":0,"cards_obtained":["Go for the Eyes"]},{"damage_healed":0,"gold_gain":150,"player_choice":"AGREE","damage_taken":0,"max_hp_gain":0,"max_hp_loss":0,"event_name":"Liars Game","floor":3,"gold_loss":0,"cards_obtained":["Doubt"]},{"damage_healed":0,"gold_gain":0,"player_choice":"Entered Light","damage_taken":21,"max_hp_gain":0,"max_hp_loss":0,"event_name":"Shining Light","floor":4,"gold_loss":0,"cards_upgraded":["Loop","Dualcast"]},{"cards_removed":["Doubt"],"damage_healed":0,"gold_gain":0,"player_choice":"Offered Curse","damage_taken":0,"relics_obtained":["Spirit Poop"],"max_hp_gain":0,"max_hp_loss":0,"event_name":"Bonfire Elementals","floor":5,"gold_loss":0},{"damage_healed":0,"gold_gain":0,"player_choice":"Trade","damage_taken":0,"relics_obtained":["SsserpentHead"],"max_hp_gain":0,"max_hp_loss":0,"event_name":"FaceTrader","floor":8,"gold_loss":0},{"damage_healed":0,"gold_gain":50,"player_choice":"Pray","damage_taken":0,"max_hp_gain":0,"max_hp_loss":0,"event_name":"Golden Shrine","floor":19,"gold_loss":0}],"is_beta":false,"boss_relics":[{"not_picked":["Lizard Tail","FrozenCore"],"picked":"Orrery"}],"items_purged_floors":[14],"is_endless":false,"potions_floor_spawned":[6,13,16,18],"killed_by":"Shelled Parasite and Fungi","ascension_level":17}