{"gold_per_floor":[117,117,117,9,27,57,57,85,85,104,104,122,122,142,142,242,242,257,274,10,10,26,26,45,45,45,45,61,61,76,94,94,94],"floor_reached":33,"playtime":1873,"items_purged":[],"score":355,"play_id":"9901a513-fd38-43c3-a834-bf4ea2185167","local_time":"20181121111914","is_ascension_mode":true,"campfire_choices":[{"data":"Zap","floor":7,"key":"SMITH"},{"data":"Genetic Algorithm","floor":11,"key":"SMITH"},{"floor":13,"key":"REST"},{"data":"Conserve Battery","floor":15,"key":"SMITH"},{"data":"Seek","floor":23,"key":"SMITH"},{"data":"White Noise","floor":25,"key":"SMITH"},{"floor":29,"key":"REST"},{"floor":32,"key":"REST"}],"neow_cost":"NONE","seed_source_timestamp":2540614587662232,"circlet_count":0,"master_deck":["Strike_B","Strike_B","Strike_B","Strike_B","Defend_B","Defend_B","Defend_B","Defend_B","Zap+1","Dualcast","Go for the Eyes+1","Genetic Algorithm+1","FTL","Sweeping Beam","Defragment","Self Repair+1","Conserve Battery+1","Seek+1","Gash+1","Go for the Eyes+1","Static Discharge+1","White Noise+1","Gash","Decay","Lockon+1","Stack+1"],"relics":["Cracked Core","NeowsBlessing","Singing Bowl","Smiling Mask","Frozen Egg 2","Nuclear Battery","Membership Card","Vajra"],"potions_floor_usage":[8,16,24,33,33,33],"damage_taken":[{"damage":0,"enemies":"Cultist","floor":1,"turns":1},{"damage":0,"enemies":"Small Slimes","floor":5,"turns":1},{"damage":0,"enemies":"Lagavulin","floor":6,"turns":1},{"damage":27,"enemies":"Gremlin Nob","floor":8,"turns":4},{"damage":4,"enemies":"Jaw Worm","floor":10,"turns":3},{"damage":29,"enemies":"Gremlin Gang","floor":12,"turns":5},{"damage":17,"enemies":"Large Slime","floor":14,"turns":5},{"damage":21,"enemies":"The Guardian","floor":16,"turns":13},{"damage":5,"enemies":"Chosen","floor":18,"turns":5},{"damage":9,"enemies":"Shell Parasite","floor":19,"turns":7},{"damage":38,"enemies":"Snake Plant","floor":22,"turns":5},{"damage":20,"enemies":"Centurion and Healer","floor":24,"turns":7},{"damage":30,"enemies":"Cultist and Chosen","floor":28,"turns":6},{"damage":23,"enemies":"Sentry and Sphere","floor":30,"turns":4},{"damage":21,"enemies":"Centurion and Healer","floor":31,"turns":5},{"damage":67,"enemies":"Automaton","floor":33,"turns":6}],"seed_played":"-5752303334973601453","potions_obtained":[{"floor":1,"key":"PowerPotion"},{"floor":5,"key":"SkillPotion"},{"floor":12,"key":"SneckoOil"},{"floor":19,"key":"Dexterity Potion"},{"floor":22,"key":"Regen Potion"},{"floor":28,"key":"Fire Potion"},{"floor":31,"key":"Poison Potion"}],"is_trial":false,"path_per_floor":["M","?","?","$","M","E","R","E","T","M","R","M","R","M","R","B",null,"M","M","$","?","M","R","M","R","T","?","M","R","M","M","R","B"],"character_chosen":"DEFECT","items_purchased":["Genetic Algorithm","FTL","Static Discharge+1","Membership Card","White Noise"],"campfire_rested":3,"item_purchase_floors":[4,4,20,20,20],"current_hp_per_floor":[75,80,80,80,80,80,80,55,55,51,51,34,59,52,52,41,73,78,79,79,63,35,35,42,42,42,42,24,50,37,26,52,0],"gold":94,"neow_bonus":"THREE_ENEMY_KILL","is_prod":false,"is_daily":false,"chose_seed":false,"campfire_upgraded":5,"win_rate":0,"timestamp":1542817154,"path_taken":["M","?","?","$","M","E","R","E","T","M","R","M","R","M","R","BOSS","M","M","$","?","M","R","M","R","T","?","M","R","?","M","R","BOSS"],"build_version":"2018-11-15","purchased_purges":0,"victory":false,"max_hp_per_floor":[75,80,80,80,80,80,80,82,82,82,82,84,84,84,84,84,84,84,84,84,84,84,84,86,86,86,86,88,88,88,88,88,88],"card_choices":[{"not_picked":["Aggregate","Rebound"],"picked":"Go for the Eyes","floor":1},{"not_picked":["Stack","Steam"],"picked":"Sweeping Beam","floor":5},{"not_picked":["Stack","BootSequence"],"picked":"Defragment","floor":6},{"not_picked":["Go for the Eyes","White Noise","Compile Driver"],"picked":"Singing Bowl","floor":8},{"not_picked":["Reinforced Body","Ball Lightning"],"picked":"Self Repair+1","floor":10},{"not_picked":["Recycle","Hello World+1","Streamline"],"picked":"Singing Bowl","floor":12},{"not_picked":["Tempest","Aggregate"],"picked":"Conserve Battery","floor":14},{"not_picked":["Hyperbeam","Biased Cognition+1"],"picked":"Seek","floor":16},{"not_picked":["Conserve Battery","Rebound"],"picked":"Gash+1","floor":18},{"not_picked":["Storm+1","Melter"],"picked":"Go for the Eyes+1","floor":19},{"not_picked":["Steam+1","Blizzard"],"picked":"Gash","floor":22},{"not_picked":["Aggregate+1","Turbo","Sweeping Beam"],"picked":"Singing Bowl","floor":24},{"not_picked":["Turbo+1","Core Surge","Heatsinks+1"],"picked":"Singing Bowl","floor":28},{"not_picked":["Conserve Battery","Turbo+1"],"picked":"Lockon+1","floor":30},{"not_picked":["Fusion","Gash"],"picked":"Stack+1","floor":31}],"player_experience":397304,"relics_obtained":[{"floor":6,"key":"Singing Bowl"},{"floor":8,"key":"Smiling Mask"},{"floor":9,"key":"Frozen Egg 2"},{"floor":26,"key":"Vajra"}],"event_choices":[{"damage_healed":0,"gold_gain":0,"player_choice":"Donut","damage_taken":0,"max_hp_gain":5,"max_hp_loss":0,"event_name":"Big Fish","floor":2,"gold_loss":0},{"damage_healed":0,"gold_gain":0,"player_choice":"Forge","damage_taken":0,"max_hp_gain":0,"max_hp_loss":0,"event_name":"Accursed Blacksmith","floor":3,"gold_loss":0,"cards_upgraded":["Go for the Eyes"]},{"damage_healed":0,"gold_gain":0,"player_choice":"Obtained Book","damage_taken":16,"max_hp_gain":0,"max_hp_loss":0,"event_name":"Cursed Tome","floor":21,"gold_loss":0},{"damage_healed":0,"gold_gain":0,"player_choice":"Cursed","damage_taken":0,"max_hp_gain":0,"max_hp_loss":0,"event_name":"Wheel of Change","floor":27,"gold_loss":0,"cards_obtained":["Decay"]}],"is_beta":false,"boss_relics":[{"not_picked":["FrozenCore","Inserter"],"picked":"Nuclear Battery"}],"items_purged_floors":[],"is_endless":false,"potions_floor_spawned":[1,5,12,19,22,28,31],"killed_by":"Automaton","ascension_level":5}