{"gold_per_floor":[109,125,142,142,142,176,188,188,188,222,241,251,251,265,265,361,361,373,373,373,160,160,170,170,170],"floor_reached":25,"playtime":3798,"items_purged":["Strike_R"],"score":213,"play_id":"9c956099-6bbe-479a-b165-50b8474320ae","local_time":"20190108225153","is_ascension_mode":false,"campfire_choices":[{"data":"Shrug It Off","floor":8,"key":"SMITH"},{"floor":13,"key":"REST"},{"data":"Demon Form","floor":15,"key":"SMITH"},{"data":"Barricade","floor":24,"key":"SMITH"}],"neow_cost":"NONE","seed_source_timestamp":235530098213,"circlet_count":0,"master_deck":["Strike_R","Strike_R","Strike_R","Defend_R","Defend_R","Defend_R","Defend_R","Bash+1","Pommel Strike+1","Shrug It Off+1","Flex","Cleave","Warcry","Shrug It Off","Demon Form+1","Barricade+1","Clothesline+1","Impervious","Decay","Armaments+1"],"relics":["Burning Blood","Nunchaku","Ice Cream","Dream Catcher","Lizard Tail","Bottled Tornado"],"potions_floor_usage":[14,18,18,25],"damage_taken":[{"damage":6,"enemies":"Cultist","floor":1,"turns":3},{"damage":0,"enemies":"Small Slimes","floor":2,"turns":3},{"damage":7,"enemies":"2 Louse","floor":3,"turns":3},{"damage":15,"enemies":"Gremlin Nob","floor":6,"turns":4},{"damage":21,"enemies":"Exordium Thugs","floor":7,"turns":5},{"damage":27,"enemies":"Lagavulin","floor":10,"turns":8},{"damage":11,"enemies":"3 Louse","floor":11,"turns":4},{"damage":0,"enemies":"Looter","floor":12,"turns":3},{"damage":1,"enemies":"2 Fungi Beasts","floor":14,"turns":2},{"damage":49,"enemies":"The Guardian","floor":16,"turns":8},{"damage":36,"enemies":"3 Byrds","floor":18,"turns":6},{"damage":10,"enemies":"Chosen","floor":23,"turns":9},{"damage":99,"enemies":"Slavers","floor":25,"turns":7}],"seed_played":"8320927319797226539","potions_obtained":[{"floor":1,"key":"GamblersBrew"},{"floor":7,"key":"Explosive Potion"},{"floor":10,"key":"EssenceOfSteel"},{"floor":14,"key":"SpeedPotion"},{"floor":16,"key":"Energy Potion"},{"floor":23,"key":"Ancient Potion"}],"is_trial":false,"path_per_floor":["M","M","M","T","?","E","M","R","T","E","M","M","R","M","R","B",null,"M","?","T","$","?","M","R","E"],"character_chosen":"IRONCLAD","items_purchased":["Impervious"],"campfire_rested":1,"item_purchase_floors":[21],"current_hp_per_floor":[80,80,79,79,79,70,55,55,55,34,29,35,59,64,64,21,80,50,50,50,50,50,46,46,0],"gold":170,"neow_bonus":"UPGRADE_CARD","is_prod":false,"is_daily":false,"chose_seed":false,"campfire_upgraded":3,"win_rate":0,"timestamp":1546955513,"path_taken":["M","M","M","?","?","E","M","R","T","E","M","?","R","M","R","BOSS","M","?","?","$","?","M","R","E"],"build_version":"2019-01-03v4","purchased_purges":1,"victory":false,"max_hp_per_floor":[80,80,80,80,80,80,80,80,80,80,80,80,80,80,80,80,80,80,80,80,80,80,80,80,80],"card_choices":[{"not_picked":["Uppercut","Clothesline","Perfected Strike"],"picked":"SKIP","floor":1},{"not_picked":["Havoc","Iron Wave"],"picked":"Pommel Strike","floor":2},{"not_picked":["Warcry","Havoc","Sever Soul"],"picked":"SKIP","floor":3},{"not_picked":["Searing Blow","Offering"],"picked":"Shrug It Off","floor":6},{"not_picked":["Wild Strike","Clash","Rampage"],"picked":"SKIP","floor":7},{"not_picked":["Havoc","Heavy Blade"],"picked":"Flex","floor":10},{"not_picked":["Reckless Charge","Clothesline"],"picked":"Cleave","floor":11},{"not_picked":["Flex","Rampage"],"picked":"Warcry","floor":12},{"not_picked":["Armaments","True Grit"],"picked":"Shrug It Off","floor":13},{"not_picked":["Inflame","Pommel Strike"],"picked":"Demon Form","floor":14},{"not_picked":["Berserk","Impervious"],"picked":"Barricade","floor":16},{"not_picked":["Havoc","Warcry"],"picked":"Clothesline+1","floor":18},{"not_picked":["Bloodletting","True Grit"],"picked":"Armaments+1","floor":23}],"player_experience":96498,"relics_obtained":[{"floor":6,"key":"Nunchaku"},{"floor":9,"key":"Ice Cream"},{"floor":10,"key":"Dream Catcher"},{"floor":20,"key":"Bottled Tornado"}],"event_choices":[{"damage_healed":0,"gold_gain":0,"player_choice":"Forge","damage_taken":0,"max_hp_gain":0,"max_hp_loss":0,"event_name":"Accursed Blacksmith","floor":5,"gold_loss":0,"cards_upgraded":["Pommel Strike"]},{"cards_removed":["Strike_R"],"damage_healed":0,"gold_gain":0,"player_choice":"Elegance","damage_taken":0,"max_hp_gain":0,"max_hp_loss":0,"event_name":"Back to Basics","floor":19,"gold_loss":0},{"damage_healed":0,"gold_gain":0,"player_choice":"Smashed Altar","damage_taken":0,"max_hp_gain":0,"max_hp_loss":0,"event_name":"Forgotten Altar","floor":22,"gold_loss":0,"cards_obtained":["Decay"]}],"is_beta":false,"boss_relics":[{"not_picked":["Coffee Dripper","Pandora\u0027s Box"],"picked":"Lizard Tail"}],"items_purged_floors":[21],"is_endless":false,"potions_floor_spawned":[1,7,10,14,16,23],"killed_by":"Slavers","ascension_level":0}