{"gold_per_floor":[115,40,51,66,66,66,21,21,21,21,21,21,50,50,50,155,155,169,169,169,142,142,167,167,180,180,130,45,156,187,213,225,237],"floor_reached":33,"playtime":3283,"items_purged":["Strike_G","Defend_G"],"score":286,"play_id":"1299df5b-63ee-45ab-b36f-6343cc3cbb38","local_time":"20190110104019","is_ascension_mode":false,"campfire_choices":[{"data":"Neutralize","floor":6,"key":"SMITH"},{"floor":8,"key":"REST"},{"data":"Predator","floor":11,"key":"SMITH"},{"data":"Crippling Poison","floor":15,"key":"SMITH"},{"data":"Burst","floor":24,"key":"SMITH"},{"data":"Cloak And Dagger","floor":32,"key":"SMITH"}],"neow_cost":"NONE","seed_source_timestamp":6983315408400,"circlet_count":0,"master_deck":["Defend_G+1","Defend_G+1","Defend_G+1","Defend_G+1","Survivor","Neutralize+1","Venomology","Predator+1","Cloak And Dagger","Escape Plan","PiercingWail","Crippling Poison+1","Burst+1","Escape Plan","Bite","Bite","Bite","Bite","Bite","Predator","Backstab+1","Flying Knee+1","Cloak And Dagger+1","Backstab"],"special_seed":0,"relics":["Ring of the Snake","Anchor","Question Card","Smiling Mask","Blue Candle","Runic Pyramid","Bag of Marbles","Paper Crane","War Paint","MawBank"],"potions_floor_usage":[3,13,13,16,16,18,21,23,23,23,23,30,30,33,33,33],"damage_taken":[{"damage":0.0,"enemies":"Small Slimes","floor":1.0,"turns":4.0},{"damage":13,"enemies":"Jaw Worm","floor":3,"turns":6},{"damage":0,"enemies":"Cultist","floor":4,"turns":4},{"damage":13,"enemies":"Gremlin Nob","floor":13,"turns":4},{"damage":29,"enemies":"The Guardian","floor":16,"turns":11},{"damage":17,"enemies":"Shell Parasite","floor":18,"turns":8},{"damage":10,"enemies":"2 Thieves","floor":21,"turns":5},{"damage":5,"enemies":"Book of Stabbing","floor":23,"turns":7},{"damage":12,"enemies":"Snake Plant","floor":25,"turns":3},{"damage":19,"enemies":"3 Cultists","floor":30,"turns":6},{"damage":0,"enemies":"Snecko","floor":31,"turns":3},{"damage":57,"enemies":"Collector","floor":33,"turns":11}],"seed_played":"-3290713341500002200","potions_obtained":[{"floor":4,"key":"SpeedPotion"},{"floor":13,"key":"LiquidBronze"},{"floor":16,"key":"Ancient Potion"},{"floor":18,"key":"GhostInAJar"},{"floor":25,"key":"Fruit Juice"}],"is_trial":false,"path_per_floor":["M","$","M","M","?","R","$","R","T","?","R","T","E","?","R","B",null,"M","?","?","M","?","E","R","M","T","$","?","?","M","M","R","B"],"character_chosen":"THE_SILENT","items_purchased":["PiercingWail"],"campfire_rested":1,"item_purchase_floors":[7],"current_hp_per_floor":[70,70,57,57,39,39,39,60,60,60,60,60,47,33,33,4,70,53,49,49,43,43,49,49,39,39,39,39,39,31,37,37,0],"gold":237,"neow_bonus":"ONE_RANDOM_RARE_CARD","is_prod":false,"is_daily":false,"chose_seed":false,"campfire_upgraded":5,"win_rate":0,"timestamp":1547088019,"path_taken":["M","$","M","M","?","R","$","R","T","?","R","?","E","?","R","BOSS","M","?","?","M","?","E","R","?","T","$","?","?","M","M","R","BOSS"],"build_version":"2019-01-03v4","purchased_purges":2,"victory":false,"max_hp_per_floor":[70,70,70,70,70,70,70,70,70,70,70,70,70,70,70,70,70,70,49,49,49,49,49,49,49,49,49,49,49,54,54,54,54],"card_choices":[{"not_picked":["Underhanded Strike","Blade Dance"],"picked":"Predator","floor":1.0},{"not_picked":["Flying Knee","Catalyst"],"picked":"Cloak And Dagger","floor":3},{"not_picked":["Slice","Bane"],"picked":"Escape Plan","floor":4},{"not_picked":["Storm of Steel","Calculated Gamble","Poisoned Stab"],"picked":"Crippling Poison","floor":13},{"not_picked":["Night Terror","Venomology","Phantasmal Killer"],"picked":"Burst","floor":16},{"not_picked":["Terror","Finisher","Prepared"],"picked":"Escape Plan","floor":18},{"not_picked":["Flying Knee+1","PiercingWail","Storm of Steel"],"picked":"Predator","floor":21},{"not_picked":["Dagger Throw","Eviscerate","Tactician"],"picked":"Backstab+1","floor":23},{"not_picked":["Underhanded Strike","Bane+1","Dagger Throw+1"],"picked":"Flying Knee+1","floor":25},{"not_picked":["Distraction","Glass Knife","Prepared+1"],"picked":"Cloak And Dagger","floor":30},{"not_picked":["Riddle With Holes+1","Backflip","Deadly Poison"],"picked":"Backstab","floor":31}],"player_experience":131578,"relics_obtained":[{"floor":9,"key":"Question Card"},{"floor":12,"key":"Smiling Mask"},{"floor":13,"key":"Blue Candle"},{"floor":23,"key":"Paper Crane"},{"floor":26,"key":"War Paint"}],"event_choices":[{"damage_healed":0,"gold_gain":0,"player_choice":"Success","damage_taken":18,"relics_obtained":["Anchor"],"max_hp_gain":0,"max_hp_loss":0,"event_name":"Scrap Ooze","floor":5,"gold_loss":0},{"cards_removed":["Strike_G"],"damage_healed":0,"gold_gain":0,"player_choice":"Forget","damage_taken":0,"max_hp_gain":0,"max_hp_loss":0,"event_name":"Living Wall","floor":10,"gold_loss":0},{"damage_healed":0,"gold_gain":0,"player_choice":"Entered Light","damage_taken":14,"max_hp_gain":0,"max_hp_loss":0,"event_name":"Shining Light","floor":14,"gold_loss":0,"cards_upgraded":["Defend_G","Defend_G"]},{"damage_healed":0,"gold_gain":0,"player_choice":"Became a vampire","damage_taken":0,"max_hp_gain":0,"max_hp_loss":21,"event_name":"Vampires","floor":19,"gold_loss":0,"cards_obtained":["Bite","Bite","Bite","Bite","Bite"]},{"damage_healed":0,"gold_gain":0,"player_choice":"Opened","damage_taken":0,"relics_obtained":["Bag of Marbles"],"max_hp_gain":0,"max_hp_loss":0,"event_name":"The Mausoleum","floor":20,"gold_loss":0},{"damage_healed":0,"gold_gain":0,"player_choice":"Bought 0 Potions","damage_taken":0,"max_hp_gain":0,"max_hp_loss":0,"event_name":"The Woman in Blue","floor":22,"gold_loss":0},{"damage_healed":0,"gold_gain":0,"player_choice":"Obtained Relic","damage_taken":0,"relics_obtained":["MawBank"],"max_hp_gain":0,"max_hp_loss":0,"event_name":"Addict","floor":28,"gold_loss":85},{"damage_healed":0,"gold_gain":99,"player_choice":"Stole From Cult","damage_taken":0,"max_hp_gain":0,"max_hp_loss":0,"event_name":"Nest","floor":29,"gold_loss":0}],"is_beta":false,"boss_relics":[{"not_picked":["HoveringKite","Runic Dome"],"picked":"Runic Pyramid"}],"items_purged_floors":[2,27],"is_endless":false,"potions_floor_spawned":[4,13,16,18,25],"killed_by":"Collector","ascension_level":0}