{"gold_per_floor":[109,129,129,43,43,76,88,133,145,157,187,211,234,246,258,345,357,389,401,18,32,32],"floor_reached":22,"playtime":1241,"items_purged":[],"score":420,"play_id":"0d2d575f-34ae-453a-b44c-99e2c1af11b7","local_time":"20190103020526","is_ascension_mode":true,"campfire_choices":[{"data":"Sunder","floor":7,"key":"SMITH"},{"data":"Chaos","floor":10,"key":"SMITH"},{"data":"Fusion","floor":15,"key":"SMITH"}],"neow_cost":"NONE","seed_source_timestamp":92826998229228,"circlet_count":0,"master_deck":["AscendersBane","Strike_B","Defend_B","Defend_B","Defend_B","Defend_B","Zap","Dualcast","Coolheaded+1","FTL","Machine Learning+1","Sunder+1","Fusion+1","Chaos+1","Skim","Compile Driver","Leap","Reboot","Undo+1","Multi-Cast","Coolheaded","Echo Form","Reinforced Body"],"relics":["Cracked Core","NeowsBlessing","MawBank","Pantograph","Bottled Lightning","Black Star","OrangePellets"],"potions_floor_usage":[14,16,18,22],"damage_taken":[{"damage":0,"enemies":"Small Slimes","floor":1,"turns":1},{"damage":0,"enemies":"2 Louse","floor":2,"turns":1},{"damage":0,"enemies":"Gremlin Nob","floor":6,"turns":1},{"damage":21,"enemies":"Lagavulin","floor":8,"turns":6},{"damage":12,"enemies":"Jaw Worm","floor":11,"turns":2},{"damage":13,"enemies":"Blue Slaver","floor":12,"turns":3},{"damage":5,"enemies":"Looter","floor":13,"turns":4},{"damage":0,"enemies":"Large Slime","floor":14,"turns":1},{"damage":11,"enemies":"Slime Boss","floor":16,"turns":8},{"damage":30,"enemies":"Shell Parasite","floor":18,"turns":6},{"damage":17,"enemies":"2 Thieves","floor":21,"turns":4},{"damage":21,"enemies":"3 Cultists","floor":22,"turns":5}],"seed_played":"8993793035260673985","potions_obtained":[{"floor":8,"key":"FairyPotion"},{"floor":11,"key":"SmokeBomb"},{"floor":13,"key":"FearPotion"},{"floor":16,"key":"Swift Potion"},{"floor":21,"key":"Energy Potion"}],"is_trial":false,"path_per_floor":["M","M","?","$","?","E","R","E","T","R","M","M","M","M","R","B",null,"M","?","$","M","M"],"character_chosen":"DEFECT","items_purchased":["Sunder","Echo Form","OrangePellets"],"campfire_rested":0,"item_purchase_floors":[4,20,20],"current_hp_per_floor":[64,64,64,64,43,43,43,22,22,22,10,7,2,2,2,16,57,27,27,27,10,0],"gold":32,"neow_bonus":"THREE_ENEMY_KILL","is_prod":false,"is_daily":false,"chose_seed":false,"campfire_upgraded":3,"win_rate":0,"timestamp":1546499126,"path_taken":["M","M","?","$","?","E","R","E","T","R","M","M","M","M","R","BOSS","M","?","$","M","M"],"build_version":"2018-12-20","purchased_purges":0,"victory":false,"max_hp_per_floor":[71,71,71,71,71,71,71,71,71,71,71,71,71,71,71,71,71,71,71,71,71,71],"card_choices":[{"not_picked":["Stack","Hello World"],"picked":"Coolheaded","floor":1},{"not_picked":["Stack","Ball Lightning"],"picked":"FTL","floor":2},{"not_picked":["Static Discharge","Skim"],"picked":"Fusion","floor":6},{"not_picked":["Leap","Blizzard"],"picked":"Chaos","floor":8},{"not_picked":["Sweeping Beam","Stack"],"picked":"Skim","floor":11},{"not_picked":["Steam Power","Beam Cell"],"picked":"Compile Driver","floor":12},{"not_picked":["Cold Snap","Barrage"],"picked":"Leap","floor":13},{"not_picked":["Seek","Biased Cognition"],"picked":"Reboot","floor":16},{"not_picked":["Gash","Conserve Battery"],"picked":"Undo+1","floor":18},{"not_picked":["White Noise","Rip and Tear"],"picked":"Reinforced Body","floor":21}],"player_experience":914083,"relics_obtained":[{"floor":6,"key":"MawBank"},{"floor":8,"key":"Pantograph"},{"floor":9,"key":"Bottled Lightning"}],"event_choices":[{"damage_healed":0,"gold_gain":0,"cards_transformed":["Strike_B"],"player_choice":"Change","damage_taken":0,"max_hp_gain":0,"max_hp_loss":0,"event_name":"Living Wall","floor":3,"gold_loss":0,"cards_obtained":["Machine Learning"]},{"damage_healed":0,"gold_gain":0,"player_choice":"Entered Light","damage_taken":21,"max_hp_gain":0,"max_hp_loss":0,"event_name":"Shining Light","floor":5,"gold_loss":0,"cards_upgraded":["Machine Learning","Coolheaded"]},{"damage_healed":0,"gold_gain":0,"cards_transformed":["Strike_B","Strike_B"],"player_choice":"Became Test Subject","damage_taken":0,"max_hp_gain":0,"max_hp_loss":0,"event_name":"Drug Dealer","floor":19,"gold_loss":0,"cards_obtained":["Multi-Cast","Coolheaded"]}],"is_beta":false,"boss_relics":[{"not_picked":["Fusion Hammer","Sozu"],"picked":"Black Star"}],"items_purged_floors":[],"is_endless":false,"potions_floor_spawned":[8,11,13,16,21],"killed_by":"3 Cultists","ascension_level":18}