{"gold_per_floor":[114,114,127,145,157,190,190,190,237,255,289,302,302,312,312,416,416,429,32,47,47,21,21,49,49,49,62,62,79,39,55,55,152,152,167,167,180,198,213,239,239,239,288,288,300,300,317,351,351,351],"floor_reached":50,"playtime":3265,"items_purged":[],"score":586,"play_id":"fc6068b9-67d2-4a6f-a167-26120bb34678","local_time":"20181223045351","is_ascension_mode":false,"campfire_choices":[{"floor":8,"key":"REST"},{"floor":13,"key":"REST"},{"data":"Inflame","floor":15,"key":"SMITH"},{"data":"Second Wind","floor":23,"key":"SMITH"},{"floor":25,"key":"REST"},{"floor":28,"key":"REST"},{"data":"Shrug It Off","floor":32,"key":"SMITH"},{"floor":42,"key":"REST"},{"floor":44,"key":"REST"},{"data":"Iron Wave","floor":46,"key":"SMITH"},{"floor":49,"key":"REST"}],"neow_cost":"NONE","seed_source_timestamp":152011887082757,"circlet_count":0,"master_deck":["Strike_R","Strike_R","Strike_R","Strike_R","Strike_R","Defend_R","Defend_R","Defend_R","Defend_R","Clothesline","Anger","Headbutt","Inflame+1","Heavy Blade","Iron Wave+1","Second Wind+1","Battle Trance","Perfected Strike","Uppercut","Cleave","Headbutt+1","Burning Pact","Infernal Blade+1","Shrug It Off+1","Double Tap+1","Sword Boomerang+1","Iron Wave","Iron Wave+1","Inflame+1","Headbutt","Body Slam+1","Pain","Thunderclap+1","Flex+1","Double Tap"],"relics":["Burning Blood","Mercury Hourglass","Ancient Tea Set","Blood Vial","Velvet Choker","Bronze Scales","Toy Ornithopter","Pear","Frozen Egg 2","Cursed Key","Charon\u0027s Ashes","Centennial Puzzle","Pen Nib"],"potions_floor_usage":[6,16,20,27,33,33,33,40,50,50,50],"damage_taken":[{"damage":0,"enemies":"2 Louse","floor":1,"turns":4},{"damage":3,"enemies":"Small Slimes","floor":3,"turns":6},{"damage":10,"enemies":"Cultist","floor":4,"turns":4},{"damage":9,"enemies":"2 Fungi Beasts","floor":5,"turns":4},{"damage":47,"enemies":"3 Sentries","floor":6,"turns":10},{"damage":13,"enemies":"Exordium Thugs","floor":10,"turns":4},{"damage":21,"enemies":"Gremlin Nob","floor":11,"turns":4},{"damage":7,"enemies":"Red Slaver","floor":12,"turns":4},{"damage":2,"enemies":"Looter","floor":14,"turns":2},{"damage":19,"enemies":"Slime Boss","floor":16,"turns":8},{"damage":27,"enemies":"Shell Parasite","floor":18,"turns":5},{"damage":9,"enemies":"Chosen","floor":20,"turns":3},{"damage":43,"enemies":"Slavers","floor":24,"turns":4},{"damage":10,"enemies":"3 Cultists","floor":27,"turns":4},{"damage":20,"enemies":"Snake Plant","floor":29,"turns":3},{"damage":3,"enemies":"Sentry and Sphere","floor":31,"turns":3},{"damage":68,"enemies":"Champ","floor":33,"turns":11},{"damage":13,"enemies":"Orb Walker","floor":35,"turns":3},{"damage":20,"enemies":"3 Shapes","floor":37,"turns":3},{"damage":53,"enemies":"Sphere and 2 Shapes","floor":38,"turns":5},{"damage":0,"enemies":"Transient","floor":39,"turns":5},{"damage":19,"enemies":"Reptomancer","floor":40,"turns":4},{"damage":16,"enemies":"Spire Growth","floor":45,"turns":4},{"damage":0,"enemies":"4 Shapes","floor":47,"turns":3},{"damage":66,"enemies":"Giant Head","floor":48,"turns":7},{"damage":101,"enemies":"Awakened One","floor":50,"turns":7}],"seed_played":"-1175959541534160364","potions_obtained":[{"floor":1,"key":"BloodPotion"},{"floor":5,"key":"SkillPotion"},{"floor":16,"key":"Energy Potion"},{"floor":18,"key":"SteroidPotion"},{"floor":24,"key":"Explosive Potion"},{"floor":31,"key":"Ancient Potion"},{"floor":38,"key":"Explosive Potion"},{"floor":40,"key":"Energy Potion"},{"floor":47,"key":"GamblersBrew"},{"floor":48,"key":"Energy Potion"}],"is_trial":false,"path_per_floor":["M","?","M","M","M","E","?","R","T","M","E","M","R","M","R","B",null,"M","$","M","?","$","R","E","R","T","M","R","M","?","M","R","B",null,"M","?","M","M","M","E","?","R","T","R","M","R","M","E","R","B"],"character_chosen":"IRONCLAD","items_purchased":["Bronze Scales","Toy Ornithopter","Strength Potion","Cleave"],"campfire_rested":7,"item_purchase_floors":[19,19,19,22],"current_hp_per_floor":[88,81,84,80,77,44,44,70,70,63,48,49,75,81,81,70,88,67,67,71,71,71,71,46,75,75,78,98,84,84,89,89,41,98,91,91,79,34,42,36,36,65,65,94,86,86,94,36,65,0],"gold":351,"neow_bonus":"TEN_PERCENT_HP_BONUS","is_prod":false,"is_daily":false,"chose_seed":false,"campfire_upgraded":4,"win_rate":0.0,"timestamp":1545508431,"path_taken":["M","?","M","M","M","E","?","R","T","M","E","M","R","M","R","BOSS","M","$","?","?","?","R","E","R","T","M","R","?","?","M","R","BOSS","M","?","?","M","?","E","?","R","T","R","M","R","M","E","R","BOSS"],"build_version":"2018-12-20","purchased_purges":0,"victory":false,"max_hp_per_floor":[88,88,88,88,88,88,88,88,88,88,88,88,88,88,88,88,88,88,88,88,88,88,88,98,98,98,98,98,98,98,98,98,98,98,98,98,98,98,98,98,98,98,98,98,98,98,98,98,98,98],"card_choices":[{"not_picked":["Thunderclap","True Grit"],"picked":"Dual Wield","floor":1},{"not_picked":["Ghostly Armor","Flex"],"picked":"Clothesline","floor":3},{"not_picked":["Sword Boomerang","Headbutt"],"picked":"Anger","floor":4},{"not_picked":["Pummel","Hemokinesis"],"picked":"Headbutt","floor":5},{"not_picked":["Infernal Blade","Fiend Fire"],"picked":"Inflame","floor":6},{"not_picked":["Clash","Clothesline"],"picked":"Heavy Blade","floor":10},{"not_picked":["Body Slam","Clothesline"],"picked":"Iron Wave","floor":11},{"not_picked":["Cleave","Fire Breathing"],"picked":"Second Wind","floor":12},{"not_picked":["True Grit","Body Slam"],"picked":"Battle Trance","floor":14},{"not_picked":["Demon Form","Dark Embrace"],"picked":"Berserk","floor":16},{"not_picked":["Clothesline","Power Through"],"picked":"Perfected Strike","floor":18},{"not_picked":["True Grit","Heavy Blade"],"picked":"Uppercut","floor":20},{"not_picked":["Twin Strike","True Grit"],"picked":"Headbutt+1","floor":24},{"not_picked":["Searing Blow+1","Twin Strike"],"picked":"Burning Pact","floor":27},{"not_picked":["Shockwave","Body Slam"],"picked":"Infernal Blade","floor":29},{"not_picked":["Pummel","Flex"],"picked":"Shrug It Off","floor":31},{"not_picked":["Feed","Juggernaut+1"],"picked":"Double Tap","floor":33},{"not_picked":["True Grit","Hemokinesis"],"picked":"Sword Boomerang+1","floor":35},{"not_picked":["Clothesline+1","True Grit"],"picked":"Iron Wave+1","floor":37},{"not_picked":["Blood for Blood","Infernal Blade"],"picked":"Inflame+1","floor":38},{"not_picked":["Heavy Blade","Whirlwind"],"picked":"Headbutt","floor":39},{"not_picked":["Whirlwind+1","Clothesline+1"],"picked":"Body Slam+1","floor":40},{"not_picked":["Bludgeon","Twin Strike"],"picked":"Thunderclap+1","floor":45},{"not_picked":["Carnage+1","Heavy Blade+1"],"picked":"Flex+1","floor":47},{"not_picked":["Iron Wave+1","Sever Soul+1"],"picked":"Double Tap","floor":48}],"player_experience":11610,"relics_obtained":[{"floor":6,"key":"Mercury Hourglass"},{"floor":9,"key":"Ancient Tea Set"},{"floor":11,"key":"Blood Vial"},{"floor":24,"key":"Pear"},{"floor":26,"key":"Frozen Egg 2"},{"floor":40,"key":"Charon\u0027s Ashes"},{"floor":43,"key":"Centennial Puzzle"},{"floor":48,"key":"Pen Nib"}],"event_choices":[{"cards_removed":["Bash"],"damage_healed":0,"gold_gain":0,"player_choice":"Card Removal","damage_taken":7,"max_hp_gain":0,"max_hp_loss":0,"event_name":"Golden Wing","floor":2,"gold_loss":0},{"cards_removed":["Dual Wield"],"damage_healed":0,"gold_gain":0,"player_choice":"Purged","damage_taken":0,"max_hp_gain":0,"max_hp_loss":0,"event_name":"Purifier","floor":7,"gold_loss":0},{"damage_healed":0,"gold_gain":0,"cards_transformed":["Berserk"],"player_choice":"Transformed","damage_taken":0,"max_hp_gain":0,"max_hp_loss":0,"event_name":"Transmorgrifier","floor":21,"gold_loss":0,"cards_obtained":["Feel No Pain"]},{"damage_healed":0,"gold_gain":0,"player_choice":"Upgrade","damage_taken":0,"max_hp_gain":0,"max_hp_loss":0,"event_name":"Designer","floor":30,"gold_loss":40,"cards_upgraded":["Infernal Blade"]},{"cards_removed":["Feel No Pain"],"damage_healed":0,"gold_gain":0,"player_choice":"Took Card","damage_taken":0,"max_hp_gain":0,"max_hp_loss":0,"event_name":"NoteForYourself","floor":36,"gold_loss":0,"cards_obtained":["Iron Wave"]},{"damage_healed":0,"gold_gain":0,"player_choice":"Forge","damage_taken":0,"max_hp_gain":0,"max_hp_loss":0,"event_name":"Accursed Blacksmith","floor":41,"gold_loss":0,"cards_upgraded":["Double Tap"]}],"is_beta":false,"boss_relics":[{"not_picked":["Runic Pyramid","Mark of Pain"],"picked":"Velvet Choker"},{"not_picked":["Astrolabe","Philosopher\u0027s Stone"],"picked":"Cursed Key"}],"items_purged_floors":[],"is_endless":false,"potions_floor_spawned":[1,5,16,18,24,31,38,40,47,48],"killed_by":"Awakened One","ascension_level":0}