{"gold_per_floor":[116,41,55,230,250,285,285,41,41,41,75,75,75,75,75,75],"floor_reached":16,"playtime":1398,"items_purged":["Strike_G","Defend_G"],"score":106,"play_id":"d98edd4c-75c3-4d2f-a8a1-6cfc40575cf1","local_time":"20190206215831","is_ascension_mode":false,"campfire_choices":[{"floor":7,"key":"REST"},{"data":"Wraith Form v2","floor":10,"key":"SMITH"},{"data":"Footwork","floor":12,"key":"SMITH"},{"data":"Glass Knife","floor":15,"key":"SMITH"}],"neow_cost":"NONE","seed_source_timestamp":1388563324608547,"circlet_count":0,"master_deck":["Defend_G","Defend_G","Defend_G","Defend_G","Strike_G","Strike_G","Strike_G","Strike_G","Survivor","Neutralize","Backflip","Finisher","Doubt","Blade Dance","Wraith Form v2+1","Finisher","Footwork+1","Glass Knife+1","Regret"],"relics":["Ring of the Snake","Ancient Tea Set","WingedGreaves","Ice Cream","Bottled Tornado","Meat on the Bone"],"potions_floor_usage":[6],"damage_taken":[{"damage":1,"enemies":"2 Louse","floor":1,"turns":3},{"damage":2,"enemies":"Jaw Worm","floor":3,"turns":9},{"damage":0,"enemies":"Cultist","floor":5,"turns":5},{"damage":46,"enemies":"Gremlin Nob","floor":6,"turns":5},{"damage":8,"enemies":"3 Sentries","floor":11,"turns":8},{"damage":46,"enemies":"Slime Boss","floor":16,"turns":10}],"seed_played":"-8288345502291354319","potions_obtained":[{"floor":3,"key":"Ancient Potion"},{"floor":5,"key":"Poison Potion"}],"is_trial":false,"path_per_floor":["?","?"],"character_chosen":"THE_SILENT","items_purchased":["Finisher","Footwork"],"campfire_rested":1,"item_purchase_floors":[8,8],"current_hp_per_floor":[69,69,67,67,67,21,42,42,42,42,34,34,34,34,34,0],"gold":75,"neow_bonus":"RANDOM_COMMON_RELIC","is_prod":false,"is_daily":false,"chose_seed":false,"campfire_upgraded":3,"win_rate":0.0,"timestamp":1549486711,"path_taken":["M","$","M","?","M","E","R","$","T","R","E","R","?","$","R","BOSS"],"build_version":"2019-01-23","purchased_purges":2,"victory":false,"max_hp_per_floor":[70,70,70,70,70,70,70,70,70,70,70,70,70,70,70,70],"card_choices":[{"not_picked":["Masterful Stab","Dagger Spray"],"picked":"Backflip","floor":1},{"not_picked":["Acrobatics","Endless Agony"],"picked":"Finisher","floor":3},{"not_picked":["Quick Slash","Prepared"],"picked":"Blade Dance","floor":5},{"not_picked":["Bane","Acrobatics"],"picked":"Wraith Form v2","floor":6},{"not_picked":["PiercingWail","Outmaneuver"],"picked":"Glass Knife","floor":11}],"player_experience":46455,"relics_obtained":[{"floor":6,"key":"WingedGreaves"},{"floor":9,"key":"Ice Cream"},{"floor":11,"key":"Bottled Tornado"}],"event_choices":[{"damage_healed":0,"gold_gain":175,"player_choice":"AGREE","damage_taken":0,"max_hp_gain":0,"max_hp_loss":0,"event_name":"Liars Game","floor":4,"gold_loss":0,"cards_obtained":["Doubt"]},{"damage_healed":0,"gold_gain":0,"player_choice":"Box","damage_taken":0,"relics_obtained":["Meat on the Bone"],"max_hp_gain":0,"max_hp_loss":0,"event_name":"Big Fish","floor":13,"gold_loss":0,"cards_obtained":["Regret"]}],"is_beta":false,"boss_relics":[],"items_purged_floors":[2,8],"is_endless":false,"potions_floor_spawned":[3,5],"killed_by":"Slime Boss","ascension_level":0}