{"gold_per_floor":[112,62,73,93,18,18,29,48,128,154,154,154,6,6,6,132,132,156,181,56,56,56],"floor_reached":22,"playtime":1993,"items_purged":["Strike_R","Injury","Strike_R"],"score":184,"play_id":"0577e8d0-d2b4-45d2-994b-fcce4b4d2b32","local_time":"20181225015725","is_ascension_mode":false,"campfire_choices":[{"data":"Cleave","floor":6,"key":"SMITH"},{"data":"Anger","floor":15,"key":"SMITH"}],"neow_cost":"NONE","seed_source_timestamp":12525435517000,"circlet_count":0,"master_deck":["Strike_R","Strike_R","Defend_R","Defend_R","Defend_R","Defend_R","Bash+1","Clothesline","Anger+1","Cleave+1","True Grit","Shrug It Off","Pummel","Parasite","Anger","Demon Form","Dual Wield","Armaments","Infernal Blade+1","Twin Strike"],"relics":["Burning Blood","Mummified Hand","Prayer Wheel","Bloody Idol","Runic Cube"],"potions_floor_usage":[22],"damage_taken":[{"damage":0,"enemies":"Small Slimes","floor":1,"turns":3},{"damage":17,"enemies":"2 Louse","floor":3,"turns":3},{"damage":11,"enemies":"Jaw Worm","floor":4,"turns":3},{"damage":6,"enemies":"Exordium Wildlife","floor":7,"turns":3},{"damage":7,"enemies":"3 Louse","floor":8,"turns":3},{"damage":34,"enemies":"Lagavulin","floor":10,"turns":7},{"damage":58,"enemies":"The Guardian","floor":16,"turns":10},{"damage":9,"enemies":"Chosen","floor":18,"turns":5},{"damage":23,"enemies":"3 Byrds","floor":19,"turns":4},{"damage":36,"enemies":"Colosseum Slavers","floor":22,"turns":4},{"damage":30,"enemies":"Colosseum Nobs","floor":22,"turns":3}],"seed_played":"6825159346320641753","potions_obtained":[{"floor":1,"key":"SteroidPotion"},{"floor":3,"key":"LiquidBronze"},{"floor":8,"key":"Block Potion"},{"floor":16,"key":"PowerPotion"}],"is_trial":false,"path_per_floor":["M","?","M","M","$","R","M","M","T","E","?","?","$","?","R","B",null,"M","M","$","?","?"],"character_chosen":"IRONCLAD","items_purchased":["Anger"],"campfire_rested":0,"item_purchase_floors":[13],"current_hp_per_floor":[80,80,69,64,64,64,64,63,63,35,35,55,55,80,80,28,80,77,60,60,60,0],"gold":56,"neow_bonus":"UPGRADE_CARD","is_prod":false,"is_daily":false,"chose_seed":false,"campfire_upgraded":2,"win_rate":0,"timestamp":1545674245,"path_taken":["M","?","M","M","$","R","M","M","T","E","?","?","$","?","R","BOSS","M","M","$","?","?"],"build_version":"2018-12-20","purchased_purges":3,"victory":false,"max_hp_per_floor":[80,80,80,80,80,80,80,80,80,80,80,80,80,80,80,80,80,80,80,80,80,80],"card_choices":[{"not_picked":["Searing Blow","Fire Breathing"],"picked":"Clothesline","floor":1},{"not_picked":["Body Slam","Clothesline"],"picked":"Anger","floor":3},{"not_picked":["Armaments","Twin Strike"],"picked":"Cleave","floor":4},{"not_picked":["Warcry","Fiend Fire"],"picked":"True Grit","floor":7},{"not_picked":["Combust","Cleave"],"picked":"Shrug It Off","floor":8},{"not_picked":["Sentinel","Intimidate"],"picked":"Pummel","floor":10},{"not_picked":["Juggernaut","Exhume"],"picked":"Demon Form","floor":16},{"not_picked":["Combust","True Grit"],"picked":"Dual Wield","floor":18},{"not_picked":["Pommel Strike","Sword Boomerang"],"picked":"Armaments","floor":18},{"not_picked":["Perfected Strike","Ghostly Armor"],"picked":"Infernal Blade+1","floor":19},{"not_picked":["Intimidate+1","Dropkick"],"picked":"Twin Strike","floor":19}],"player_experience":67114,"relics_obtained":[{"floor":9,"key":"Mummified Hand"},{"floor":10,"key":"Prayer Wheel"}],"event_choices":[{"cards_removed":["Strike_R"],"damage_healed":0,"gold_gain":0,"player_choice":"Card Removal","damage_taken":0,"max_hp_gain":0,"max_hp_loss":0,"event_name":"The Cleric","floor":2,"gold_loss":50},{"damage_healed":0,"gold_gain":0,"player_choice":"Take Wound","damage_taken":0,"relics_obtained":["Golden Idol"],"max_hp_gain":0,"max_hp_loss":0,"event_name":"Golden Idol","floor":11,"gold_loss":0,"cards_obtained":["Injury"]},{"damage_healed":20,"gold_gain":0,"player_choice":"Healed and dodged fight","damage_taken":0,"max_hp_gain":0,"max_hp_loss":0,"event_name":"Mushrooms","floor":12,"gold_loss":0,"cards_obtained":["Parasite"]},{"damage_healed":26,"gold_gain":0,"player_choice":"Banana","damage_taken":0,"max_hp_gain":0,"max_hp_loss":0,"event_name":"Big Fish","floor":14,"gold_loss":0},{"damage_healed":0,"gold_gain":0,"player_choice":"Gave Idol","damage_taken":0,"relics_obtained":["Bloody Idol"],"max_hp_gain":0,"max_hp_loss":0,"event_name":"Forgotten Altar","floor":21,"relics_lost":["Golden Idol"],"gold_loss":0},{"damage_healed":0,"gold_gain":0,"player_choice":"Fight","damage_taken":0,"max_hp_gain":0,"max_hp_loss":0,"event_name":"Colosseum","floor":22,"gold_loss":0},{"damage_healed":0,"gold_gain":0,"player_choice":"Fought Nobs","damage_taken":0,"max_hp_gain":0,"max_hp_loss":0,"event_name":"Colosseum","floor":22,"gold_loss":0}],"is_beta":false,"boss_relics":[{"not_picked":["Coffee Dripper","Runic Dome"],"picked":"Runic Cube"}],"items_purged_floors":[5,13,20],"is_endless":false,"potions_floor_spawned":[1,3,8,16,19,22],"killed_by":"Colosseum Nobs","ascension_level":0}