{"gold_per_floor":[116,116,130,147,147,176,146,146,201,218,14,30,63,73,73,177,177,196,111,130,148,165,165,190,289,343,343,373,373,31,31],"floor_reached":31,"playtime":1285,"items_purged":["Strike_B","Strike_B"],"score":326,"play_id":"1ba6f9c1-b78d-4b21-bd1c-4d58a26f943c","local_time":"20190206214328","is_ascension_mode":true,"campfire_choices":[{"floor":8,"key":"REST"},{"data":"Zap","floor":15,"key":"SMITH"},{"data":"Dualcast","floor":23,"key":"SMITH"},{"data":"White Noise","floor":27,"key":"SMITH"}],"neow_cost":"NONE","seed_source_timestamp":42541489071500,"circlet_count":0,"master_deck":["Strike_B","Strike_B","Defend_B","Defend_B","Defend_B","Defend_B","Zap+1","Dualcast+1","White Noise+1","Self Repair","Hologram","Cold Snap","Ball Lightning","Conserve Battery","White Noise","Amplify","Ball Lightning","Turbo+1","Defragment+1","Static Discharge+1"],"relics":["Cracked Core","Smiling Mask","WarpedTongs","Blood Vial","Lantern","Potion Belt","Eternal Feather","PreservedInsect","Molten Egg 2","Regal Pillow","Meat on the Bone","Matryoshka","Thread and Needle"],"potions_floor_usage":[6,13,13,20,22,24,31,31],"damage_taken":[{"damage":0,"enemies":"Small Slimes","floor":1,"turns":3},{"damage":2,"enemies":"Cultist","floor":3,"turns":3},{"damage":13,"enemies":"Jaw Worm","floor":4,"turns":4},{"damage":22,"enemies":"Lagavulin","floor":6,"turns":7},{"damage":6,"enemies":"3 Louse","floor":10,"turns":4},{"damage":1,"enemies":"Lots of Slimes","floor":12,"turns":2},{"damage":0,"enemies":"Gremlin Nob","floor":13,"turns":2},{"damage":2,"enemies":"2 Fungi Beasts","floor":14,"turns":4},{"damage":51,"enemies":"Slime Boss","floor":16,"turns":9},{"damage":2,"enemies":"Chosen","floor":18,"turns":5},{"damage":1,"enemies":"3 Byrds","floor":20,"turns":4},{"damage":20,"enemies":"Centurion and Healer","floor":21,"turns":7},{"damage":40,"enemies":"Snake Plant","floor":22,"turns":5},{"damage":30,"enemies":"Book of Stabbing","floor":24,"turns":5},{"damage":44,"enemies":"Slavers","floor":28,"turns":6},{"damage":22,"enemies":"3 Cultists","floor":31,"turns":4}],"seed_played":"1182322222448939292","potions_obtained":[{"floor":3,"key":"Dexterity Potion"},{"floor":6,"key":"Dexterity Potion"},{"floor":7,"key":"Energy Potion"},{"floor":7,"key":"Swift Potion"},{"floor":16,"key":"Explosive Potion"},{"floor":20,"key":"EssenceOfSteel"},{"floor":24,"key":"SpeedPotion"},{"floor":28,"key":"Weak Potion"}],"is_trial":false,"path_per_floor":["M","?","M","M","?","E","?","R","T","M","$","M","E","M","R","B",null,"M","?","M","M","M","R","E","?","T","R","E","T","$","M"],"character_chosen":"DEFECT","items_purchased":["Lantern","Thread and Needle"],"campfire_rested":1,"item_purchase_floors":[11,30],"current_hp_per_floor":[75,75,73,67,60,45,45,67,67,70,70,71,75,75,75,34,75,75,75,75,62,44,53,39,39,39,51,19,19,19,0],"gold":31,"neow_bonus":"RANDOM_COMMON_RELIC","is_prod":false,"is_daily":false,"chose_seed":false,"campfire_upgraded":3,"win_rate":0,"timestamp":1549460608,"path_taken":["M","?","M","?","?","E","?","R","T","M","$","?","E","M","R","BOSS","M","?","M","M","M","R","E","?","T","R","E","?","$","M"],"build_version":"2019-01-23","purchased_purges":2,"victory":false,"max_hp_per_floor":[75,75,75,75,75,75,75,75,75,75,75,75,75,75,75,75,75,75,75,75,75,75,75,75,75,75,75,75,75,75,75],"card_choices":[{"not_picked":["Streamline","Barrage"],"picked":"White Noise","floor":1},{"not_picked":["Barrage","Double Energy"],"picked":"Self Repair","floor":3},{"not_picked":["Scrape","Compile Driver"],"picked":"Hologram","floor":4},{"not_picked":["Fusion","Reprogram"],"picked":"Cold Snap","floor":6},{"not_picked":["Static Discharge","Fusion"],"picked":"Ball Lightning","floor":10},{"not_picked":["Melter","Consume","Steam Power"],"picked":"SKIP","floor":12},{"not_picked":["Barrage","Doom and Gloom"],"picked":"Conserve Battery","floor":13},{"not_picked":["Beam Cell","Scrape"],"picked":"White Noise","floor":14},{"not_picked":["Machine Learning","Biased Cognition"],"picked":"Amplify","floor":16},{"not_picked":["Heatsinks","Barrage"],"picked":"Ball Lightning","floor":18},{"not_picked":["Leap","Heatsinks","Ball Lightning"],"picked":"SKIP","floor":20},{"not_picked":["Fusion","Sweeping Beam"],"picked":"Turbo+1","floor":21},{"not_picked":["Redo","Rip and Tear","Beam Cell"],"picked":"SKIP","floor":22},{"not_picked":["Turbo","Amplify"],"picked":"Defragment+1","floor":24},{"not_picked":["Tempest+1","Gash+1"],"picked":"Static Discharge+1","floor":28}],"player_experience":354872,"relics_obtained":[{"floor":6,"key":"Blood Vial"},{"floor":13,"key":"Potion Belt"},{"floor":24,"key":"Molten Egg 2"},{"floor":26,"key":"Regal Pillow"},{"floor":28,"key":"Meat on the Bone"},{"floor":29,"key":"Matryoshka"}],"event_choices":[{"damage_healed":0,"gold_gain":0,"player_choice":"Rummage","damage_taken":0,"relics_obtained":["WarpedTongs"],"max_hp_gain":0,"max_hp_loss":0,"event_name":"Accursed Blacksmith","floor":2,"gold_loss":0,"cards_obtained":["Pain"]},{"cards_removed":["Pain"],"damage_healed":0,"gold_gain":0,"player_choice":"Card Removal","damage_taken":7,"max_hp_gain":0,"max_hp_loss":0,"event_name":"Golden Wing","floor":5,"gold_loss":0},{"damage_healed":0,"gold_gain":0,"player_choice":"Bought 2 Potions","damage_taken":0,"max_hp_gain":0,"max_hp_loss":0,"event_name":"The Woman in Blue","floor":7,"gold_loss":0},{"damage_healed":0,"gold_gain":0,"player_choice":"Obtained Relic","damage_taken":0,"relics_obtained":["PreservedInsect"],"max_hp_gain":0,"max_hp_loss":0,"event_name":"Addict","floor":19,"gold_loss":85},{"damage_healed":0,"gold_gain":99,"player_choice":"Stole From Cult","damage_taken":0,"max_hp_gain":0,"max_hp_loss":0,"event_name":"Nest","floor":25,"gold_loss":0}],"is_beta":false,"boss_relics":[{"not_picked":["Snecko Eye","Coffee Dripper"],"picked":"Eternal Feather"}],"items_purged_floors":[11,30],"is_endless":false,"potions_floor_spawned":[3,6,10,16,20,24,28],"killed_by":"3 Cultists","ascension_level":1}