{"gold_per_floor":[114,124,138,63,63,63,88,102,102,102,102,52,66,84,84,214,214,228,248,248,173,189,189,214,114,114,114,130,154,154,173,173,173],"floor_reached":33,"playtime":3317,"items_purged":["Strike_B","Defend_B"],"score":243,"play_id":"82b426c8-0db6-4138-a649-d9d7d10bc576","local_time":"20190110134238","is_ascension_mode":false,"campfire_choices":[{"data":"Zap","floor":6,"key":"SMITH"},{"data":"Dualcast","floor":10,"key":"SMITH"},{"data":"Steam Power","floor":15,"key":"SMITH"},{"data":"Reboot","floor":23,"key":"SMITH"},{"data":"Hologram","floor":30,"key":"SMITH"},{"floor":32,"key":"REST"}],"neow_cost":"NONE","seed_source_timestamp":230439296241,"circlet_count":0,"master_deck":["Strike_B","Strike_B","Defend_B","Zap+1","Dualcast+1","Steam","Ball Lightning","Hologram+1","Ball Lightning","Steam","Steam Power+1","Reboot+1","Go for the Eyes","Ball Lightning","Leap","Steam","Stack+1","Leap+1","Go for the Eyes+1","Go for the Eyes"],"relics":["Cracked Core","Golden Idol","Frozen Egg 2","Orrery","Potion Belt"],"potions_floor_usage":[8,8,16,22,33,33,33],"damage_taken":[{"damage":2,"enemies":"Small Slimes","floor":1,"turns":3},{"damage":0,"enemies":"Jaw Worm","floor":2,"turns":3},{"damage":0,"enemies":"2 Louse","floor":3,"turns":1},{"damage":2,"enemies":"Blue Slaver","floor":7,"turns":3},{"damage":6,"enemies":"Large Slime","floor":8,"turns":2},{"damage":2,"enemies":"Red Slaver","floor":13,"turns":2},{"damage":0,"enemies":"Looter","floor":14,"turns":2},{"damage":58,"enemies":"The Guardian","floor":16,"turns":9},{"damage":0,"enemies":"Spheric Guardian","floor":18,"turns":3},{"damage":0,"enemies":"Chosen","floor":19,"turns":3},{"damage":6,"enemies":"Centurion and Healer","floor":22,"turns":6},{"damage":2,"enemies":"3 Cultists","floor":24,"turns":5},{"damage":15,"enemies":"Snake Plant","floor":28,"turns":4},{"damage":5,"enemies":"Shelled Parasite and Fungi","floor":29,"turns":5},{"damage":5,"enemies":"Sentry and Sphere","floor":31,"turns":4},{"damage":72,"enemies":"Collector","floor":33,"turns":12}],"seed_played":"-650318572278957045","potions_obtained":[{"floor":0,"key":"Fire Potion"},{"floor":0,"key":"Strength Potion"},{"floor":0,"key":"SkillPotion"},{"floor":8,"key":"Fruit Juice"},{"floor":18,"key":"Swift Potion"},{"floor":19,"key":"Block Potion"},{"floor":22,"key":"LiquidBronze"}],"is_trial":false,"path_per_floor":["M","M","M","$","?","R","M","M","T","R","?","?","M","M","R","B",null,"M","M","?","?","M","R","M","$","T","$","M","M","R","M","R","B"],"character_chosen":"DEFECT","items_purchased":[],"campfire_rested":1,"item_purchase_floors":[],"current_hp_per_floor":[73,73,73,73,55,55,53,47,47,47,72,72,70,70,70,17,80,80,80,80,80,74,74,72,72,72,72,57,52,52,47,71,0],"gold":173,"neow_bonus":"THREE_SMALL_POTIONS","is_prod":false,"is_daily":false,"chose_seed":false,"campfire_upgraded":5,"win_rate":0,"timestamp":1547095358,"path_taken":["M","M","M","$","?","R","M","M","T","R","?","?","M","M","R","BOSS","M","M","?","?","M","R","M","$","T","$","M","M","R","M","R","BOSS"],"build_version":"2019-01-03v4","purchased_purges":2,"victory":false,"max_hp_per_floor":[75,75,75,75,75,75,75,75,75,75,75,75,75,75,75,80,80,80,80,80,80,80,80,80,80,80,80,80,80,80,80,80,80],"card_choices":[{"not_picked":["Reprogram","Compile Driver"],"picked":"Steam","floor":1},{"not_picked":["Steam","Turbo"],"picked":"Ball Lightning","floor":2},{"not_picked":["Redo","Coolheaded"],"picked":"Hologram","floor":3},{"not_picked":["Sunder","Storm"],"picked":"Ball Lightning","floor":7},{"not_picked":["Hologram","Rebound"],"picked":"Steam","floor":8},{"not_picked":["Compile Driver","Hello World+1"],"picked":"Steam Power","floor":13},{"not_picked":["Rebound","Beam Cell","Aggregate"],"picked":"SKIP","floor":14},{"not_picked":["Biased Cognition+1","Core Surge"],"picked":"Reboot","floor":16},{"not_picked":["Cold Snap","Steam Power"],"picked":"Go for the Eyes","floor":17},{"not_picked":["Stack","Turbo"],"picked":"Ball Lightning","floor":17},{"not_picked":["Self Repair+1","Cold Snap"],"picked":"Leap","floor":17},{"not_picked":["Capacitor+1","Self Repair+1"],"picked":"Steam","floor":17},{"not_picked":["Gash","Chill"],"picked":"Stack+1","floor":18},{"not_picked":["Reinforced Body","Reprogram","Rainbow"],"picked":"SKIP","floor":19},{"not_picked":["Beam Cell+1","Scrape","Auto Shields"],"picked":"SKIP","floor":22},{"not_picked":["Consume","Ball Lightning+1"],"picked":"Leap+1","floor":24},{"not_picked":["Sweeping Beam","Streamline","Creative AI+1"],"picked":"SKIP","floor":28},{"not_picked":["Ball Lightning","Aggregate+1"],"picked":"Go for the Eyes+1","floor":29},{"not_picked":["Aggregate","Stack"],"picked":"Go for the Eyes","floor":31}],"player_experience":112859,"relics_obtained":[{"floor":9,"key":"Frozen Egg 2"},{"floor":26,"key":"Potion Belt"}],"event_choices":[{"damage_healed":0,"gold_gain":0,"player_choice":"Take Damage","damage_taken":18,"relics_obtained":["Golden Idol"],"max_hp_gain":0,"max_hp_loss":0,"event_name":"Golden Idol","floor":5,"gold_loss":0},{"damage_healed":25,"gold_gain":0,"player_choice":"Banana","damage_taken":0,"max_hp_gain":0,"max_hp_loss":0,"event_name":"Big Fish","floor":11,"gold_loss":0},{"cards_removed":["Strike_B"],"damage_healed":0,"gold_gain":0,"player_choice":"Card Removal","damage_taken":0,"max_hp_gain":0,"max_hp_loss":0,"event_name":"The Cleric","floor":12,"gold_loss":50},{"cards_removed":["Defend_B"],"damage_healed":0,"gold_gain":0,"player_choice":"Elegance","damage_taken":0,"max_hp_gain":0,"max_hp_loss":0,"event_name":"Back to Basics","floor":20,"gold_loss":0},{"cards_removed":["Defend_B"],"damage_healed":0,"gold_gain":0,"player_choice":"Gave Gold","damage_taken":0,"max_hp_gain":0,"max_hp_loss":0,"event_name":"Beggar","floor":21,"gold_loss":75}],"is_beta":false,"boss_relics":[{"not_picked":["Nuclear Battery","Runic Dome"],"picked":"Orrery"}],"items_purged_floors":[4,25],"is_endless":false,"potions_floor_spawned":[1,8,18,19,22],"killed_by":"Collector","ascension_level":0}