{"gold_per_floor":[215,215,235,254,267,267,170,197,197,208,224,224,224,205,205,305,305,323,238,163,182,80,80,153,165,189,208,208,208,227,227,227,327,327,339,439,389,401,417,433,433,433,433,383,383,402,402,412,412,412],"floor_reached":50,"playtime":3934,"items_purged":["Strike_B","Strike_B","Defend_B","Defend_B","Strike_B"],"score":496,"play_id":"53d458b3-a40a-4f3c-85e8-6e0307072d3b","local_time":"20181231100522","is_ascension_mode":false,"campfire_choices":[{"floor":6,"key":"REST"},{"floor":13,"key":"REST"},{"data":"Zap","floor":15,"key":"SMITH"},{"data":"Dualcast","floor":23,"key":"SMITH"},{"data":"Double Energy","floor":32,"key":"SMITH"},{"data":"Blizzard","floor":41,"key":"SMITH"},{"data":"Defragment","floor":49,"key":"SMITH"}],"neow_cost":"NONE","seed_source_timestamp":465298043063149,"circlet_count":0,"master_deck":["Defend_B","Zap+1","Dualcast+1","Go for the Eyes","Defragment+1","Steam","Sweeping Beam","Redo","Cold Snap","Steam Power","Reboot","Cold Snap","Go for the Eyes","Glacier","Machine Learning","Go for the Eyes+1","Cold Snap","Conserve Battery","Double Energy+1","Conserve Battery","Blizzard+1","Cold Snap","Steam","Beam Cell","Coolheaded","Conserve Battery","Biased Cognition","Coolheaded+1","Chill","Leap","Sweeping Beam+1","Writhe","Cold Snap+1","Glacier+1"],"relics":["FrozenCore","Smiling Mask","Prayer Wheel","White Beast Statue","Bronze Scales","Meat on the Bone","PreservedInsect","Mango","Pantograph"],"potions_floor_usage":[8,14,16,16,25,27,33,33,33,36,39,40,46,48,48,50,50],"damage_taken":[{"damage":0,"enemies":"Small Slimes","floor":1,"turns":2},{"damage":0,"enemies":"2 Louse","floor":3,"turns":1},{"damage":11,"enemies":"Jaw Worm","floor":4,"turns":4},{"damage":9,"enemies":"Red Slaver","floor":5,"turns":3},{"damage":19,"enemies":"3 Sentries","floor":8,"turns":5},{"damage":10,"enemies":"3 Louse","floor":10,"turns":3},{"damage":15,"enemies":"Large Slime","floor":11,"turns":4},{"damage":11,"enemies":"Exordium Thugs","floor":14,"turns":4},{"damage":19,"enemies":"Slime Boss","floor":16,"turns":13},{"damage":15,"enemies":"2 Thieves","floor":18,"turns":5},{"damage":8,"enemies":"3 Byrds","floor":21,"turns":2},{"damage":4,"enemies":"3 Cultists","floor":25,"turns":6},{"damage":0,"enemies":"Cultist and Chosen","floor":27,"turns":6},{"damage":14,"enemies":"Snake Plant","floor":30,"turns":4},{"damage":25,"enemies":"Champ","floor":33,"turns":15},{"damage":11,"enemies":"3 Darklings","floor":35,"turns":7},{"damage":8,"enemies":"Mind Bloom Boss Battle","floor":36,"turns":11},{"damage":0,"enemies":"Orb Walker","floor":38,"turns":7},{"damage":5,"enemies":"4 Shapes","floor":39,"turns":5},{"damage":8,"enemies":"Jaw Worm Horde","floor":40,"turns":6},{"damage":0,"enemies":"3 Darklings","floor":46,"turns":7},{"damage":12,"enemies":"4 Shapes","floor":48,"turns":12},{"damage":94,"enemies":"Time Eater","floor":50,"turns":14}],"seed_played":"7604434324281906144","potions_obtained":[{"floor":3,"key":"FearPotion"},{"floor":5,"key":"EssenceOfSteel"},{"floor":10,"key":"Regen Potion"},{"floor":14,"key":"AttackPotion"},{"floor":18,"key":"AttackPotion"},{"floor":21,"key":"Poison Potion"},{"floor":25,"key":"Strength Potion"},{"floor":27,"key":"Regen Potion"},{"floor":30,"key":"EssenceOfSteel"},{"floor":33,"key":"Explosive Potion"},{"floor":35,"key":"Block Potion"},{"floor":36,"key":"Strength Potion"},{"floor":38,"key":"GamblersBrew"},{"floor":39,"key":"FearPotion"},{"floor":40,"key":"EssenceOfSteel"},{"floor":46,"key":"Weak Potion"},{"floor":48,"key":"Strength Potion"}],"is_trial":false,"path_per_floor":["M","?","M","M","M","R","$","E","T","M","M","?","R","M","R","B",null,"M","?","$","M","$","R","T","M","T","M","?","?","M","?","R","B",null,"M","?","$","M","M","M","R","?","T","$","?","M","?","M","R","B"],"character_chosen":"DEFECT","items_purchased":["Redo","Conserve Battery","Conserve Battery"],"campfire_rested":2,"item_purchase_floors":[7,20,22],"current_hp_per_floor":[75,57,57,46,37,59,59,40,40,30,15,40,62,65,65,46,75,60,60,60,52,52,52,52,48,48,48,48,48,46,46,46,48,75,64,70,70,70,65,57,57,57,57,57,79,79,79,67,67,0],"gold":412,"neow_bonus":"HUNDRED_GOLD","is_prod":false,"is_daily":false,"chose_seed":false,"campfire_upgraded":5,"win_rate":0,"timestamp":1546218322,"path_taken":["M","?","M","M","M","R","$","E","T","M","M","?","R","M","R","BOSS","M","?","$","M","$","R","?","M","T","?","?","?","?","?","R","BOSS","M","?","$","M","M","M","R","?","T","$","?","M","?","M","R","BOSS"],"build_version":"2018-12-20","purchased_purges":5,"victory":false,"max_hp_per_floor":[75,75,75,75,75,75,75,75,75,75,75,75,75,75,75,75,75,75,75,75,75,75,75,75,75,75,75,75,75,75,75,75,75,75,75,89,89,89,89,89,89,89,89,89,89,89,89,89,89,89],"card_choices":[{"not_picked":["Lockon","Sweeping Beam"],"picked":"Go for the Eyes","floor":1},{"not_picked":["Scrape","Leap"],"picked":"Defragment","floor":3},{"not_picked":["Scrape","Hello World"],"picked":"Steam","floor":4},{"not_picked":["Chaos","Rebound"],"picked":"Sweeping Beam","floor":5},{"not_picked":["Beam Cell","Sweeping Beam"],"picked":"Cold Snap","floor":8},{"not_picked":["Sweeping Beam","Hologram"],"picked":"Steam Power","floor":10},{"not_picked":["Turbo","Streamline"],"picked":"Reboot","floor":10},{"not_picked":["Ball Lightning","Gash"],"picked":"Cold Snap","floor":11},{"not_picked":["Hyperbeam","Gash"],"picked":"Go for the Eyes","floor":11},{"not_picked":["Cold Snap","Barrage"],"picked":"Glacier","floor":14},{"not_picked":["Beam Cell","Reprogram","Rebound"],"picked":"SKIP","floor":14},{"not_picked":["Rainbow","Electrodynamics"],"picked":"Machine Learning","floor":16},{"not_picked":["Loop","Aggregate"],"picked":"Go for the Eyes+1","floor":18},{"not_picked":["Barrage","Chaos"],"picked":"Cold Snap","floor":18},{"not_picked":["Hologram","Scrape"],"picked":"Double Energy","floor":21},{"not_picked":["Tempest","Barrage+1","Hologram"],"picked":"SKIP","floor":21},{"not_picked":["Chaos","Amplify"],"picked":"Blizzard","floor":25},{"not_picked":["Streamline","FTL","Compile Driver"],"picked":"SKIP","floor":25},{"not_picked":["Go for the Eyes+1","Beam Cell"],"picked":"Cold Snap","floor":27},{"not_picked":["Steam Power","Reprogram"],"picked":"Steam","floor":27},{"not_picked":["Redo+1","Gash"],"picked":"Coolheaded","floor":30},{"not_picked":["Ball Lightning+1","Hyperbeam","Aggregate"],"picked":"SKIP","floor":30},{"not_picked":["All For One","Reboot"],"picked":"Biased Cognition","floor":33},{"not_picked":["Compile Driver+1","Beam Cell+1","Auto Shields+1"],"picked":"SKIP","floor":35},{"not_picked":["Scrape","Gash","Skim"],"picked":"SKIP","floor":35},{"not_picked":["Tempest","Beam Cell"],"picked":"Coolheaded+1","floor":36},{"not_picked":["Self Repair","Rebound"],"picked":"Chill","floor":38},{"not_picked":["Heatsinks","Stack+1","Seek"],"picked":"SKIP","floor":38},{"not_picked":["Turbo","Heatsinks+1"],"picked":"Leap","floor":39},{"not_picked":["Stack+1","Streamline+1","Consume"],"picked":"SKIP","floor":39},{"not_picked":["Heatsinks","Go for the Eyes+1"],"picked":"Sweeping Beam+1","floor":40},{"not_picked":["Redo+1","Skim+1","Conserve Battery"],"picked":"SKIP","floor":40},{"not_picked":["Stack+1","Echo Form"],"picked":"Cold Snap+1","floor":46},{"not_picked":["Leap","Reinforced Body+1","Gash+1"],"picked":"SKIP","floor":46},{"not_picked":["Steam Power","Go for the Eyes+1"],"picked":"Glacier+1","floor":48},{"not_picked":["Turbo","Redo+1","Hello World+1"],"picked":"SKIP","floor":48}],"player_experience":86025,"relics_obtained":[{"floor":8,"key":"Prayer Wheel"},{"floor":24,"key":"Meat on the Bone"},{"floor":26,"key":"PreservedInsect"},{"floor":36,"key":"Mango"},{"floor":43,"key":"Pantograph"}],"event_choices":[{"damage_healed":0,"gold_gain":0,"player_choice":"Success","damage_taken":18,"relics_obtained":["Smiling Mask"],"max_hp_gain":0,"max_hp_loss":0,"event_name":"Scrap Ooze","floor":2,"gold_loss":0},{"damage_healed":25,"gold_gain":0,"player_choice":"Banana","damage_taken":0,"max_hp_gain":0,"max_hp_loss":0,"event_name":"Big Fish","floor":12,"gold_loss":0},{"damage_healed":0,"gold_gain":0,"player_choice":"Obtained Relic","damage_taken":0,"relics_obtained":["Bronze Scales"],"max_hp_gain":0,"max_hp_loss":0,"event_name":"Addict","floor":19,"gold_loss":85},{"damage_healed":0,"gold_gain":0,"cards_transformed":["Defend_B","Strike_B"],"player_choice":"Became Test Subject","damage_taken":0,"max_hp_gain":0,"max_hp_loss":0,"event_name":"Drug Dealer","floor":28,"gold_loss":0,"cards_obtained":["Beam Cell","Aggregate"]},{"damage_healed":0,"gold_gain":0,"player_choice":"0 cards matched","damage_taken":0,"max_hp_gain":0,"max_hp_loss":0,"event_name":"Match and Keep!","floor":29,"gold_loss":0,"cards_obtained":[]},{"damage_healed":0,"gold_gain":0,"player_choice":"Read","damage_taken":0,"max_hp_gain":0,"max_hp_loss":0,"event_name":"The Library","floor":31,"gold_loss":0,"cards_obtained":["Conserve Battery"]},{"damage_healed":0,"gold_gain":0,"player_choice":"Fight","damage_taken":0,"max_hp_gain":0,"max_hp_loss":0,"event_name":"MindBloom","floor":36,"gold_loss":0},{"cards_removed":["Aggregate"],"damage_healed":0,"gold_gain":0,"player_choice":"Removed Skill","damage_taken":0,"max_hp_gain":0,"max_hp_loss":0,"event_name":"Falling","floor":42,"gold_loss":0},{"damage_healed":22,"gold_gain":0,"player_choice":"Writhe","damage_taken":0,"max_hp_gain":0,"max_hp_loss":0,"event_name":"Winding Halls","floor":45,"gold_loss":0,"cards_obtained":["Writhe"]},{"damage_healed":0,"gold_gain":0,"player_choice":"Ignored","damage_taken":0,"max_hp_gain":0,"max_hp_loss":0,"event_name":"Mysterious Sphere","floor":47,"gold_loss":0}],"is_beta":false,"boss_relics":[{"not_picked":["Coffee Dripper","Astrolabe"],"picked":"White Beast Statue"},{"not_picked":["Empty Cage","Fusion Hammer"],"picked":"FrozenCore"}],"items_purged_floors":[7,20,22,37,44],"is_endless":false,"potions_floor_spawned":[3,5,10,14,18,21,25,27,30,33,35,36,38,39,40,46,48],"killed_by":"Time Eater","ascension_level":0}