{"gold_per_floor":[110,129,144,164,239,266,266,266,290,290,303,303,316,352,352,473,473,491,70,106,106,150,150,184,184,208,308,333],"floor_reached":28,"playtime":1138,"items_purged":["Strike_R"],"score":273,"play_id":"29dfae85-7fa3-44ce-ab5e-c6c113b5629d","local_time":"20190202212008","is_ascension_mode":false,"campfire_choices":[{"data":"Armaments","floor":7,"key":"SMITH"},{"data":"Combust","floor":10,"key":"SMITH"},{"data":"Bash","floor":15,"key":"SMITH"},{"data":"Brutality","floor":23,"key":"SMITH"}],"neow_cost":"NONE","seed_source_timestamp":180958608451633,"circlet_count":0,"master_deck":["Strike_R","Strike_R","Strike_R","Strike_R","Defend_R","Defend_R","Defend_R","Defend_R","Bash+1","Armaments+1","Combust+1","Perfected Strike","Perfected Strike","Warcry","Barricade","Brutality+1","True Grit+1","HandOfGreed","Carnage","Ghostly Armor","Writhe"],"relics":["Burning Blood","Smiling Mask","Golden Idol","Strawberry","Dream Catcher","Cursed Key","Membership Card","Centennial Puzzle","Regal Pillow","Bag of Preparation","Happy Flower"],"potions_floor_usage":[14,16,16,18,20,24],"damage_taken":[{"damage":5,"enemies":"2 Louse","floor":1,"turns":3},{"damage":0,"enemies":"Small Slimes","floor":2,"turns":3},{"damage":6,"enemies":"Cultist","floor":3,"turns":3},{"damage":10,"enemies":"3 Louse","floor":4,"turns":4},{"damage":19,"enemies":"Gremlin Nob","floor":6,"turns":4},{"damage":5,"enemies":"Large Slime","floor":11,"turns":4},{"damage":1,"enemies":"Exordium Thugs","floor":13,"turns":3},{"damage":7,"enemies":"3 Sentries","floor":14,"turns":4},{"damage":34,"enemies":"Hexaghost","floor":16,"turns":11},{"damage":5,"enemies":"Spheric Guardian","floor":18,"turns":3},{"damage":9,"enemies":"3 Byrds","floor":20,"turns":4},{"damage":31,"enemies":"Snake Plant","floor":22,"turns":7},{"damage":38,"enemies":"Gremlin Leader","floor":24,"turns":5},{"damage":28,"enemies":"Colosseum Slavers","floor":25,"turns":5},{"damage":35,"enemies":"Cultist and Chosen","floor":28,"turns":4}],"seed_played":"1939894164434003164","potions_obtained":[{"floor":1,"key":"EssenceOfSteel"},{"floor":4,"key":"Energy Potion"},{"floor":11,"key":"SkillPotion"},{"floor":14,"key":"Fire Potion"},{"floor":16,"key":"Swift Potion"},{"floor":18,"key":"Fire Potion"}],"is_trial":false,"path_per_floor":["M","M","M","M","?","E","R","?","T","R","M","?","M","E","R","B",null,"M","$","M","?","M","R","E","?","T","?","M"],"character_chosen":"IRONCLAD","items_purchased":["Membership Card","HandOfGreed","Centennial Puzzle"],"campfire_rested":0,"item_purchase_floors":[19,19,19],"current_hp_per_floor":[88,88,88,84,73,60,60,38,45,45,46,46,51,50,50,22,95,95,95,92,92,67,67,35,13,13,13,0],"gold":333,"neow_bonus":"TEN_PERCENT_HP_BONUS","is_prod":false,"is_daily":false,"chose_seed":false,"campfire_upgraded":4,"win_rate":0,"timestamp":1549142408,"path_taken":["M","M","M","M","?","E","R","?","T","R","M","?","M","E","R","BOSS","M","$","M","?","?","R","E","?","T","?","?"],"build_version":"2019-01-23","purchased_purges":1,"victory":false,"max_hp_per_floor":[88,88,88,88,88,88,88,88,95,95,95,95,95,95,95,95,95,95,95,95,95,95,95,95,95,95,95,95],"card_choices":[{"not_picked":["Power Through","True Grit"],"picked":"Armaments","floor":1},{"not_picked":["Havoc","Clash"],"picked":"Combust","floor":2},{"not_picked":["True Grit","Thunderclap"],"picked":"Perfected Strike","floor":3},{"not_picked":["Sword Boomerang","Twin Strike"],"picked":"Perfected Strike","floor":4},{"not_picked":["Heavy Blade","Dark Embrace"],"picked":"Warcry","floor":6},{"not_picked":["Headbutt","True Grit"],"picked":"Seeing Red","floor":11},{"not_picked":["True Grit","Anger","Second Wind"],"picked":"SKIP","floor":13},{"not_picked":["Searing Blow","Metallicize"],"picked":"Barricade","floor":14},{"not_picked":["Reaper","Dark Embrace"],"picked":"Brutality","floor":16},{"not_picked":["Blood for Blood","Wild Strike"],"picked":"True Grit+1","floor":18},{"not_picked":["Heavy Blade","True Grit","Anger"],"picked":"SKIP","floor":20},{"not_picked":["True Grit","Sever Soul"],"picked":"Carnage","floor":22},{"not_picked":["Sentinel","Armaments"],"picked":"Ghostly Armor","floor":24}],"player_experience":803504,"relics_obtained":[{"floor":6,"key":"Smiling Mask"},{"floor":9,"key":"Strawberry"},{"floor":14,"key":"Dream Catcher"},{"floor":24,"key":"Bag of Preparation"},{"floor":26,"key":"Happy Flower"}],"event_choices":[{"damage_healed":0,"gold_gain":75,"player_choice":"Gather Gold","damage_taken":11,"max_hp_gain":0,"max_hp_loss":0,"event_name":"World of Goop","floor":5,"gold_loss":0},{"damage_healed":0,"gold_gain":0,"player_choice":"Take Damage","damage_taken":22,"relics_obtained":["Golden Idol"],"max_hp_gain":0,"max_hp_loss":0,"event_name":"Golden Idol","floor":8,"gold_loss":0},{"damage_healed":0,"gold_gain":0,"player_choice":"Ignored","damage_taken":0,"max_hp_gain":0,"max_hp_loss":0,"event_name":"Liars Game","floor":12,"gold_loss":0},{"cards_removed":["Seeing Red"],"damage_healed":0,"gold_gain":0,"player_choice":"Gave Card","damage_taken":0,"relics_obtained":["Regal Pillow"],"max_hp_gain":0,"max_hp_loss":0,"event_name":"WeMeetAgain","floor":21,"gold_loss":0},{"damage_healed":0,"gold_gain":0,"player_choice":"Fight","damage_taken":0,"max_hp_gain":0,"max_hp_loss":0,"event_name":"Colosseum","floor":25,"gold_loss":0},{"damage_healed":0,"gold_gain":0,"player_choice":"Fled From Nobs","damage_taken":0,"max_hp_gain":0,"max_hp_loss":0,"event_name":"Colosseum","floor":25,"gold_loss":0},{"damage_healed":0,"gold_gain":100,"player_choice":"Pray","damage_taken":0,"max_hp_gain":0,"max_hp_loss":0,"event_name":"Golden Shrine","floor":27,"gold_loss":0}],"is_beta":true,"boss_relics":[{"not_picked":["Black Blood","Astrolabe"],"picked":"Cursed Key"}],"items_purged_floors":[19],"is_endless":false,"potions_floor_spawned":[1,4,11,14,16,18,25],"killed_by":"Cultist and Chosen","ascension_level":0}