{"gold_per_floor":[112,58,77,89,107,135,135,167,240,269,281,218,230,253,265,348,360,388,177,92,10,26,26,52,63,63,163,163,163,163,175,175,175],"floor_reached":33,"playtime":5309,"items_purged":[],"score":538,"play_id":"64c58ba5-4eba-43d0-ba31-a823e65e3d99","local_time":"20190106163538","is_ascension_mode":true,"campfire_choices":[{"floor":7.0,"key":"REST"},{"data":"1","floor":11.0,"key":"LIFT"},{"floor":13.0,"key":"REST"},{"data":"Hologram","floor":15.0,"key":"SMITH"},{"data":"Hyperbeam","floor":23.0,"key":"SMITH"},{"floor":28.0,"key":"REST"},{"data":"2","floor":30.0,"key":"LIFT"},{"data":"Coolheaded","floor":32.0,"key":"SMITH"}],"neow_cost":"NONE","seed_source_timestamp":0,"circlet_count":0,"master_deck":["AscendersBane","Defend_B","Defend_B","Defend_B","Defend_B","Zap","Dualcast","BootSequence+1","Beam Cell+1","Go for the Eyes+1","Ball Lightning","Conserve Battery","Reprogram","Streamline","Hologram+1","Fission","Gash","Steam","Hyperbeam+1","Go for the Eyes+1","Coolheaded+1","Hologram","Stack"],"special_seed":0,"relics":["Astrolabe","Regal Pillow","Girya","Bottled Lightning","MawBank","Busted Crown","Oddly Smooth Stone","Art of War","Potion Belt","Dodecahedron","Frozen Egg 2","Dead Branch","Toxic Egg 2"],"potions_floor_usage":[33],"damage_taken":[{"damage":4.0,"enemies":"2 Louse","floor":1.0,"turns":3.0},{"damage":0.0,"enemies":"Jaw Worm","floor":3.0,"turns":3.0},{"damage":1.0,"enemies":"Small Slimes","floor":4.0,"turns":3.0},{"damage":6.0,"enemies":"3 Louse","floor":5.0,"turns":3.0},{"damage":28.0,"enemies":"3 Sentries","floor":6.0,"turns":6.0},{"damage":19.0,"enemies":"Lagavulin","floor":8.0,"turns":6.0},{"damage":31.0,"enemies":"Gremlin Nob","floor":10.0,"turns":4.0},{"damage":0.0,"enemies":"Red Slaver","floor":14.0,"turns":3.0},{"damage":29.0,"enemies":"Hexaghost","floor":16.0,"turns":10.0},{"damage":8.0,"enemies":"Shell Parasite","floor":18.0,"turns":5.0},{"damage":3.0,"enemies":"2 Thieves","floor":22.0,"turns":4.0},{"damage":17.0,"enemies":"Gremlin Leader","floor":24.0,"turns":3.0},{"damage":7.0,"enemies":"Snake Plant","floor":25.0,"turns":4.0},{"damage":6.0,"enemies":"Colosseum Slavers","floor":27.0,"turns":2.0},{"damage":14.0,"enemies":"Colosseum Nobs","floor":27.0,"turns":4.0},{"damage":0.0,"enemies":"Snecko","floor":31.0,"turns":3.0},{"damage":41,"enemies":"Champ","floor":33,"turns":10}],"seed_played":"-1985491845077029777","potions_obtained":[{"floor":3.0,"key":"LiquidBronze"},{"floor":4.0,"key":"AttackPotion"},{"floor":14.0,"key":"LiquidBronze"},{"floor":16.0,"key":"SteroidPotion"},{"floor":25.0,"key":"AttackPotion"},{"floor":31.0,"key":"FearPotion"}],"is_trial":false,"path_per_floor":["M","?","M","M","M","E","R","E","T","E","R","?","R","M","R","B",null,"M","$","?","?","M","R","E","M","T","?","R","?","R","M","R","B"],"character_chosen":"DEFECT","items_purchased":["Coolheaded","Oddly Smooth Stone"],"campfire_rested":3,"item_purchase_floors":[19,19],"current_hp_per_floor":[60,60,60,59,53,25,61,42,42,11,11,11,47,47,47,18,58,50,50,50,50,47,47,30,23,23,3,39,39,39,39,39,0],"gold":175,"neow_bonus":"BOSS_RELIC","is_prod":false,"is_daily":false,"chose_seed":false,"campfire_upgraded":3,"win_rate":0,"timestamp":1546810538,"path_taken":["M","?","M","M","M","E","R","E","T","E","R","?","R","M","R","BOSS","M","$","?","?","M","R","E","?","T","?","R","?","R","M","R","BOSS"],"build_version":"2019-01-03v4","purchased_purges":0,"victory":false,"max_hp_per_floor":[71,71,71,71,71,71,71,71,71,71,71,71,71,71,71,71,71,71,71,71,71,71,71,71,71,71,71,71,71,71,71,71,71],"card_choices":[{"not_picked":["Steam","Hologram"],"picked":"Ball Lightning","floor":1.0},{"not_picked":["Barrage","Compile Driver"],"picked":"Conserve Battery","floor":3.0},{"not_picked":["Hello World","Fusion"],"picked":"Reprogram","floor":4.0},{"not_picked":["Turbo","Stack"],"picked":"Streamline","floor":5.0},{"not_picked":["Beam Cell","Capacitor"],"picked":"Hologram","floor":6.0},{"not_picked":["Go for the Eyes","Streamline"],"picked":"Fission","floor":8.0},{"not_picked":["Steam","Static Discharge"],"picked":"Gash","floor":10.0},{"not_picked":["Turbo","Ball Lightning"],"picked":"Steam","floor":14.0},{"not_picked":["Multi-Cast","Reboot"],"picked":"Hyperbeam","floor":16.0},{"not_picked":[],"picked":"Go for the Eyes+1","floor":18.0},{"not_picked":[],"picked":"Hologram","floor":22.0},{"not_picked":["Aggregate"],"picked":"SKIP","floor":24.0},{"not_picked":[],"picked":"Stack","floor":25.0}],"player_experience":923341,"relics_obtained":[{"floor":6.0,"key":"Regal Pillow"},{"floor":8.0,"key":"Girya"},{"floor":9.0,"key":"Bottled Lightning"},{"floor":10.0,"key":"MawBank"},{"floor":24.0,"key":"Dodecahedron"},{"floor":26.0,"key":"Frozen Egg 2"},{"floor":27.0,"key":"Dead Branch"},{"floor":27.0,"key":"Toxic Egg 2"}],"event_choices":[{"damage_healed":0.0,"max_hp_gain":0.0,"max_hp_loss":0.0,"gold_gain":0.0,"event_name":"World of Goop","player_choice":"Left Gold","floor":2.0,"gold_loss":54.0,"damage_taken":0.0},{"cards_removed":["Strike_B"],"damage_healed":0.0,"max_hp_gain":0.0,"max_hp_loss":0.0,"gold_gain":0.0,"event_name":"The Cleric","player_choice":"Card Removal","floor":12.0,"gold_loss":75.0,"damage_taken":0.0},{"damage_healed":0.0,"max_hp_gain":0.0,"max_hp_loss":0.0,"gold_gain":0.0,"event_name":"Addict","player_choice":"Obtained Relic","floor":20.0,"gold_loss":85.0,"damage_taken":0.0,"relics_obtained":["Art of War"]},{"damage_healed":0.0,"max_hp_gain":0.0,"max_hp_loss":0.0,"gold_gain":0.0,"event_name":"WeMeetAgain","player_choice":"Paid Gold","floor":21.0,"gold_loss":82.0,"damage_taken":0.0,"relics_obtained":["Potion Belt"]},{"damage_healed":0.0,"max_hp_gain":0.0,"max_hp_loss":0.0,"gold_gain":0.0,"event_name":"Colosseum","player_choice":"Fight","floor":27.0,"gold_loss":0.0,"damage_taken":0.0},{"damage_healed":0.0,"max_hp_gain":0.0,"max_hp_loss":0.0,"gold_gain":0.0,"event_name":"Colosseum","player_choice":"Fought Nobs","floor":27.0,"gold_loss":0.0,"damage_taken":0.0},{"damage_healed":0.0,"max_hp_gain":0.0,"max_hp_loss":0.0,"gold_gain":0.0,"event_name":"Vampires","player_choice":"Ignored","floor":29.0,"gold_loss":0.0,"damage_taken":0.0}],"is_beta":false,"boss_relics":[{"not_picked":["Pandora\u0027s Box","Philosopher\u0027s Stone"],"picked":"Busted Crown"}],"items_purged_floors":[],"is_endless":false,"potions_floor_spawned":[3,4,5,14,16,25,27,31],"killed_by":"Champ","ascension_level":18}