{"gold_per_floor":[116,130,141,151,165,165,197,197,250,200,200,219,233,183,183,283,283,301,251,261,241,260,260,289,289,337,355,355,372,386,406,406,406],"floor_reached":33,"playtime":1952,"items_purged":["Strike_B","Defend_B","Strike_B"],"score":298,"play_id":"23009fde-604c-4e8c-bf72-4194f86a5941","local_time":"20190109202948","is_ascension_mode":false,"campfire_choices":[{"data":"Zap","floor":6,"key":"SMITH"},{"data":"Dualcast","floor":8,"key":"SMITH"},{"data":"Redo","floor":15,"key":"SMITH"},{"data":"White Noise","floor":23,"key":"SMITH"},{"floor":25,"key":"REST"},{"floor":32,"key":"REST"}],"neow_cost":"NONE","seed_source_timestamp":79995017228992,"circlet_count":0,"master_deck":["Strike_B","Strike_B","Defend_B","Defend_B","Defend_B","Zap+1","Dualcast+1","Hologram","Rebound","Skim","White Noise+1","Redo+1","Conserve Battery","Ball Lightning","Go for the Eyes","Redo+1","Steam Power"],"relics":["Cracked Core","Torii","Smiling Mask","Lizard Tail","Sundial","Strawberry"],"potions_floor_usage":[7,7,12,20,22,22,24,33],"damage_taken":[{"damage":1,"enemies":"Cultist","floor":1,"turns":3},{"damage":1,"enemies":"2 Louse","floor":2,"turns":2},{"damage":1,"enemies":"Jaw Worm","floor":3,"turns":3},{"damage":3,"enemies":"Red Slaver","floor":4,"turns":3},{"damage":17,"enemies":"Exordium Thugs","floor":5,"turns":3},{"damage":11,"enemies":"Lagavulin","floor":7,"turns":7},{"damage":10,"enemies":"Gremlin Gang","floor":12,"turns":3},{"damage":9,"enemies":"Red Slaver","floor":13,"turns":3},{"damage":9,"enemies":"Slime Boss","floor":16,"turns":8},{"damage":2,"enemies":"Chosen","floor":18,"turns":4},{"damage":9,"enemies":"3 Byrds","floor":20,"turns":4},{"damage":1,"enemies":"Snecko","floor":22,"turns":5},{"damage":109,"enemies":"Slavers","floor":24,"turns":11},{"damage":24,"enemies":"Centurion and Healer","floor":27,"turns":5},{"damage":40,"enemies":"Shelled Parasite and Fungi","floor":29,"turns":5},{"damage":30,"enemies":"Cultist and Chosen","floor":30,"turns":7},{"damage":22,"enemies":"Snake Plant","floor":31,"turns":5},{"damage":55,"enemies":"Collector","floor":33,"turns":5}],"seed_played":"-6772180306332828239","potions_obtained":[{"floor":3,"key":"Weak Potion"},{"floor":5,"key":"Block Potion"},{"floor":7,"key":"FocusPotion"},{"floor":12,"key":"Block Potion"},{"floor":13,"key":"Swift Potion"},{"floor":18,"key":"GamblersBrew"},{"floor":21,"key":"Block Potion"},{"floor":30,"key":"SpeedPotion"},{"floor":31,"key":"EssenceOfSteel"}],"is_trial":false,"path_per_floor":["M","M","M","M","M","R","E","R","T","$","?","M","M","$","R","B",null,"M","$","M","?","M","R","E","R","T","M","?","M","M","M","R","B"],"character_chosen":"DEFECT","items_purchased":[],"campfire_rested":2,"item_purchase_floors":[],"current_hp_per_floor":[81,80,79,76,59,59,48,48,48,48,75,65,56,56,56,47,82,80,80,71,71,70,70,4,28,35,11,99,59,29,7,36,0],"gold":406,"neow_bonus":"TEN_PERCENT_HP_BONUS","is_prod":false,"is_daily":false,"chose_seed":false,"campfire_upgraded":4,"win_rate":0,"timestamp":1547033388,"path_taken":["M","M","M","M","?","R","E","R","T","$","?","M","M","$","R","BOSS","M","$","M","?","?","R","E","R","T","M","?","M","M","M","R","BOSS"],"build_version":"2019-01-03v4","purchased_purges":3,"victory":false,"max_hp_per_floor":[82,82,82,82,82,82,82,82,82,82,82,82,82,82,82,82,82,82,82,82,82,82,82,82,82,89,89,99,99,99,99,99,99],"card_choices":[{"not_picked":["Turbo","Stack"],"picked":"Hologram","floor":1},{"not_picked":["Hologram","Reinforced Body"],"picked":"Rebound","floor":2},{"not_picked":["Compile Driver","Coolheaded"],"picked":"Skim","floor":3},{"not_picked":["Coolheaded","Steam"],"picked":"White Noise","floor":4},{"not_picked":["Chill","Streamline","Consume"],"picked":"SKIP","floor":5},{"not_picked":["Self Repair","Gash","Hyperbeam"],"picked":"SKIP","floor":7},{"not_picked":["Sunder","Go for the Eyes"],"picked":"Redo","floor":12},{"not_picked":["Compile Driver","Storm"],"picked":"Conserve Battery","floor":13},{"not_picked":["Meteor Strike","Thunder Strike"],"picked":"Rainbow","floor":16},{"not_picked":["Hello World+1","Redo","Turbo"],"picked":"SKIP","floor":18},{"not_picked":["Consume","Tempest"],"picked":"Ball Lightning","floor":20},{"not_picked":["Redo","Scrape","Blizzard"],"picked":"SKIP","floor":22},{"not_picked":["Leap","Beam Cell"],"picked":"Go for the Eyes","floor":24},{"not_picked":["Streamline+1","Rebound"],"picked":"Redo+1","floor":27},{"not_picked":["Beam Cell","Storm","Loop"],"picked":"SKIP","floor":29},{"not_picked":["Beam Cell","Redo","Melter"],"picked":"SKIP","floor":30},{"not_picked":["Heatsinks","Storm"],"picked":"Steam Power","floor":31}],"player_experience":108648,"relics_obtained":[{"floor":7,"key":"Torii"},{"floor":9,"key":"Smiling Mask"},{"floor":24,"key":"Sundial"},{"floor":26,"key":"Strawberry"}],"event_choices":[{"damage_healed":27,"gold_gain":0,"player_choice":"Banana","damage_taken":0,"max_hp_gain":0,"max_hp_loss":0,"event_name":"Big Fish","floor":11,"gold_loss":0},{"damage_healed":0,"gold_gain":0,"player_choice":"Bought 1 Potion","damage_taken":0,"max_hp_gain":0,"max_hp_loss":0,"event_name":"The Woman in Blue","floor":21,"gold_loss":0},{"cards_removed":["Rainbow"],"damage_healed":78,"gold_gain":0,"player_choice":"Offered Rare","damage_taken":0,"max_hp_gain":10,"max_hp_loss":0,"event_name":"Bonfire Elementals","floor":28,"gold_loss":0}],"is_beta":false,"boss_relics":[{"not_picked":["Calling Bell","Coffee Dripper"],"picked":"Lizard Tail"}],"items_purged_floors":[10,14,19],"is_endless":false,"potions_floor_spawned":[3,5,7,12,13,18,30,31],"killed_by":"Collector","ascension_level":0}