{"gold_per_floor":[216,30,30,41,41,41,57,57,57,57,90,90,119,130,130,130],"floor_reached":16,"playtime":651,"items_purged":[],"score":194,"play_id":"a4bcf783-c2e2-458e-b502-db59340409b2","local_time":"20181214230249","is_ascension_mode":true,"campfire_choices":[{"data":"Conserve Battery","floor":6,"key":"SMITH"},{"data":"Reprogram","floor":8,"key":"SMITH"},{"data":"Strike_B","floor":10,"key":"PURGE"},{"data":"Streamline","floor":12,"key":"SMITH"},{"floor":15,"key":"REST"}],"neow_cost":"NONE","seed_source_timestamp":273290337214440,"circlet_count":0,"master_deck":["AscendersBane","Strike_B","Strike_B","Strike_B","Defend_B","Defend_B","Defend_B","Defend_B","Zap+1","Dualcast","Ball Lightning","Conserve Battery+1","Gash","Reprogram+1","Streamline+1","Go for the Eyes","Chill"],"relics":["Cracked Core","Vajra","Peace Pipe","Smiling Mask","Strawberry"],"potions_floor_usage":[14,16],"damage_taken":[{"damage":1,"enemies":"Cultist","floor":1,"turns":3},{"damage":0,"enemies":"2 Louse","floor":4,"turns":2},{"damage":7,"enemies":"Small Slimes","floor":7,"turns":2},{"damage":15,"enemies":"3 Sentries","floor":11,"turns":7},{"damage":19,"enemies":"Lagavulin","floor":13,"turns":5},{"damage":2,"enemies":"Exordium Wildlife","floor":14,"turns":3},{"damage":53,"enemies":"Hexaghost","floor":16,"turns":9}],"seed_played":"-4324473830912150110","potions_obtained":[{"floor":4,"key":"Energy Potion"},{"floor":7,"key":"Energy Potion"},{"floor":13,"key":"Poison Potion"}],"is_trial":false,"path_per_floor":["M","$","?","M","$","R","M","R","T","R","E","R","E","M","R","B"],"character_chosen":"DEFECT","items_purchased":["Conserve Battery","Vajra"],"campfire_rested":1,"item_purchase_floors":[2,2],"current_hp_per_floor":[63,63,63,63,63,63,56,56,56,56,41,41,29,27,50,0],"gold":130,"neow_bonus":"HUNDRED_GOLD","is_prod":false,"is_daily":false,"chose_seed":false,"campfire_upgraded":3,"win_rate":0,"timestamp":1544846569,"path_taken":["M","$","?","?","?","R","M","R","T","R","E","R","E","M","R","BOSS"],"build_version":"2018-12-13","purchased_purges":0,"victory":false,"max_hp_per_floor":[71,71,71,71,71,71,71,71,71,71,71,71,78,78,78,78],"card_choices":[{"not_picked":["Steam","Rebound"],"picked":"Ball Lightning","floor":1},{"not_picked":["Melter","Loop"],"picked":"Gash","floor":4},{"not_picked":["Rip and Tear","Lockon"],"picked":"Reprogram","floor":7},{"not_picked":["Self Repair","Ball Lightning"],"picked":"Streamline","floor":11},{"not_picked":["Ball Lightning","Rainbow"],"picked":"Go for the Eyes","floor":13},{"not_picked":["Hello World","Cold Snap"],"picked":"Chill","floor":14}],"player_experience":781309,"relics_obtained":[{"floor":9,"key":"Peace Pipe"},{"floor":11,"key":"Smiling Mask"},{"floor":13,"key":"Strawberry"}],"event_choices":[{"damage_healed":0,"gold_gain":0,"player_choice":"Forge","damage_taken":0,"max_hp_gain":0,"max_hp_loss":0,"event_name":"Accursed Blacksmith","floor":3,"gold_loss":0,"cards_upgraded":["Zap"]}],"is_beta":false,"boss_relics":[],"items_purged_floors":[],"is_endless":false,"potions_floor_spawned":[4,7,13],"killed_by":"Hexaghost","ascension_level":16}