{"gold_per_floor":[117,42,42,42,42,67,67,86,86,261,261,261,321,21,21,116,116,116],"floor_reached":18,"playtime":623,"items_purged":["Strike_R","Strike_R"],"score":190,"play_id":"07b0dd72-9d1e-45be-8e0f-4a9221667766","local_time":"20190111202322","is_ascension_mode":true,"campfire_choices":[{"data":"Evolve","floor":7,"key":"SMITH"},{"data":"True Grit","floor":11,"key":"SMITH"},{"data":"Pommel Strike","floor":15,"key":"SMITH"}],"neow_cost":"NONE","seed_source_timestamp":113405384425792,"circlet_count":0,"master_deck":["Strike_R","Strike_R","Strike_R","Defend_R","Defend_R","Defend_R","Defend_R","Bash","True Grit+1","Regret","Evolve+1","Pommel Strike+1","Doubt","Warcry+1","Immolate"],"relics":["Burning Blood","NeowsBlessing","Singing Bowl","Toxic Egg 2","Champion Belt","Du-Vu Doll","SsserpentHead","Medical Kit","Eternal Feather"],"potions_floor_usage":[16],"damage_taken":[{"damage":0,"enemies":"2 Louse","floor":1,"turns":1},{"damage":0,"enemies":"Gremlin Nob","floor":6,"turns":1},{"damage":0,"enemies":"Small Slimes","floor":8,"turns":1},{"damage":9,"enemies":"Jaw Worm","floor":13,"turns":4},{"damage":35,"enemies":"Slime Boss","floor":16,"turns":11},{"damage":26,"enemies":"Shell Parasite","floor":18,"turns":3}],"seed_played":"-6266730506766715038","potions_obtained":[{"floor":6,"key":"PowerPotion"},{"floor":8,"key":"SpeedPotion"}],"is_trial":false,"path_per_floor":["M","$","?","?","T","E","R","M","T","?","R","?","M","$","R","B",null,"M"],"character_chosen":"IRONCLAD","items_purchased":["Medical Kit"],"campfire_rested":0,"item_purchase_floors":[14],"current_hp_per_floor":[80,80,80,80,80,80,80,80,80,80,80,80,77,77,77,48,80,54],"gold":116,"neow_bonus":"THREE_ENEMY_KILL","is_prod":false,"is_daily":false,"chose_seed":false,"campfire_upgraded":3,"win_rate":0,"timestamp":1547205802,"path_taken":["M","$","?","?","?","E","R","M","T","?","R","?","?","$","R","BOSS","M"],"build_version":"2019-01-10","purchased_purges":2,"victory":false,"max_hp_per_floor":[80,80,80,80,80,80,80,80,80,80,80,80,80,80,80,80,80,80],"card_choices":[{"not_picked":["Iron Wave","Infernal Blade"],"picked":"True Grit","floor":1},{"not_picked":["Rage+1","Armaments+1"],"picked":"Evolve","floor":6},{"not_picked":["Cleave","Havoc+1"],"picked":"Pommel Strike","floor":8},{"not_picked":["Searing Blow","Clothesline"],"picked":"Warcry+1","floor":13},{"not_picked":["Brutality","Feed"],"picked":"Immolate","floor":16}],"player_experience":121450,"relics_obtained":[{"floor":5,"key":"Toxic Egg 2"},{"floor":6,"key":"Champion Belt"},{"floor":9,"key":"Du-Vu Doll"}],"event_choices":[{"damage_healed":0,"gold_gain":0,"player_choice":"Box","damage_taken":0,"relics_obtained":["Singing Bowl"],"max_hp_gain":0,"max_hp_loss":0,"event_name":"Big Fish","floor":3,"gold_loss":0,"cards_obtained":["Regret"]},{"damage_healed":0,"gold_gain":0,"player_choice":"Leave","damage_taken":0,"max_hp_gain":0,"max_hp_loss":0,"event_name":"The Cleric","floor":4,"gold_loss":0},{"damage_healed":0,"gold_gain":175,"player_choice":"AGREE","damage_taken":0,"max_hp_gain":0,"max_hp_loss":0,"event_name":"Liars Game","floor":10,"gold_loss":0,"cards_obtained":["Doubt"]},{"damage_healed":0,"gold_gain":0,"player_choice":"Trade","damage_taken":0,"relics_obtained":["SsserpentHead"],"max_hp_gain":0,"max_hp_loss":0,"event_name":"FaceTrader","floor":12,"gold_loss":0}],"is_beta":false,"boss_relics":[{"not_picked":["Black Star","White Beast Statue"],"picked":"Eternal Feather"}],"items_purged_floors":[2,14],"is_endless":false,"potions_floor_spawned":[6,8],"killed_by":"Shell Parasite","ascension_level":1}