{"gold_per_floor":[119,119,119,119,134,134,152,152,152,152,164,164,89,89,89,191,191,204,215,292,217,252,252,282,282,282,310,310,327,359,359,359,455,455,467,86,86,105,327,327,346,379,379,379,396,448,467,46,46,46,46,46,46,46],"floor_reached":54,"playtime":6235,"items_purged":["Strike_B","Strike_B","Dualcast"],"score":964,"play_id":"3234a730-f9c7-4e4d-9b59-d4a124a3cd71","local_time":"20181123143226","is_ascension_mode":true,"campfire_choices":[{"data":"Zap","floor":6.0,"key":"SMITH"},{"data":"Streamline","floor":10.0,"key":"SMITH"},{"data":"Hologram","floor":12.0,"key":"SMITH"},{"floor":15.0,"key":"REST"},{"data":"Hologram","floor":23.0,"key":"SMITH"},{"data":"Scrape","floor":25.0,"key":"SMITH"},{"data":"Conserve Battery","floor":28.0,"key":"SMITH"},{"data":"Steam","floor":32.0,"key":"SMITH"},{"data":"Capacitor","floor":40.0,"key":"SMITH"},{"floor":49.0,"key":"RECALL"},{"data":"Coolheaded","floor":52,"key":"SMITH"}],"neow_cost":"NONE","seed_source_timestamp":0,"circlet_count":0,"master_deck":["Defend_B","Defend_B","Defend_B","Defend_B","Zap+1","Steam+1","Scrape+1","Streamline+1","Gash","Hologram+1","Machine Learning","Conserve Battery+1","Hologram+1","Steam+1","Sweeping Beam","Sweeping Beam+1","Coolheaded+1","Capacitor+1","Leap+1","Gash"],"special_seed":0,"relics":["Cracked Core","Happy Flower","Bottled Flame","Calipers","Nuclear Battery","Meat on the Bone","Red Mask","Mango","Pear","Gambling Chip","Blood Vial","Runic Pyramid","Frozen Eye","Singing Bowl","Du-Vu Doll","Toy Ornithopter"],"potions_floor_usage":[50,50,50],"damage_taken":[{"damage":2.0,"enemies":"Jaw Worm","floor":1.0,"turns":3.0},{"damage":0.0,"enemies":"2 Louse","floor":5.0,"turns":1.0},{"damage":0.0,"enemies":"Small Slimes","floor":7.0,"turns":2.0},{"damage":12.0,"enemies":"Exordium Thugs","floor":11.0,"turns":3.0},{"damage":26.0,"enemies":"Hexaghost","floor":16.0,"turns":10.0},{"damage":3.0,"enemies":"Shell Parasite","floor":18.0,"turns":3.0},{"damage":0.0,"enemies":"Chosen","floor":19.0,"turns":3.0},{"damage":10.0,"enemies":"Masked Bandits","floor":22.0,"turns":4.0},{"damage":7.0,"enemies":"Gremlin Leader","floor":24.0,"turns":10.0},{"damage":27.0,"enemies":"Slavers","floor":27.0,"turns":5.0},{"damage":7.0,"enemies":"Snecko","floor":29.0,"turns":4.0},{"damage":13.0,"enemies":"Gremlin Leader","floor":30.0,"turns":9.0},{"damage":43.0,"enemies":"Automaton","floor":33.0,"turns":11.0},{"damage":10.0,"enemies":"3 Darklings","floor":35.0,"turns":5.0},{"damage":0.0,"enemies":"3 Shapes","floor":38.0,"turns":5.0},{"damage":6.0,"enemies":"Spire Growth","floor":41.0,"turns":4.0},{"damage":14.0,"enemies":"Nemesis","floor":42.0,"turns":7.0},{"damage":3.0,"enemies":"4 Shapes","floor":45.0,"turns":8.0},{"damage":17.0,"enemies":"2 Orb Walkers","floor":46.0,"turns":5.0},{"damage":13.0,"enemies":"3 Darklings","floor":47.0,"turns":9.0},{"damage":65,"enemies":"Donu and Deca","floor":50,"turns":12},{"damage":102,"enemies":"Shield and Spear","floor":54,"turns":6}],"seed_played":"4976742614109390762","potions_obtained":[{"floor":1.0,"key":"SkillPotion"},{"floor":8.0,"key":"Block Potion"},{"floor":8.0,"key":"Explosive Potion"},{"floor":18.0,"key":"Weak Potion"},{"floor":22.0,"key":"EntropicBrew"},{"floor":30.0,"key":"Weak Potion"},{"floor":33.0,"key":"Strength Potion"},{"floor":35.0,"key":"AttackPotion"},{"floor":46.0,"key":"Energy Potion"},{"floor":47.0,"key":"SkillPotion"}],"is_trial":false,"path_per_floor":["M","?","?","?","M","R","M","?","T","R","M","R","$","T","R","B",null,"M","M","T","?","?","R","E","R","T","E","R","M","E","?","R","B",null,"M","$","?","M","?","R","M","E","T","?","M","?","M","$","R","B",null,"R","$","E"],"character_chosen":"DEFECT","items_purchased":["Frozen Eye","Capacitor","Toy Ornithopter","Energy Potion","SteroidPotion"],"campfire_rested":1,"item_purchase_floors":[36,36,48,48,48],"current_hp_per_floor":[66,71,46,46,46,46,46,46,46,46,34,34,34,34,58,32,68,65,65,65,65,55,55,62,62,72,57,57,62,61,61,61,32,86,78,78,78,80,80,80,76,64,64,66,67,66,69,69,69,33,92,92,92,0],"gold":46,"neow_bonus":"TRANSFORM_CARD","is_prod":false,"is_daily":false,"chose_seed":false,"campfire_upgraded":9,"win_rate":0,"timestamp":1543001546,"path_taken":["M","?","?","?","M","R","M","?","T","R","?","R","$","?","R","BOSS","M","M","?","?","?","R","E","R","T","E","R","M","E","?","R","BOSS","M","$","?","M","?","R","M","E","T","?","M","?","M","?","R","BOSS","R","$","E"],"build_version":"2018-11-15","purchased_purges":3,"victory":false,"max_hp_per_floor":[75,80,80,80,80,80,80,80,80,80,80,80,80,80,80,80,80,80,80,80,80,80,80,94,94,104,104,104,104,104,104,104,104,104,104,104,104,104,104,104,104,104,104,106,108,110,112,112,112,112,112,112,112,112],"card_choices":[{"not_picked":["Cold Snap","Leap"],"picked":"Scrape","floor":1.0},{"not_picked":["Rebound","Storm"],"picked":"Streamline","floor":5.0},{"not_picked":["Rebound","Barrage"],"picked":"Gash","floor":7.0},{"not_picked":["Leap","Self Repair"],"picked":"Hologram","floor":11.0},{"not_picked":["Amplify","Hyperbeam"],"picked":"Machine Learning","floor":16.0},{"not_picked":["Steam Power","Coolheaded"],"picked":"Conserve Battery","floor":18.0},{"not_picked":["Sunder+1","Stack","Hello World+1"],"picked":"SKIP","floor":19.0},{"not_picked":["Sweeping Beam","Melter"],"picked":"Hologram","floor":22.0},{"not_picked":["Doom and Gloom","Barrage","Loop"],"picked":"SKIP","floor":24.0},{"not_picked":["Beam Cell+1","Machine Learning"],"picked":"Steam","floor":27.0},{"not_picked":["Stack","Double Energy+1"],"picked":"Sweeping Beam","floor":29.0},{"not_picked":["Hyperbeam","Steam"],"picked":"Sweeping Beam+1","floor":30.0},{"not_picked":["Rainbow","Amplify"],"picked":"Machine Learning","floor":33.0},{"not_picked":["Conserve Battery","Storm+1"],"picked":"Coolheaded","floor":35.0},{"not_picked":["Stack+1","Rip and Tear+1","Turbo"],"picked":"SKIP","floor":38.0},{"not_picked":["Coolheaded+1","Auto Shields+1"],"picked":"Leap+1","floor":41.0},{"not_picked":["Amplify","Ball Lightning+1"],"picked":"Gash","floor":42.0},{"not_picked":["Deep Breath","Blind","Thinking Ahead"],"picked":"Singing Bowl","floor":44.0},{"not_picked":["Leap","Sweeping Beam+1","Barrage"],"picked":"Singing Bowl","floor":45.0},{"not_picked":["Heatsinks","Redo","Cold Snap"],"picked":"Singing Bowl","floor":46.0},{"not_picked":["Gash","Cold Snap+1","Leap+1"],"picked":"Singing Bowl","floor":47.0}],"player_experience":465045,"relics_obtained":[{"floor":9.0,"key":"Bottled Flame"},{"floor":14.0,"key":"Calipers"},{"floor":20.0,"key":"Meat on the Bone"},{"floor":22.0,"key":"Red Mask"},{"floor":24.0,"key":"Mango"},{"floor":26.0,"key":"Pear"},{"floor":27.0,"key":"Gambling Chip"},{"floor":30.0,"key":"Blood Vial"},{"floor":42.0,"key":"Singing Bowl"},{"floor":46.0,"key":"Du-Vu Doll"}],"event_choices":[{"damage_healed":0.0,"max_hp_gain":5.0,"max_hp_loss":0.0,"gold_gain":0.0,"event_name":"Big Fish","player_choice":"Donut","floor":2.0,"gold_loss":0.0,"damage_taken":0.0},{"damage_healed":0.0,"max_hp_gain":0.0,"max_hp_loss":0.0,"gold_gain":0.0,"event_name":"Scrap Ooze","player_choice":"Success","floor":3.0,"gold_loss":0.0,"damage_taken":25.0,"relics_obtained":["Happy Flower"]},{"damage_healed":0.0,"max_hp_gain":0.0,"max_hp_loss":0.0,"gold_gain":0.0,"event_name":"Liars Game","player_choice":"Ignored","floor":4.0,"gold_loss":0.0,"damage_taken":0.0},{"damage_healed":0.0,"max_hp_gain":0.0,"max_hp_loss":0.0,"gold_gain":0.0,"event_name":"Lab","player_choice":"Got Potions","floor":8.0,"gold_loss":0.0,"damage_taken":0.0},{"cards_removed":["Strike_B"],"damage_healed":0.0,"max_hp_gain":0.0,"max_hp_loss":0.0,"gold_gain":0.0,"event_name":"Beggar","player_choice":"Gave Gold","floor":21.0,"gold_loss":75.0,"damage_taken":0.0},{"damage_healed":0.0,"max_hp_gain":0.0,"max_hp_loss":0.0,"gold_gain":0.0,"event_name":"Masked Bandits","player_choice":"Fought Bandits","floor":22.0,"gold_loss":0.0,"damage_taken":0.0},{"damage_healed":0.0,"max_hp_gain":0.0,"max_hp_loss":0.0,"gold_gain":0.0,"event_name":"Accursed Blacksmith","player_choice":"Forge","floor":31.0,"gold_loss":0.0,"damage_taken":0.0,"cards_upgraded":["Steam"]},{"cards_removed":["Machine Learning"],"damage_healed":0.0,"max_hp_gain":0.0,"max_hp_loss":0.0,"gold_gain":0.0,"event_name":"Falling","player_choice":"Removed Power","floor":37.0,"gold_loss":0.0,"damage_taken":0.0},{"damage_healed":0.0,"max_hp_gain":0.0,"max_hp_loss":0.0,"gold_gain":222.0,"event_name":"Tomb of Lord Red Mask","player_choice":"Wore Mask","floor":39.0,"gold_loss":0.0,"damage_taken":0.0},{"damage_healed":0.0,"max_hp_gain":0.0,"max_hp_loss":0.0,"gold_gain":0.0,"event_name":"SensoryStone","player_choice":"Memory 1","floor":44.0,"gold_loss":0.0,"damage_taken":0.0},{"damage_healed":0.0,"max_hp_gain":0.0,"max_hp_loss":0.0,"gold_gain":0.0,"event_name":"Mysterious Sphere","player_choice":"Fight","floor":46.0,"gold_loss":0.0,"damage_taken":0.0}],"is_beta":false,"boss_relics":[{"not_picked":["Snecko Eye","Fusion Hammer"],"picked":"Nuclear Battery"},{"not_picked":["Eternal Feather","Velvet Choker"],"picked":"Runic Pyramid"}],"items_purged_floors":[13,36,48],"is_endless":false,"potions_floor_spawned":[1,11,18,22,30,33,35,46,47],"killed_by":"Shield and Spear","ascension_level":6}