{"gold_per_floor":[113,113,129,140,156,156,171,171,218,218,218,238,238,257,257,257],"floor_reached":16,"playtime":658,"items_purged":[],"score":99,"play_id":"a06b4290-34fc-4c97-bf69-2f6a33894285","local_time":"20190112165320","is_ascension_mode":true,"campfire_choices":[{"data":"Leg Sweep","floor":6,"key":"SMITH"},{"data":"Dagger Spray","floor":8,"key":"SMITH"},{"data":"Neutralize","floor":11,"key":"SMITH"},{"data":"Quick Slash","floor":15,"key":"SMITH"}],"neow_cost":"NONE","seed_source_timestamp":53034647460599,"circlet_count":0,"master_deck":["Defend_G","Defend_G","Defend_G","Defend_G","Defend_G","Strike_G","Strike_G","Strike_G","Strike_G","Survivor","Neutralize+1","Accuracy","Escape Plan","PiercingWail","Leg Sweep+1","Dagger Spray+1","Calculated Gamble","Quick Slash+1"],"relics":["Ring of the Snake","Ginger","Boot"],"potions_floor_usage":[],"damage_taken":[{"damage":0,"enemies":"Cultist","floor":1,"turns":5},{"damage":0,"enemies":"Small Slimes","floor":3,"turns":4},{"damage":0,"enemies":"2 Louse","floor":4,"turns":3},{"damage":7,"enemies":"Looter","floor":5,"turns":5},{"damage":0,"enemies":"Exordium Wildlife","floor":7,"turns":4},{"damage":0,"enemies":"3 Louse","floor":12,"turns":4},{"damage":7,"enemies":"Exordium Thugs","floor":14,"turns":7},{"damage":13,"enemies":"Slime Boss","floor":16,"turns":3}],"seed_played":"-6931797112237701452","potions_obtained":[{"floor":5,"key":"Fire Potion"},{"floor":12,"key":"SpeedPotion"},{"floor":14,"key":"GhostInAJar"}],"is_trial":false,"path_per_floor":["M","T","M","M","M","R","M","R","T","?","R","M","?","M","R","B"],"character_chosen":"THE_SILENT","items_purchased":[],"campfire_rested":0,"item_purchase_floors":[],"current_hp_per_floor":[77,77,77,77,70,70,70,70,70,70,70,70,63,56,56,43],"gold":257,"neow_bonus":"TEN_PERCENT_HP_BONUS","is_prod":false,"is_daily":false,"chose_seed":false,"campfire_upgraded":4,"win_rate":0,"timestamp":1547279600,"path_taken":["M","?","M","M","M","R","M","R","T","?","R","M","?","M","R","BOSS"],"build_version":"2019-01-10","purchased_purges":0,"victory":false,"max_hp_per_floor":[77,77,77,77,77,77,77,77,77,77,77,77,77,77,77,77],"card_choices":[{"not_picked":["Prepared","PiercingWail"],"picked":"Accuracy","floor":1},{"not_picked":["Dagger Spray","Crippling Poison"],"picked":"Escape Plan","floor":3},{"not_picked":["Deflect","Finisher"],"picked":"PiercingWail","floor":4},{"not_picked":["Bane","Deflect"],"picked":"Leg Sweep","floor":5},{"not_picked":["Poisoned Stab","Footwork"],"picked":"Dagger Spray","floor":7},{"not_picked":["Deflect","Concentrate"],"picked":"Calculated Gamble","floor":12},{"not_picked":["Underhanded Strike","Tactician"],"picked":"Quick Slash","floor":14}],"player_experience":125526,"relics_obtained":[{"floor":2,"key":"Ginger"},{"floor":9,"key":"Boot"}],"event_choices":[{"damage_healed":0,"gold_gain":0,"player_choice":"Ignored","damage_taken":0,"max_hp_gain":0,"max_hp_loss":0,"event_name":"Liars Game","floor":10,"gold_loss":0},{"cards_removed":["Strike_G"],"damage_healed":0,"gold_gain":0,"player_choice":"Card Removal","damage_taken":7,"max_hp_gain":0,"max_hp_loss":0,"event_name":"Golden Wing","floor":13,"gold_loss":0}],"is_beta":false,"boss_relics":[],"items_purged_floors":[],"is_endless":false,"potions_floor_spawned":[5,12,14],"killed_by":"Slime Boss","ascension_level":1}