{"gold_per_floor":[116,116,135,235,251,251,277,288,342,377,397,397,126,139,139,241,241,254,267,279,279,132,132,132],"floor_reached":24,"playtime":2130,"items_purged":["Strike_B"],"score":291,"play_id":"df778613-12ed-4442-95b2-f839d50533e5","local_time":"20181126181704","is_ascension_mode":true,"campfire_choices":[{"data":"Hologram","floor":6.0,"key":"SMITH"},{"data":"Coolheaded","floor":12.0,"key":"SMITH"},{"data":"Streamline","floor":15.0,"key":"SMITH"},{"floor":23,"key":"REST"}],"neow_cost":"NONE","seed_source_timestamp":0,"circlet_count":0,"master_deck":["Strike_B","Strike_B","Strike_B","Defend_B","Defend_B","Defend_B","Defend_B","Zap+1","Dualcast","Coolheaded+1","Gash","Hologram+1","Leap","Gash","Leap","Streamline+1","Buffer","Beam Cell","Chill","Coolheaded"],"special_seed":0,"relics":["Cracked Core","NeowsBlessing","PreservedInsect","Tiny Chest","Anchor","Sling","Cursed Key","Blood Vial"],"potions_floor_usage":[21,24],"damage_taken":[{"damage":0.0,"enemies":"Cultist","floor":1.0,"turns":1.0},{"damage":0.0,"enemies":"Jaw Worm","floor":3.0,"turns":1.0},{"damage":0.0,"enemies":"2 Louse","floor":5.0,"turns":1.0},{"damage":38.0,"enemies":"Gremlin Nob","floor":7.0,"turns":5.0},{"damage":0.0,"enemies":"Blue Slaver","floor":8.0,"turns":4.0},{"damage":9.0,"enemies":"3 Sentries","floor":10.0,"turns":6.0},{"damage":0.0,"enemies":"Exordium Wildlife","floor":11.0,"turns":3.0},{"damage":7.0,"enemies":"Exordium Thugs","floor":14.0,"turns":6.0},{"damage":8.0,"enemies":"The Guardian","floor":16.0,"turns":11.0},{"damage":13.0,"enemies":"2 Thieves","floor":18.0,"turns":5.0},{"damage":0.0,"enemies":"Shell Parasite","floor":19.0,"turns":6.0},{"damage":20,"enemies":"Snecko","floor":20,"turns":6},{"damage":26,"enemies":"Colosseum Slavers","floor":21,"turns":7},{"damage":39,"enemies":"Gremlin Leader","floor":24,"turns":6}],"seed_played":"220108577769953790","potions_obtained":[{"floor":1.0,"key":"Fire Potion"},{"floor":7.0,"key":"LiquidBronze"},{"floor":11.0,"key":"Dexterity Potion"},{"floor":18.0,"key":"Regen Potion"}],"is_trial":false,"path_per_floor":["M","?","M","?","M","R","E","M","T","E","M","R","$","M","R","B",null,"M","M","M","?","$","R","E"],"character_chosen":"DEFECT","items_purchased":["Sling","Blood Vial"],"campfire_rested":1,"item_purchase_floors":[13,22],"current_hp_per_floor":[68,68,68,68,68,68,30,30,30,21,21,21,21,14,14,6,58,45,45,25,14,14,36,0],"gold":132,"neow_bonus":"THREE_ENEMY_KILL","is_prod":false,"is_daily":false,"chose_seed":false,"campfire_upgraded":3,"win_rate":0,"timestamp":1543274224,"path_taken":["M","?","?","?","?","R","E","M","T","E","M","R","$","M","R","BOSS","M","M","M","?","$","R","E"],"build_version":"2018-11-15","purchased_purges":1,"victory":false,"max_hp_per_floor":[75,75,75,75,75,75,75,75,75,75,75,75,75,75,75,75,75,75,75,75,75,75,75,75],"card_choices":[{"not_picked":["Blizzard","Leap"],"picked":"Coolheaded","floor":1.0},{"not_picked":["Conserve Battery","Ball Lightning"],"picked":"Gash","floor":3.0},{"not_picked":["Double Energy","Beam Cell"],"picked":"Hologram","floor":5.0},{"not_picked":["BootSequence","Skim"],"picked":"Leap","floor":7.0},{"not_picked":["Conserve Battery","Rip and Tear"],"picked":"Gash","floor":8.0},{"not_picked":["Hello World","Sunder","Steam Power"],"picked":"SKIP","floor":10.0},{"not_picked":["Stack","Compile Driver"],"picked":"Leap","floor":11.0},{"not_picked":["Glacier","Force Field"],"picked":"Streamline","floor":14.0},{"not_picked":["Amplify","Multi-Cast"],"picked":"Buffer","floor":16.0},{"not_picked":["Stack","Ball Lightning"],"picked":"Beam Cell","floor":18.0},{"not_picked":["Steam Power","Lockon"],"picked":"Chill","floor":19.0},{"not_picked":["Conserve Battery","Self Repair"],"picked":"Coolheaded","floor":20}],"player_experience":557395,"relics_obtained":[{"floor":7.0,"key":"PreservedInsect"},{"floor":9.0,"key":"Tiny Chest"},{"floor":10.0,"key":"Anchor"}],"event_choices":[{"damage_healed":0.0,"max_hp_gain":0.0,"max_hp_loss":0.0,"gold_gain":0.0,"event_name":"Upgrade Shrine","player_choice":"Upgraded","floor":2.0,"gold_loss":0.0,"damage_taken":0.0,"cards_upgraded":["Zap"]},{"damage_healed":0.0,"max_hp_gain":0.0,"max_hp_loss":0.0,"gold_gain":100.0,"event_name":"Golden Shrine","player_choice":"Pray","floor":4.0,"gold_loss":0.0,"damage_taken":0.0},{"damage_healed":0,"gold_gain":0,"player_choice":"Fight","damage_taken":0,"max_hp_gain":0,"max_hp_loss":0,"event_name":"Colosseum","floor":21,"gold_loss":0},{"damage_healed":0,"gold_gain":0,"player_choice":"Fled From Nobs","damage_taken":0,"max_hp_gain":0,"max_hp_loss":0,"event_name":"Colosseum","floor":21,"gold_loss":0}],"is_beta":false,"boss_relics":[{"not_picked":["FrozenCore","Orrery"],"picked":"Cursed Key"}],"items_purged_floors":[13],"is_endless":false,"potions_floor_spawned":[1,7,11,14,18,21],"killed_by":"Gremlin Leader","ascension_level":8}