{"gold_per_floor":[114,124,124,136,156,156,186,186,186,2,18,318,318,336,336,460,460,479,479],"floor_reached":19,"playtime":1985,"items_purged":["Strike_B"],"score":169,"play_id":"fe9b257e-cb41-4158-9509-e91a4a5027d5","local_time":"20181022212514","is_ascension_mode":false,"campfire_choices":[{"data":"Defragment","floor":6,"key":"SMITH"},{"floor":15,"key":"REST"}],"neow_cost":"NONE","seed_source_timestamp":941716133726642,"circlet_count":0,"master_deck":["Strike_B","Strike_B","Defend_B","Defend_B","Defend_B","Defend_B","Zap","Dualcast","Reprogram","Gash","Defragment+1","White Noise","Cold Snap","Scrape","Tempest","Gash","Rebound","Creative AI","Coolheaded"],"relics":["Cracked Core","Darkstone Periapt","Golden Idol","Ornamental Fan","Old Coin","White Beast Statue"],"potions_floor_usage":[14,16,16,19,19],"damage_taken":[{"damage":0,"enemies":"Small Slimes","floor":1,"turns":4},{"damage":1,"enemies":"Jaw Worm","floor":2,"turns":4},{"damage":1,"enemies":"Cultist","floor":4,"turns":4},{"damage":19,"enemies":"Exordium Wildlife","floor":5,"turns":4},{"damage":30,"enemies":"3 Sentries","floor":7,"turns":8},{"damage":9,"enemies":"3 Louse","floor":11,"turns":4},{"damage":6,"enemies":"2 Fungi Beasts","floor":14,"turns":3},{"damage":32,"enemies":"The Guardian","floor":16,"turns":9},{"damage":27,"enemies":"Spheric Guardian","floor":18,"turns":4},{"damage":47,"enemies":"Colosseum Slavers","floor":19,"turns":4},{"damage":22,"enemies":"Colosseum Nobs","floor":19,"turns":2}],"seed_played":"-6820031862753623843","potions_obtained":[{"floor":5,"key":"Explosive Potion"},{"floor":7,"key":"Regen Potion"},{"floor":11,"key":"EssenceOfSteel"},{"floor":14,"key":"Ancient Potion"},{"floor":18,"key":"Dexterity Potion"}],"is_trial":false,"path_per_floor":["M","M","?","M","M","R","E","?","T","$","M","T","?","M","R","B",null,"M"],"character_chosen":"DEFECT","items_purchased":["Scrape","Tempest"],"campfire_rested":1,"item_purchase_floors":[10,10],"current_hp_per_floor":[82,81,86,85,66,66,36,15,15,15,6,6,6,9,35,3,87,60,0],"gold":479,"neow_bonus":"TEN_PERCENT_HP_BONUS","is_prod":false,"is_daily":false,"chose_seed":false,"campfire_upgraded":1,"win_rate":0.0,"timestamp":1540257914,"path_taken":["M","M","?","M","M","R","E","?","T","$","M","?","?","M","R","BOSS","M","?"],"build_version":"2018-10-18","purchased_purges":1,"victory":false,"max_hp_per_floor":[82,82,87,87,87,87,87,87,87,87,87,87,87,87,87,87,87,87,87],"card_choices":[{"not_picked":["Stack","Cold Snap"],"picked":"Reprogram","floor":1},{"not_picked":["Steam","Sweeping Beam"],"picked":"Gash","floor":2},{"not_picked":["Reprogram","Go for the Eyes"],"picked":"Defragment","floor":4},{"not_picked":["Undo","Aggregate"],"picked":"White Noise","floor":5},{"not_picked":["Hologram","Stack"],"picked":"Cold Snap","floor":7},{"not_picked":["Stack","Sweeping Beam","Scrape"],"picked":"SKIP","floor":11},{"not_picked":["Aggregate","BootSequence"],"picked":"Rebound","floor":14},{"not_picked":["Electrodynamics","Buffer"],"picked":"Creative AI","floor":16},{"not_picked":["Fusion","Redo"],"picked":"Coolheaded","floor":18}],"player_experience":25283,"relics_obtained":[{"floor":7,"key":"Darkstone Periapt"},{"floor":9,"key":"Ornamental Fan"},{"floor":12,"key":"Old Coin"}],"event_choices":[{"damage_healed":0,"gold_gain":0,"player_choice":"Donut","damage_taken":0,"max_hp_gain":5,"max_hp_loss":0,"event_name":"Big Fish","floor":3,"gold_loss":0},{"damage_healed":0,"gold_gain":0,"player_choice":"Take Damage","damage_taken":21,"relics_obtained":["Golden Idol"],"max_hp_gain":0,"max_hp_loss":0,"event_name":"Golden Idol","floor":8,"gold_loss":0},{"damage_healed":0,"gold_gain":0,"cards_transformed":["Strike_B"],"player_choice":"Change","damage_taken":0,"max_hp_gain":0,"max_hp_loss":0,"event_name":"Living Wall","floor":13,"gold_loss":0,"cards_obtained":["Gash"]},{"damage_healed":0,"gold_gain":0,"player_choice":"Fight","damage_taken":0,"max_hp_gain":0,"max_hp_loss":0,"event_name":"Colosseum","floor":19,"gold_loss":0},{"damage_healed":0,"gold_gain":0,"player_choice":"Fought Nobs","damage_taken":0,"max_hp_gain":0,"max_hp_loss":0,"event_name":"Colosseum","floor":19,"gold_loss":0}],"is_beta":false,"boss_relics":[{"not_picked":["Fusion Hammer","Philosopher\u0027s Stone"],"picked":"White Beast Statue"}],"items_purged_floors":[10],"is_endless":false,"potions_floor_spawned":[5,7,11,14,18,19],"killed_by":"Colosseum Nobs","ascension_level":0}