{"gold_per_floor":[119,136,154,170,170,190,190,215,265,265,347,347,357,357,357,458,458,469,469,409,423,437,437,468,478,524,539,539,552,552,571,571,672,672,690,500,513,513,513,528,528,544,595,621,1021,21,21,40,40,40,40,40,0,30,30],"floor_reached":55,"playtime":7049,"items_purged":["Defend_B","Strike_B"],"score":721,"play_id":"c76ac686-b69b-4f2f-8676-ceaf109f2d30","local_time":"20190109005609","is_ascension_mode":false,"campfire_choices":[{"data":"Zap","floor":7,"key":"SMITH"},{"floor":12,"key":"REST"},{"data":"Dualcast","floor":15,"key":"SMITH"},{"floor":23,"key":"REST"},{"data":"Electrodynamics","floor":28,"key":"SMITH"},{"data":"Sweeping Beam","floor":30,"key":"SMITH"},{"floor":32,"key":"REST"},{"floor":41,"key":"RECALL"},{"data":"Seek","floor":49,"key":"SMITH"},{"data":"Go for the Eyes","floor":52,"key":"SMITH"}],"neow_cost":"NONE","seed_source_timestamp":4360792741340,"circlet_count":0,"master_deck":["Strike_B+1","Defend_B","Defend_B","Defend_B","Zap+1","Dualcast+1","Leap+1","Conserve Battery","FTL","Sweeping Beam+1","Skim","Defragment+1","Conserve Battery+1","Go for the Eyes+1","Go for the Eyes+1","Streamline+1","Electrodynamics+1","Static Discharge+1","Conserve Battery","Seek+1","Steam+1","Panache","Conserve Battery+1","Steam+1"],"relics":["Cracked Core","Whetstone","Matryoshka","Ornamental Fan","Regal Pillow","The Courier","Lizard Tail","Oddly Smooth Stone","Lantern","Eternal Feather","Vajra","Turnip","Old Coin","Anchor","Juzu Bracelet","Incense Burner","Runic Capacitor","Bag of Preparation","Bottled Tornado","Art of War"],"potions_floor_usage":[6,16,18,18,25,25,35,40,44,50,55],"damage_taken":[{"damage":0,"enemies":"Small Slimes","floor":1,"turns":2},{"damage":1,"enemies":"Jaw Worm","floor":2,"turns":3},{"damage":2,"enemies":"2 Louse","floor":3,"turns":2},{"damage":4,"enemies":"Exordium Thugs","floor":4,"turns":4},{"damage":17,"enemies":"Large Slime","floor":6,"turns":5},{"damage":5,"enemies":"Gremlin Nob","floor":8,"turns":3},{"damage":0,"enemies":"3 Louse","floor":13,"turns":4},{"damage":41,"enemies":"Hexaghost","floor":16,"turns":9},{"damage":8,"enemies":"Shell Parasite","floor":18,"turns":4},{"damage":8,"enemies":"Spheric Guardian","floor":21,"turns":4},{"damage":18,"enemies":"Snake Plant","floor":22,"turns":5},{"damage":18,"enemies":"Slavers","floor":24,"turns":5},{"damage":3,"enemies":"3 Cultists","floor":25,"turns":6},{"damage":17,"enemies":"Shelled Parasite and Fungi","floor":27,"turns":7},{"damage":4,"enemies":"Centurion and Healer","floor":29,"turns":4},{"damage":7,"enemies":"Snecko","floor":31,"turns":5},{"damage":70,"enemies":"Automaton","floor":33,"turns":8},{"damage":26,"enemies":"3 Shapes","floor":35,"turns":5},{"damage":10,"enemies":"3 Darklings","floor":37,"turns":2},{"damage":7,"enemies":"Writhing Mass","floor":40,"turns":5},{"damage":10,"enemies":"Sphere and 2 Shapes","floor":42,"turns":4},{"damage":65,"enemies":"Nemesis","floor":44,"turns":9},{"damage":6,"enemies":"Mind Bloom Boss Battle","floor":45,"turns":7},{"damage":0,"enemies":"Maw","floor":48,"turns":8},{"damage":59,"enemies":"Time Eater","floor":50,"turns":12},{"damage":29,"enemies":"Shield and Spear","floor":54,"turns":5},{"damage":45,"enemies":"The Heart","floor":55,"turns":4}],"seed_played":"-6678099672999717395","potions_obtained":[{"floor":2,"key":"AttackPotion"},{"floor":6,"key":"Fire Potion"},{"floor":8,"key":"Swift Potion"},{"floor":16,"key":"Fire Potion"},{"floor":18,"key":"Regen Potion"},{"floor":24,"key":"SkillPotion"},{"floor":27,"key":"SpeedPotion"},{"floor":31,"key":"Ancient Potion"},{"floor":37,"key":"AttackPotion"},{"floor":44,"key":"SpeedPotion"}],"is_trial":false,"path_per_floor":["M","M","M","M","?","M","R","E","T","?","T","R","M","?","R","B",null,"M","?","$","M","M","R","E","M","T","M","R","M","R","M","R","B",null,"M","$","M","?","?","M","R","M","T","E","?","$","?","M","R","B",null,"R","$","E","B"],"character_chosen":"DEFECT","items_purchased":["Seek","Anchor","Juzu Bracelet","Incense Burner","Runic Capacitor","Bag of Preparation","Bottled Tornado","Energy Potion","Dexterity Potion"],"campfire_rested":3,"item_purchase_floors":[36,46,46,46,46,46,46,46,53],"current_hp_per_floor":[75,74,72,68,61,44,44,39,39,24,24,61,61,66,66,25,80,72,57,57,49,31,71,53,65,65,48,48,44,44,37,77,7,85,59,59,49,49,49,42,54,44,44,42,36,36,74,74,74,15,74,74,74,45,0],"gold":30,"neow_bonus":"RANDOM_COMMON_RELIC","is_prod":false,"is_daily":false,"chose_seed":false,"campfire_upgraded":6,"win_rate":0,"timestamp":1546962969,"path_taken":["M","M","M","M","?","M","R","E","T","?","?","R","M","?","R","BOSS","M","?","$","M","M","R","E","M","T","M","R","M","R","M","R","BOSS","M","$","M","?","?","M","R","M","T","E","?","$","?","M","R","BOSS","R","$","E","BOSS"],"build_version":"2019-01-03v4","purchased_purges":2,"victory":false,"max_hp_per_floor":[75,75,75,75,75,75,75,75,75,75,75,75,75,80,80,80,80,80,85,85,85,85,85,85,85,85,85,85,85,85,85,85,85,85,85,85,85,85,85,85,85,85,85,85,85,85,74,74,74,74,74,74,74,74,74],"card_choices":[{"not_picked":["Beam Cell","Coolheaded"],"picked":"Leap","floor":1},{"not_picked":["Leap","Streamline"],"picked":"Conserve Battery","floor":2},{"not_picked":["Conserve Battery","Turbo"],"picked":"FTL","floor":3},{"not_picked":["Consume","Streamline"],"picked":"Sweeping Beam","floor":4},{"not_picked":["Cold Snap","Doom and Gloom"],"picked":"Skim","floor":6},{"not_picked":["Melter","Reprogram"],"picked":"Defragment","floor":8},{"not_picked":["Scrape","Chill","Meteor Strike"],"picked":"SKIP","floor":13},{"not_picked":["Rebound","Compile Driver"],"picked":"Conserve Battery+1","floor":18},{"not_picked":["Streamline","Hologram"],"picked":"Go for the Eyes","floor":21},{"not_picked":["Chaos","Darkness","Capacitor"],"picked":"SKIP","floor":22},{"not_picked":["Rebound","Doom and Gloom"],"picked":"Go for the Eyes+1","floor":24},{"not_picked":["Go for the Eyes","Leap"],"picked":"Streamline+1","floor":25},{"not_picked":["Go for the Eyes","Melter"],"picked":"Electrodynamics","floor":27},{"not_picked":["Heatsinks","Sweeping Beam","Static Discharge"],"picked":"SKIP","floor":29},{"not_picked":["Rebound","Heatsinks"],"picked":"Static Discharge+1","floor":31},{"not_picked":["Heatsinks","Compile Driver"],"picked":"Conserve Battery","floor":35},{"not_picked":["Stack","Gash"],"picked":"Steam+1","floor":37},{"not_picked":["Dramatic Entrance","Mind Blast"],"picked":"Panache","floor":39},{"not_picked":["Go for the Eyes+1","Stack+1"],"picked":"Conserve Battery+1","floor":40},{"not_picked":["Beam Cell+1","Rebound","Cold Snap+1"],"picked":"SKIP","floor":42},{"not_picked":["Melter","Recycle","Reinforced Body"],"picked":"SKIP","floor":44},{"not_picked":["Multi-Cast","Go for the Eyes","Tempest+1"],"picked":"SKIP","floor":48},{"not_picked":["Leap","Sunder"],"picked":"Steam+1","floor":54}],"player_experience":100296,"relics_obtained":[{"floor":8,"key":"Matryoshka"},{"floor":9,"key":"Ornamental Fan"},{"floor":9,"key":"Regal Pillow"},{"floor":11,"key":"The Courier"},{"floor":24,"key":"Oddly Smooth Stone"},{"floor":26,"key":"Lantern"},{"floor":43,"key":"Vajra"},{"floor":44,"key":"Turnip"},{"floor":45,"key":"Old Coin"},{"floor":54,"key":"Art of War"}],"event_choices":[{"cards_removed":["Strike_B"],"damage_healed":0,"gold_gain":0,"player_choice":"Card Removal","damage_taken":7,"max_hp_gain":0,"max_hp_loss":0,"event_name":"Golden Wing","floor":5,"gold_loss":0},{"damage_healed":0,"gold_gain":0,"player_choice":"Entered Light","damage_taken":15,"max_hp_gain":0,"max_hp_loss":0,"event_name":"Shining Light","floor":10,"gold_loss":0,"cards_upgraded":["Leap","Defragment"]},{"damage_healed":0,"gold_gain":0,"player_choice":"Donut","damage_taken":0,"max_hp_gain":5,"max_hp_loss":0,"event_name":"Big Fish","floor":14,"gold_loss":0},{"damage_healed":0,"gold_gain":0,"player_choice":"Shed Blood","damage_taken":20,"max_hp_gain":5,"max_hp_loss":0,"event_name":"Forgotten Altar","floor":19,"gold_loss":0},{"cards_removed":["Strike_B"],"damage_healed":0,"gold_gain":0,"player_choice":"Removed Attack","damage_taken":0,"max_hp_gain":0,"max_hp_loss":0,"event_name":"Falling","floor":38,"gold_loss":0},{"damage_healed":0,"gold_gain":0,"player_choice":"Memory 1","damage_taken":0,"max_hp_gain":0,"max_hp_loss":0,"event_name":"SensoryStone","floor":39,"gold_loss":0},{"damage_healed":0,"gold_gain":0,"player_choice":"Fight","damage_taken":0,"max_hp_gain":0,"max_hp_loss":0,"event_name":"MindBloom","floor":45,"gold_loss":0},{"damage_healed":74,"gold_gain":0,"player_choice":"Heal","damage_taken":0,"max_hp_gain":0,"max_hp_loss":11,"event_name":"The Moai Head","floor":47,"gold_loss":0}],"is_beta":false,"boss_relics":[{"not_picked":["Black Star","Nuclear Battery"],"picked":"Lizard Tail"},{"not_picked":["White Beast Statue","Orrery"],"picked":"Eternal Feather"}],"items_purged_floors":[20,36],"is_endless":false,"potions_floor_spawned":[2,6,8,16,18,24,27,31,37,44],"killed_by":"The Heart","ascension_level":0}