{"gold_per_floor":[116,116,134,154,173,173,198,198,246,263,331,381,407,419,419,419],"floor_reached":16,"playtime":901,"items_purged":[],"score":114,"play_id":"49a44b68-f4f8-4222-9bc8-b635ad5b953c","local_time":"20181201191359","is_ascension_mode":false,"campfire_choices":[{"data":"Thunderclap","floor":6,"key":"SMITH"},{"data":"Bash","floor":8,"key":"SMITH"},{"floor":15,"key":"REST"}],"neow_cost":"NONE","seed_source_timestamp":33825701957300,"circlet_count":0,"master_deck":["Strike_R","Strike_R","Strike_R","Strike_R","Defend_R","Defend_R","Defend_R","Defend_R","Bash+1","Sword Boomerang","Thunderclap+1","Havoc","Exhume","Armaments","Pommel Strike","Clothesline","Cleave"],"relics":["Burning Blood","SsserpentHead","Letter Opener","Bag of Marbles","Blood Vial"],"potions_floor_usage":[13,13,16,16],"damage_taken":[{"damage":10,"enemies":"Jaw Worm","floor":1,"turns":4},{"damage":6,"enemies":"Cultist","floor":3,"turns":3},{"damage":10,"enemies":"Small Slimes","floor":4,"turns":2},{"damage":49,"enemies":"Gremlin Gang","floor":5,"turns":7},{"damage":20,"enemies":"Gremlin Nob","floor":7,"turns":4},{"damage":0,"enemies":"Large Slime","floor":10,"turns":4},{"damage":10,"enemies":"Looter","floor":11,"turns":3},{"damage":24,"enemies":"Lagavulin","floor":13,"turns":7},{"damage":6,"enemies":"3 Louse","floor":14,"turns":2},{"damage":39,"enemies":"The Guardian","floor":16,"turns":6}],"seed_played":"-2134692031981553986","potions_obtained":[{"floor":3,"key":"EssenceOfSteel"},{"floor":4,"key":"Dexterity Potion"},{"floor":13,"key":"Strength Potion"},{"floor":14,"key":"Poison Potion"}],"is_trial":false,"path_per_floor":["M","?","M","M","M","R","E","R","T","M","M","?","E","M","R","B"],"character_chosen":"IRONCLAD","items_purchased":[],"campfire_rested":1,"item_purchase_floors":[],"current_hp_per_floor":[84,84,84,80,37,37,23,23,23,29,25,25,7,9,35,0],"gold":419,"neow_bonus":"TEN_PERCENT_HP_BONUS","is_prod":false,"is_daily":false,"chose_seed":false,"campfire_upgraded":2,"win_rate":0,"timestamp":1543662839,"path_taken":["M","?","M","M","M","R","E","R","T","M","?","?","E","M","R","BOSS"],"build_version":"2018-11-15","purchased_purges":0,"victory":false,"max_hp_per_floor":[88,88,88,88,88,88,88,88,88,88,88,88,88,88,88,88],"card_choices":[{"not_picked":["Pommel Strike","Havoc"],"picked":"Sword Boomerang","floor":1},{"not_picked":["Twin Strike","Pommel Strike"],"picked":"Thunderclap","floor":3},{"not_picked":["Perfected Strike","Clash","Sever Soul"],"picked":"SKIP","floor":4},{"not_picked":["Reckless Charge","Carnage"],"picked":"Havoc","floor":5},{"not_picked":["Combust","Warcry"],"picked":"Exhume","floor":7},{"not_picked":["Searing Blow","Reckless Charge"],"picked":"Armaments","floor":10},{"not_picked":["Wild Strike","Body Slam"],"picked":"Pommel Strike","floor":11},{"not_picked":["Heavy Blade","Exhume"],"picked":"Clothesline","floor":13},{"not_picked":["Flame Barrier","Pommel Strike"],"picked":"Cleave","floor":14}],"player_experience":53924,"relics_obtained":[{"floor":7,"key":"Letter Opener"},{"floor":9,"key":"Bag of Marbles"},{"floor":13,"key":"Blood Vial"}],"event_choices":[{"damage_healed":0,"gold_gain":0,"player_choice":"Trade","damage_taken":0,"relics_obtained":["SsserpentHead"],"max_hp_gain":0,"max_hp_loss":0,"event_name":"FaceTrader","floor":2,"gold_loss":0},{"cards_removed":["Strike_R"],"damage_healed":0,"gold_gain":0,"player_choice":"Purged","damage_taken":0,"max_hp_gain":0,"max_hp_loss":0,"event_name":"Purifier","floor":12,"gold_loss":0}],"is_beta":false,"boss_relics":[],"items_purged_floors":[],"is_endless":false,"potions_floor_spawned":[3,4,13,14],"killed_by":"The Guardian","ascension_level":0}