{"gold_per_floor":[110,110,35,35,58,73,73,98,98,111,111,144,144],"floor_reached":13,"playtime":449,"items_purged":["Strike_R"],"score":94,"play_id":"5e919142-a0f2-4057-80cb-010f453f1415","local_time":"20190205091733","is_ascension_mode":true,"campfire_choices":[{"floor":11,"key":"REST"}],"neow_cost":"PERCENT_DAMAGE","seed_source_timestamp":975681852464840,"circlet_count":0,"master_deck":["Strike_R","Defend_R","Defend_R","Defend_R","Defend_R","Bash","Rampage","Carnage","Warcry","Shrug It Off"],"relics":["Burning Blood","Golden Idol","Blood Vial","Shuriken"],"potions_floor_usage":[12,12],"damage_taken":[{"damage":0,"enemies":"2 Louse","floor":1,"turns":2},{"damage":14,"enemies":"Small Slimes","floor":5,"turns":4},{"damage":4,"enemies":"Jaw Worm","floor":6,"turns":3},{"damage":10,"enemies":"Large Slime","floor":8,"turns":5},{"damage":5,"enemies":"3 Louse","floor":10,"turns":3},{"damage":15,"enemies":"Gremlin Nob","floor":12,"turns":4},{"damage":19,"enemies":"Lots of Slimes","floor":13,"turns":3}],"seed_played":"-8978321178390320275","potions_obtained":[{"floor":5,"key":"Dexterity Potion"},{"floor":10,"key":"EssenceOfSteel"},{"floor":12,"key":"EntropicBrew"}],"is_trial":false,"path_per_floor":["M","?","$","?","M","M","$","M","T","M","R","E","M"],"character_chosen":"IRONCLAD","items_purchased":[],"campfire_rested":1,"item_purchase_floors":[],"current_hp_per_floor":[62,62,62,42,34,36,36,32,32,35,59,52,35],"gold":144,"neow_bonus":"TRANSFORM_TWO_CARDS","is_prod":false,"is_daily":false,"chose_seed":false,"campfire_upgraded":0,"win_rate":0,"timestamp":1549325853,"path_taken":["M","?","$","?","M","M","$","?","T","M","R","E","M"],"build_version":"2019-01-23","purchased_purges":1,"victory":false,"max_hp_per_floor":[80,80,80,80,80,80,80,80,80,80,80,80,80],"card_choices":[{"not_picked":["Headbutt","Reckless Charge"],"picked":"Warcry","floor":1},{"not_picked":["Perfected Strike","Clash"],"picked":"Shrug It Off","floor":5},{"not_picked":["Disarm","Wild Strike","Body Slam"],"picked":"SKIP","floor":6},{"not_picked":["Carnage","Fire Breathing","Rage"],"picked":"SKIP","floor":8},{"not_picked":["Anger","Body Slam","Hemokinesis"],"picked":"SKIP","floor":10},{"not_picked":["Intimidate","Entrench","Perfected Strike"],"picked":"SKIP","floor":12}],"player_experience":188557,"relics_obtained":[{"floor":9,"key":"Blood Vial"},{"floor":12,"key":"Shuriken"}],"event_choices":[{"cards_removed":["Strike_R"],"damage_healed":0,"gold_gain":0,"player_choice":"Forget","damage_taken":0,"max_hp_gain":0,"max_hp_loss":0,"event_name":"Living Wall","floor":2,"gold_loss":0},{"damage_healed":0,"gold_gain":0,"player_choice":"Take Damage","damage_taken":20,"relics_obtained":["Golden Idol"],"max_hp_gain":0,"max_hp_loss":0,"event_name":"Golden Idol","floor":4,"gold_loss":0}],"is_beta":false,"boss_relics":[],"items_purged_floors":[3],"is_endless":false,"potions_floor_spawned":[5,10,12],"killed_by":"Lots of Slimes","ascension_level":2}