{"gold_per_floor":[112,131,141,241,252,252,269,269,314,314,314,333,333,349,349,444,444,456,381,431,444,463,463,463],"floor_reached":24,"playtime":1374,"items_purged":[],"score":190,"play_id":"b0caa73c-0e0f-459d-a451-e465764e7a72","local_time":"20181224102511","is_ascension_mode":false,"campfire_choices":[{"data":"Pommel Strike","floor":6,"key":"SMITH"},{"data":"Headbutt","floor":8,"key":"SMITH"},{"data":"Shrug It Off","floor":10,"key":"SMITH"},{"floor":15,"key":"REST"},{"floor":23,"key":"REST"}],"neow_cost":"NONE","seed_source_timestamp":260186474372801,"circlet_count":0,"master_deck":["Strike_R","Strike_R","Strike_R","Strike_R","Defend_R","Defend_R","Defend_R","Defend_R","Shrug It Off+1","Flex","Pommel Strike+1","Headbutt+1","Flex","Cleave","Warcry+1","Double Tap+1","Armaments+1","Infernal Blade+1","Pommel Strike","Flex+1"],"relics":["Burning Blood","Dream Catcher","Toxic Egg 2","Eternal Feather","Potion Belt"],"potions_floor_usage":[7,16,21],"damage_taken":[{"damage":12,"enemies":"Small Slimes","floor":1,"turns":3},{"damage":9,"enemies":"Cultist","floor":2,"turns":4},{"damage":6,"enemies":"2 Louse","floor":3,"turns":4},{"damage":6,"enemies":"2 Fungi Beasts","floor":5,"turns":3},{"damage":5,"enemies":"Exordium Thugs","floor":7,"turns":4},{"damage":2,"enemies":"Lots of Slimes","floor":12,"turns":6},{"damage":18,"enemies":"Gremlin Gang","floor":14,"turns":4},{"damage":83,"enemies":"The Guardian","floor":16,"turns":11},{"damage":20,"enemies":"3 Byrds","floor":18,"turns":5},{"damage":22,"enemies":"Chosen","floor":21,"turns":6},{"damage":35,"enemies":"Centurion and Healer","floor":22,"turns":7},{"damage":75,"enemies":"Gremlin Leader","floor":24,"turns":6}],"seed_played":"-5734078335828979086","potions_obtained":[{"floor":1,"key":"Block Potion"},{"floor":5,"key":"GamblersBrew"},{"floor":12,"key":"Strength Potion"},{"floor":22,"key":"SpeedPotion"}],"is_trial":false,"path_per_floor":["M","M","M","?","M","R","M","R","T","R","?","M","?","M","R","B",null,"M","?","T","M","M","R","E"],"character_chosen":"IRONCLAD","items_purchased":[],"campfire_rested":2,"item_purchase_floors":[],"current_hp_per_floor":[82,79,79,79,79,79,80,80,80,80,80,84,81,69,88,11,88,74,74,74,58,29,64,0],"gold":463,"neow_bonus":"TEN_PERCENT_HP_BONUS","is_prod":false,"is_daily":false,"chose_seed":false,"campfire_upgraded":3,"win_rate":0.0,"timestamp":1545614711,"path_taken":["M","M","M","?","M","R","?","R","T","R","?","M","?","M","R","BOSS","M","?","?","M","?","R","E"],"build_version":"2018-12-20","purchased_purges":0,"victory":false,"max_hp_per_floor":[88,88,88,88,88,88,88,88,88,88,88,88,88,88,88,88,88,88,88,88,88,88,88,88],"card_choices":[{"not_picked":["Twin Strike","Headbutt"],"picked":"Shrug It Off","floor":1},{"not_picked":["Disarm","Ghostly Armor"],"picked":"Flex","floor":2},{"not_picked":["Thunderclap","Heavy Blade"],"picked":"Pommel Strike","floor":3},{"not_picked":["Perfected Strike","True Grit","Uppercut"],"picked":"SKIP","floor":5},{"not_picked":["Shockwave","Body Slam"],"picked":"Headbutt","floor":7},{"not_picked":["Ghostly Armor","Bludgeon"],"picked":"Flex","floor":12},{"not_picked":["Sword Boomerang","Iron Wave"],"picked":"Cleave","floor":14},{"not_picked":["Thunderclap","Rampage"],"picked":"Warcry+1","floor":15},{"not_picked":["Barricade","Reaper"],"picked":"Double Tap+1","floor":16},{"not_picked":["Headbutt+1","Shockwave+1"],"picked":"Armaments+1","floor":18},{"not_picked":["Reckless Charge","Battle Trance+1"],"picked":"Infernal Blade+1","floor":21},{"not_picked":["Clothesline+1","Headbutt"],"picked":"Pommel Strike","floor":22},{"not_picked":["Heavy Blade","Dark Embrace"],"picked":"Flex+1","floor":23}],"player_experience":34626,"relics_obtained":[{"floor":9,"key":"Dream Catcher"},{"floor":20,"key":"Potion Belt"}],"event_choices":[{"damage_healed":0,"gold_gain":100,"player_choice":"Gold","damage_taken":0,"max_hp_gain":0,"max_hp_loss":0,"event_name":"Wheel of Change","floor":4,"gold_loss":0},{"cards_removed":["Bash"],"damage_healed":0,"gold_gain":0,"player_choice":"Forget","damage_taken":0,"max_hp_gain":0,"max_hp_loss":0,"event_name":"Living Wall","floor":11,"gold_loss":0},{"damage_healed":0,"gold_gain":0,"player_choice":"Success","damage_taken":3,"relics_obtained":["Toxic Egg 2"],"max_hp_gain":0,"max_hp_loss":0,"event_name":"Scrap Ooze","floor":13,"gold_loss":0},{"cards_removed":["Strike_R"],"damage_healed":0,"gold_gain":0,"player_choice":"Gave Gold","damage_taken":0,"max_hp_gain":0,"max_hp_loss":0,"event_name":"Beggar","floor":19,"gold_loss":75}],"is_beta":false,"boss_relics":[{"not_picked":["White Beast Statue","Runic Dome"],"picked":"Eternal Feather"}],"items_purged_floors":[],"is_endless":false,"potions_floor_spawned":[1,5,12,22],"killed_by":"Gremlin Leader","ascension_level":0}