{"gold_per_floor":[113,113,79,103,15,48,48,91,91,91,109,133,156,171,171,296,296,314,314,41,57,57,57,57,81,81,81,101,101,101,14,14,112,112,126,0,100,12,22,22,22,51,78,78,98,116,116,130,130,130],"floor_reached":51,"playtime":4361,"items_purged":["Strike_B","Strike_B"],"score":730,"play_id":"d86a3336-c6bf-442b-b4d8-c39bd2a7ed29","local_time":"20181029010312","is_ascension_mode":true,"campfire_choices":[{"floor":7,"key":"REST"},{"data":"Chaos","floor":10,"key":"SMITH"},{"floor":15,"key":"REST"},{"data":"Defragment","floor":23,"key":"SMITH"},{"data":"Sunder","floor":24,"key":"SMITH"},{"data":"Storm","floor":27,"key":"SMITH"},{"floor":32,"key":"REST"},{"data":"Heatsinks","floor":40,"key":"SMITH"},{"floor":44,"key":"REST"},{"data":"Defragment","floor":47,"key":"SMITH"},{"data":"Biased Cognition","floor":49,"key":"SMITH"}],"neow_cost":"NONE","seed_source_timestamp":1263621639304430,"circlet_count":0,"master_deck":["Strike_B","Defend_B","Defend_B","Zap+1","Dualcast","Compile Driver","Self Repair","Storm+1","Ball Lightning","Chaos+1","Conserve Battery","Chaos","Defragment+1","Conserve Battery","Biased Cognition+1","Sunder+1","Cold Snap","Doom and Gloom","Heatsinks+1","Core Surge","Gash+1","Cold Snap+1","Ball Lightning+1","BootSequence","Reprogram+1","Defragment+1","Thunder Strike","Compile Driver+1","Leap"],"relics":["Cracked Core","Bloody Idol","Mummified Hand","WingedGreaves","Regal Pillow","Busted Crown","Membership Card","Shuriken","Astrolabe","Red Mask","Thread and Needle","Frozen Egg 2","Centennial Puzzle","Bag of Marbles"],"potions_floor_usage":[25,33,37,42,45,50,50],"damage_taken":[{"damage":0,"enemies":"2 Louse","floor":1,"turns":2},{"damage":7,"enemies":"Jaw Worm","floor":4,"turns":3},{"damage":40,"enemies":"3 Sentries","floor":6,"turns":6},{"damage":25,"enemies":"Lagavulin","floor":8,"turns":5},{"damage":6,"enemies":"Cultist","floor":11,"turns":3},{"damage":5,"enemies":"Red Slaver","floor":12,"turns":4},{"damage":6,"enemies":"Looter","floor":13,"turns":3},{"damage":0,"enemies":"2 Fungi Beasts","floor":14,"turns":2},{"damage":26,"enemies":"Slime Boss","floor":16,"turns":10},{"damage":0,"enemies":"Spheric Guardian","floor":18,"turns":3},{"damage":5,"enemies":"3 Byrds","floor":21,"turns":4},{"damage":34,"enemies":"Colosseum Slavers","floor":22,"turns":4},{"damage":18,"enemies":"Cultist and Chosen","floor":25,"turns":5},{"damage":13,"enemies":"Chosen and Byrds","floor":28,"turns":4},{"damage":49,"enemies":"Collector","floor":33,"turns":7},{"damage":5,"enemies":"3 Shapes","floor":35,"turns":3},{"damage":30,"enemies":"Mind Bloom Boss Battle","floor":37,"turns":5},{"damage":0,"enemies":"Orb Walker","floor":39,"turns":3},{"damage":65,"enemies":"Giant Head","floor":42,"turns":7},{"damage":7,"enemies":"Spire Growth","floor":45,"turns":4},{"damage":3,"enemies":"Maw","floor":46,"turns":6},{"damage":6,"enemies":"4 Shapes","floor":48,"turns":4},{"damage":73,"enemies":"Donu and Deca","floor":50,"turns":9}],"seed_played":"-3704656539689181595","potions_obtained":[{"floor":4,"key":"FearPotion"},{"floor":8,"key":"Poison Potion"},{"floor":13,"key":"AttackPotion"},{"floor":16,"key":"Energy Potion"},{"floor":28,"key":"EssenceOfSteel"},{"floor":39,"key":"SkillPotion"},{"floor":45,"key":"Strength Potion"},{"floor":48,"key":"SteroidPotion"}],"is_trial":false,"path_per_floor":["M","?","?","M","$","E","R","E","T","R","M","M","M","M","R","B",null,"M","?","$","M","?","R","R","M","T","R","M","?","?","$","R","B",null,"M","?","?","$","M","R","T","E","T","R","M","M","R","M","R","B"],"character_chosen":"DEFECT","items_purchased":["Storm","Ball Lightning","Membership Card","Sunder","Heatsinks","Defragment","Thunder Strike"],"campfire_rested":4,"item_purchase_floors":[5,5,20,20,31,38,38],"current_hp_per_floor":[75,57,57,50,50,17,39,21,21,21,22,24,25,25,62,43,75,75,75,75,75,48,48,48,37,37,37,31,31,31,31,68,31,75,75,75,57,57,69,69,69,16,21,58,63,72,72,75,75,9],"gold":130,"neow_bonus":"UPGRADE_CARD","is_prod":false,"is_daily":false,"chose_seed":false,"campfire_upgraded":7,"win_rate":0,"timestamp":1540789392,"path_taken":["M","?","?","M","$","E","R","E","T","R","M","?","M","M","R","BOSS","M","?","$","M","?","R","R","?","T","R","?","?","?","$","R","BOSS","M","?","?","$","M","R","?","E","T","R","M","M","R","M","R","BOSS"],"build_version":"2018-10-25v2","purchased_purges":2,"victory":true,"max_hp_per_floor":[75,75,75,75,75,75,75,75,75,75,75,75,75,75,75,75,75,75,75,75,75,75,75,75,75,75,75,75,75,75,75,75,75,75,75,75,75,75,75,75,75,75,75,75,75,75,75,75,75,75],"card_choices":[{"not_picked":["Skim","Rebound"],"picked":"Compile Driver","floor":1},{"not_picked":["BootSequence","Blizzard"],"picked":"Self Repair","floor":4},{"not_picked":["Self Repair","Multi-Cast"],"picked":"Chaos","floor":6},{"not_picked":["Genetic Algorithm","Turbo"],"picked":"Conserve Battery","floor":8},{"not_picked":["Consume","Steam Power"],"picked":"Chaos","floor":11},{"not_picked":["Gash","Go for the Eyes"],"picked":"Defragment","floor":12},{"not_picked":["Darkness","Gash","Redo"],"picked":"SKIP","floor":13},{"not_picked":["Gash","Reinforced Body"],"picked":"Conserve Battery","floor":14},{"not_picked":["Hyperbeam","Multi-Cast"],"picked":"Biased Cognition","floor":16},{"not_picked":["Turbo"],"picked":"SKIP","floor":18},{"not_picked":[],"picked":"Cold Snap","floor":21},{"not_picked":["Recycle+1"],"picked":"SKIP","floor":25},{"not_picked":[],"picked":"Doom and Gloom","floor":28},{"not_picked":[],"picked":"Core Surge","floor":33},{"not_picked":[],"picked":"BootSequence","floor":35},{"not_picked":[],"picked":"Reprogram+1","floor":37},{"not_picked":[],"picked":"Compile Driver+1","floor":39},{"not_picked":["Blizzard"],"picked":"SKIP","floor":42},{"not_picked":["Sweeping Beam"],"picked":"SKIP","floor":45},{"not_picked":["Gash"],"picked":"SKIP","floor":46},{"not_picked":[],"picked":"Leap","floor":48}],"player_experience":228131,"relics_obtained":[{"floor":6,"key":"Mummified Hand"},{"floor":8,"key":"WingedGreaves"},{"floor":9,"key":"Regal Pillow"},{"floor":26,"key":"Shuriken"},{"floor":37,"key":"Thread and Needle"},{"floor":41,"key":"Frozen Egg 2"},{"floor":42,"key":"Centennial Puzzle"},{"floor":43,"key":"Bag of Marbles"}],"event_choices":[{"damage_healed":0,"gold_gain":0,"player_choice":"Take Damage","damage_taken":18,"relics_obtained":["Golden Idol"],"max_hp_gain":0,"max_hp_loss":0,"event_name":"Golden Idol","floor":2,"gold_loss":0},{"damage_healed":0,"gold_gain":0,"player_choice":"Left Gold","damage_taken":0,"max_hp_gain":0,"max_hp_loss":0,"event_name":"World of Goop","floor":3,"gold_loss":34},{"damage_healed":0,"gold_gain":0,"player_choice":"Ignored","damage_taken":0,"max_hp_gain":0,"max_hp_loss":0,"event_name":"N\u0027loth","floor":19,"gold_loss":0},{"damage_healed":0,"gold_gain":0,"player_choice":"Fight","damage_taken":0,"max_hp_gain":0,"max_hp_loss":0,"event_name":"Colosseum","floor":22,"gold_loss":0},{"damage_healed":0,"gold_gain":0,"player_choice":"Fled From Nobs","damage_taken":0,"max_hp_gain":0,"max_hp_loss":0,"event_name":"Colosseum","floor":22,"gold_loss":0},{"damage_healed":0,"gold_gain":0,"player_choice":"Ignored","damage_taken":0,"max_hp_gain":0,"max_hp_loss":0,"event_name":"Beggar","floor":29,"gold_loss":0},{"damage_healed":0,"gold_gain":0,"player_choice":"Gave Idol","damage_taken":0,"relics_obtained":["Bloody Idol"],"max_hp_gain":0,"max_hp_loss":0,"event_name":"Forgotten Altar","floor":30,"relics_lost":["Golden Idol"],"gold_loss":0},{"damage_healed":0,"gold_gain":0,"player_choice":"Paid","damage_taken":0,"relics_obtained":["Red Mask"],"max_hp_gain":0,"max_hp_loss":0,"event_name":"Tomb of Lord Red Mask","floor":36,"gold_loss":126},{"damage_healed":0,"gold_gain":0,"player_choice":"Fight","damage_taken":0,"max_hp_gain":0,"max_hp_loss":0,"event_name":"MindBloom","floor":37,"gold_loss":0}],"is_beta":false,"boss_relics":[{"not_picked":["White Beast Statue","Tiny House"],"picked":"Busted Crown"},{"not_picked":["Pandora\u0027s Box","Fusion Hammer"],"picked":"Astrolabe"}],"items_purged_floors":[20,31],"is_endless":false,"potions_floor_spawned":[4,8,13,16,18,21,28,39,45,48],"ascension_level":3}