{"gold_per_floor":[219,219,242,260,260,260,284,284,284,284,297,297,61,79,79,200,200,175,27,27,27,27,66,66,84,84,84,100,114,134,13,13,13],"floor_reached":33,"playtime":2170,"items_purged":["Strike_G","Strike_G"],"score":257,"play_id":"88067be0-cf81-425b-b143-43ef0cab8966","local_time":"20181224122655","is_ascension_mode":false,"campfire_choices":[{"data":"Dagger Throw","floor":6,"key":"SMITH"},{"data":"Neutralize","floor":8,"key":"SMITH"},{"data":"Dagger Spray","floor":12,"key":"SMITH"},{"data":"Deflect","floor":15,"key":"SMITH"},{"floor":24,"key":"REST"},{"floor":27,"key":"REST"},{"floor":32,"key":"REST"}],"neow_cost":"NONE","seed_source_timestamp":266693348962460,"circlet_count":0,"master_deck":["Defend_G","Defend_G","Defend_G","Defend_G","Defend_G","Strike_G","Strike_G","Survivor","Neutralize+1","Dagger Throw+1","Deflect+1","Acrobatics","Deflect","Dagger Spray+1","Endless Agony","Escape Plan","Flying Knee","A Thousand Cuts","Endless Agony","Prepared","PiercingWail","Backstab","Backstab+1","Endless Agony","Backflip","Swift Strike"],"relics":["Ring of the Snake","Golden Idol","Pantograph","WristBlade","Dodecahedron","Lantern"],"potions_floor_usage":[16,25,33,33],"damage_taken":[{"damage":0,"enemies":"Small Slimes","floor":1,"turns":3},{"damage":0,"enemies":"2 Louse","floor":3,"turns":2},{"damage":2,"enemies":"Cultist","floor":4,"turns":3},{"damage":2,"enemies":"Red Slaver","floor":7,"turns":4},{"damage":0,"enemies":"Looter","floor":11,"turns":4},{"damage":1,"enemies":"2 Fungi Beasts","floor":14,"turns":2},{"damage":38,"enemies":"Slime Boss","floor":16,"turns":15},{"damage":16,"enemies":"2 Thieves","floor":18,"turns":5},{"damage":33,"enemies":"Book of Stabbing","floor":23,"turns":7},{"damage":7,"enemies":"Shell Parasite","floor":25,"turns":5},{"damage":13,"enemies":"Centurion and Healer","floor":28,"turns":6},{"damage":6,"enemies":"Snake Plant","floor":29,"turns":5},{"damage":12,"enemies":"Shelled Parasite and Fungi","floor":30,"turns":9},{"damage":77,"enemies":"Champ","floor":33,"turns":13}],"seed_played":"6893565521817533008","potions_obtained":[{"floor":3,"key":"SteroidPotion"},{"floor":23,"key":"LiquidBronze"},{"floor":29,"key":"GhostInAJar"},{"floor":30,"key":"SpeedPotion"}],"is_trial":false,"path_per_floor":["M","?","M","M","?","R","M","R","T","?","M","R","$","M","R","B",null,"M","$","?","$","?","E","R","M","T","R","M","M","M","$","R","B"],"character_chosen":"THE_SILENT","items_purchased":["Endless Agony","Escape Plan","Prepared","Backflip","Swift Strike"],"campfire_rested":3,"item_purchase_floors":[13,13,19,31,31],"current_hp_per_floor":[70,65,65,63,68,68,66,66,66,59,59,59,59,58,58,32,70,54,54,54,54,47,14,35,28,28,49,36,30,18,18,39,0],"gold":13,"neow_bonus":"HUNDRED_GOLD","is_prod":false,"is_daily":false,"chose_seed":false,"campfire_upgraded":4,"win_rate":0,"timestamp":1545622015,"path_taken":["M","?","M","M","?","R","M","R","T","?","M","R","$","M","R","BOSS","M","$","?","$","?","E","R","M","T","R","M","?","M","?","R","BOSS"],"build_version":"2018-12-20","purchased_purges":2,"victory":false,"max_hp_per_floor":[70,65,65,65,70,70,70,70,70,70,70,70,70,70,70,70,70,70,70,70,70,70,70,70,70,70,70,70,70,70,70,70,70],"card_choices":[{"not_picked":["Bane","Crippling Poison"],"picked":"Dagger Throw","floor":1},{"not_picked":["Caltrops","Outmaneuver"],"picked":"Deflect","floor":3},{"not_picked":["Sucker Punch","Choke"],"picked":"Acrobatics","floor":4},{"not_picked":["Dagger Spray","Doppelganger"],"picked":"Deflect","floor":7},{"not_picked":["Bane","Predator"],"picked":"Dagger Spray","floor":11},{"not_picked":["All Out Attack","Sucker Punch"],"picked":"Flying Knee","floor":14},{"not_picked":["Wraith Form v2","Night Terror"],"picked":"A Thousand Cuts","floor":16},{"not_picked":["Dagger Throw","Flying Knee"],"picked":"Endless Agony","floor":18},{"not_picked":["Eviscerate+1","Outmaneuver"],"picked":"PiercingWail","floor":23},{"not_picked":["Caltrops+1","Flying Knee"],"picked":"Backstab","floor":25},{"not_picked":["Quick Slash","Prepared"],"picked":"Backstab+1","floor":28},{"not_picked":["Bouncing Flask+1","Noxious Fumes"],"picked":"Endless Agony","floor":29},{"not_picked":["Dagger Spray","Envenom","Poisoned Stab"],"picked":"SKIP","floor":30}],"player_experience":36000,"relics_obtained":[{"floor":9,"key":"Pantograph"},{"floor":23,"key":"Dodecahedron"},{"floor":26,"key":"Lantern"}],"event_choices":[{"damage_healed":0,"gold_gain":0,"player_choice":"Lose Max HP","damage_taken":0,"relics_obtained":["Golden Idol"],"max_hp_gain":0,"max_hp_loss":5,"event_name":"Golden Idol","floor":2,"gold_loss":0},{"damage_healed":0,"gold_gain":0,"player_choice":"Donut","damage_taken":0,"max_hp_gain":5,"max_hp_loss":0,"event_name":"Big Fish","floor":5,"gold_loss":0},{"cards_removed":["Strike_G"],"damage_healed":0,"gold_gain":0,"player_choice":"Card Removal","damage_taken":7,"max_hp_gain":0,"max_hp_loss":0,"event_name":"Golden Wing","floor":10,"gold_loss":0},{"damage_healed":0,"gold_gain":0,"player_choice":"Damaged","damage_taken":7,"max_hp_gain":0,"max_hp_loss":0,"event_name":"Wheel of Change","floor":22,"gold_loss":0}],"is_beta":false,"boss_relics":[{"not_picked":["Sozu","Fusion Hammer"],"picked":"WristBlade"}],"items_purged_floors":[13,19],"is_endless":false,"potions_floor_spawned":[3,23,29,30],"killed_by":"Champ","ascension_level":0}