{"gold_per_floor":[111,13,13,28,28,28,46,62,87,119,135,145,145,145],"floor_reached":14,"playtime":2200,"items_purged":["Strike_G"],"score":92,"play_id":"d1201cf3-6174-4192-acdb-8d994c41e435","local_time":"20190110123624","is_ascension_mode":false,"campfire_choices":[{"data":"Neutralize","floor":6,"key":"SMITH"},{"data":"Infinite Blades","floor":13,"key":"SMITH"}],"neow_cost":"NONE","seed_source_timestamp":15174530342900,"circlet_count":0,"master_deck":["Defend_G","Defend_G","Defend_G","Defend_G","Defend_G+1","Strike_G","Strike_G","Strike_G","Survivor","Neutralize+1","Blur+1","Deadly Poison","Dodge and Roll","Catalyst","Deflect","PiercingWail","Backflip","Deflect","Infinite Blades+1"],"relics":["Ring of the Snake","CultistMask","Art of War","War Paint"],"potions_floor_usage":[10,12,14],"damage_taken":[{"damage":0,"enemies":"Cultist","floor":1,"turns":6},{"damage":0,"enemies":"Small Slimes","floor":4,"turns":4},{"damage":2,"enemies":"2 Louse","floor":7,"turns":3},{"damage":5,"enemies":"Large Slime","floor":8,"turns":10},{"damage":37,"enemies":"3 Sentries","floor":10,"turns":23},{"damage":0,"enemies":"Looter","floor":11,"turns":4},{"damage":9,"enemies":"Gremlin Gang","floor":12,"turns":5},{"damage":36,"enemies":"Gremlin Nob","floor":14,"turns":6}],"seed_played":"953169431848844966","potions_obtained":[{"floor":1,"key":"Regen Potion"},{"floor":10,"key":"Dexterity Potion"},{"floor":11,"key":"Fire Potion"}],"is_trial":false,"path_per_floor":["M","$","?","M","$","R","M","M","T","E","M","M","R","E"],"character_chosen":"THE_SILENT","items_purchased":["Dodge and Roll"],"campfire_rested":0,"item_purchase_floors":[2],"current_hp_per_floor":[70,70,70,70,70,70,68,63,63,41,41,32,32,0],"gold":145,"neow_bonus":"TRANSFORM_CARD","is_prod":false,"is_daily":false,"chose_seed":false,"campfire_upgraded":2,"win_rate":0,"timestamp":1547094984,"path_taken":["M","$","?","?","$","R","M","M","T","E","M","M","R","E"],"build_version":"2019-01-03v4","purchased_purges":1,"victory":false,"max_hp_per_floor":[70,70,70,70,70,70,70,70,70,70,70,70,70,70],"card_choices":[{"not_picked":["Dash","Bouncing Flask"],"picked":"Deadly Poison","floor":1},{"not_picked":["Masterful Stab","Flying Knee"],"picked":"Catalyst","floor":4},{"not_picked":["Heel Hook","All Out Attack"],"picked":"Deflect","floor":7},{"not_picked":["Flying Knee","Blade Dance"],"picked":"PiercingWail","floor":8},{"not_picked":["Reflex","Quick Slash"],"picked":"Backflip","floor":10},{"not_picked":["Flying Knee","Slice"],"picked":"Deflect","floor":11},{"not_picked":["Predator","Underhanded Strike"],"picked":"Infinite Blades","floor":12}],"player_experience":139520,"relics_obtained":[{"floor":9,"key":"Art of War"},{"floor":10,"key":"War Paint"}],"event_choices":[{"damage_healed":0,"gold_gain":0,"player_choice":"Trade","damage_taken":0,"relics_obtained":["CultistMask"],"max_hp_gain":0,"max_hp_loss":0,"event_name":"FaceTrader","floor":3,"gold_loss":0}],"is_beta":false,"boss_relics":[],"items_purged_floors":[2],"is_endless":false,"potions_floor_spawned":[1,10,11],"killed_by":"Gremlin Nob","ascension_level":0}