{"gold_per_floor":[144,189,139,214,259,259,357,357,432,432,481,21,21,70,70,395,395,444,493,408,420,432,444,505,615,627,737,848,860,15,64,64,389,389,438,50,99,99,148,246,246,246,246,295,295,344,393,726,726,726],"floor_reached":51,"playtime":2880,"items_purged":[],"score":1040,"play_id":"e7c27489-826b-42cd-9795-27a0655a8c86","local_time":"20190201141124","daily_mods":["Insanity","Hoarder","Midas"],"is_ascension_mode":false,"campfire_choices":[{"floor":8,"key":"REST"},{"floor":15,"key":"REST"},{"floor":23,"key":"REST"},{"floor":32,"key":"REST"},{"floor":41,"key":"DIG"},{"floor":49,"key":"DIG"}],"neow_cost":"","seed_source_timestamp":0,"circlet_count":0,"master_deck":["Dagger Spray","Outmaneuver","Poisoned Stab","Crippling Poison","Underhanded Strike","Distraction","Underhanded Strike","Prepared","Dodge and Roll","Deadly Poison","Flechettes","Outmaneuver","Dodge and Roll","Accuracy","Bouncing Flask","Dagger Spray","Underhanded Strike","Poisoned Stab","Sucker Punch","Outmaneuver","Terror","Crippling Poison","Slice","Deflect","Dodge and Roll","Underhanded Strike","Deadly Poison","Prepared","Slice","Acrobatics","Underhanded Strike","Quick Slash","Blade Dance","Endless Agony","Flechettes","Escape Plan","Cloak And Dagger","Accuracy","Acrobatics","Dodge and Roll","Backflip","Prepared","Outmaneuver","Endless Agony","Sucker Punch","Leg Sweep","Leg Sweep","Leg Sweep","Infinite Blades","Infinite Blades","Infinite Blades","Trip","Trip","Trip","Wraith Form v2","Wraith Form v2","Cloak And Dagger","Cloak And Dagger","Cloak And Dagger","After Image","After Image","After Image","Cloak And Dagger+1","Cloak And Dagger+1","Cloak And Dagger+1","Ghostly","Ghostly","Ghostly","Ghostly","Ghostly","Ghostly","Ghostly","Ghostly","Ghostly","Ghostly","Ghostly","Ghostly","Ghostly","Ghostly","Ghostly","Bandage Up+1","Bandage Up+1","Bandage Up+1","Sadistic Nature","Sadistic Nature","Sadistic Nature","Envenom","Envenom","Envenom","Footwork","Footwork","Footwork","Tools of the Trade","Tools of the Trade","Tools of the Trade","Panacea+1","Panacea+1","Panacea+1","Deadly Poison+1","Deadly Poison+1","Deadly Poison+1","Cloak And Dagger+1","Cloak And Dagger+1","Cloak And Dagger+1","Backstab+1","Backstab+1","Backstab+1","Master of Strategy+1","Master of Strategy+1","Master of Strategy+1","Cloak And Dagger+1","Cloak And Dagger+1","Cloak And Dagger+1","Catalyst+1","Catalyst+1","Catalyst+1"],"special_seed":17928,"relics":["Ring of the Snake","Paper Crane","Bottled Tornado","The Specimen","Empty Cage","MawBank","MutagenicStrength","Dodecahedron","Bird Faced Urn","Toxic Egg 2","Boot","ClockworkSouvenir","Centennial Puzzle","Fusion Hammer","Ice Cream","Shovel","Sundial","Potion Belt","Unceasing Top","Mercury Hourglass"],"potions_floor_usage":[24,25,27,40,40,50],"damage_taken":[{"damage":2,"enemies":"2 Louse","floor":1,"turns":2},{"damage":0,"enemies":"Small Slimes","floor":2,"turns":3},{"damage":0,"enemies":"Cultist","floor":5,"turns":3},{"damage":9,"enemies":"3 Sentries","floor":7,"turns":5},{"damage":6,"enemies":"2 Fungi Beasts","floor":11,"turns":2},{"damage":14,"enemies":"Large Slime","floor":14,"turns":4},{"damage":40,"enemies":"The Guardian","floor":16,"turns":8},{"damage":6,"enemies":"3 Byrds","floor":18,"turns":6},{"damage":20,"enemies":"Spheric Guardian","floor":19,"turns":4},{"damage":7,"enemies":"3 Cultists","floor":24,"turns":6},{"damage":2,"enemies":"Book of Stabbing","floor":25,"turns":7},{"damage":8,"enemies":"Slavers","floor":27,"turns":7},{"damage":3,"enemies":"Snake Plant","floor":31,"turns":3},{"damage":0,"enemies":"Champ","floor":33,"turns":15},{"damage":1,"enemies":"Orb Walker","floor":35,"turns":4},{"damage":5,"enemies":"3 Shapes","floor":37,"turns":3},{"damage":20,"enemies":"Sphere and 2 Shapes","floor":39,"turns":5},{"damage":18,"enemies":"Reptomancer","floor":40,"turns":5},{"damage":1,"enemies":"Spire Growth","floor":44,"turns":5},{"damage":0,"enemies":"Maw","floor":46,"turns":5},{"damage":0,"enemies":"Writhing Mass","floor":47,"turns":2},{"damage":2,"enemies":"Donu and Deca","floor":50,"turns":9}],"seed_played":"4077721088213470918","potions_obtained":[{"floor":2,"key":"LiquidBronze"},{"floor":5,"key":"EssenceOfSteel"},{"floor":11,"key":"Ancient Potion"},{"floor":31,"key":"Fire Potion"},{"floor":39,"key":"GhostInAJar"},{"floor":44,"key":"FearPotion"},{"floor":46,"key":"Block Potion"}],"is_trial":false,"path_per_floor":["M","M","?","?","M","?","E","R","T","?","M","$","?","M","R","B",null,"M","M","?","?","?","R","M","E","T","E","?","T","$","M","R","B",null,"M","$","M","?","M","E","R","?","T","M","T","M","M","?","R","B",null],"character_chosen":"THE_SILENT","items_purchased":["Infinite Blades","The Specimen","Trip","Bandage Up+1","ClockworkSouvenir","Sadistic Nature","Envenom","Centennial Puzzle","Strength Potion","Energy Potion","Panacea+1","Ice Cream"],"campfire_rested":4,"item_purchase_floors":[12,12,12,30,30,30,30,30,30,30,36,36],"current_hp_per_floor":[68,68,68,57,57,40,31,52,52,52,46,46,46,32,53,13,70,64,44,44,44,35,35,28,26,26,22,22,22,22,29,35,35,35,35,35,30,45,27,35,35,35,35,45,45,45,45,45,45,45],"gold":726,"neow_bonus":"","is_prod":false,"is_daily":true,"chose_seed":false,"campfire_upgraded":0,"win_rate":0,"timestamp":1549001484,"path_taken":["M","M","?","?","M","?","E","R","T","?","M","$","?","M","R","BOSS","M","M","?","?","?","R","M","E","T","E","?","?","?","?","R","BOSS","M","$","?","?","?","E","R","?","T","M","?","?","M","?","R","BOSS"],"build_version":"2019-01-23","purchased_purges":0,"victory":true,"max_hp_per_floor":[70,70,70,70,70,70,70,70,70,70,70,70,70,70,70,70,70,70,70,70,70,35,35,35,35,35,35,35,35,35,35,35,35,35,35,35,35,45,45,45,45,45,45,45,45,45,45,45,45,45],"card_choices":[{"not_picked":["Backflip","Sucker Punch"],"picked":"Leg Sweep","floor":1},{"not_picked":["Blade Dance","Riddle With Holes","Flying Knee"],"picked":"SKIP","floor":2},{"not_picked":["Deflect","Bane","Catalyst"],"picked":"SKIP","floor":5},{"not_picked":["Terror","Deadly Poison","Eviscerate"],"picked":"SKIP","floor":7},{"not_picked":["Dagger Throw","Prepared","Acrobatics"],"picked":"SKIP","floor":11},{"not_picked":["Setup","Skewer"],"picked":"Cloak And Dagger","floor":14},{"not_picked":["Wraith Form v2","Doppelganger"],"picked":"After Image","floor":16},{"not_picked":["Slice+1","PiercingWail"],"picked":"Cloak And Dagger+1","floor":18},{"not_picked":["Dagger Throw","Prepared","Predator"],"picked":"SKIP","floor":19},{"not_picked":["Calculated Gamble","Dagger Throw","Bane"],"picked":"SKIP","floor":24},{"not_picked":["Masterful Stab+1","Predator","Dagger Spray"],"picked":"SKIP","floor":25},{"not_picked":["Dodge and Roll+1","Outmaneuver","Blade Dance+1"],"picked":"SKIP","floor":27},{"not_picked":["Caltrops","Deflect+1"],"picked":"Footwork","floor":31},{"not_picked":["Unload","Grand Finale"],"picked":"Tools of the Trade","floor":33},{"not_picked":["Slice+1","Blade Dance+1","Dagger Spray"],"picked":"SKIP","floor":35},{"not_picked":["Calculated Gamble+1","Concentrate+1"],"picked":"Deadly Poison+1","floor":37},{"not_picked":["Flechettes","Quick Slash+1"],"picked":"Cloak And Dagger+1","floor":39},{"not_picked":["Footwork+1","Finisher+1"],"picked":"Backstab+1","floor":40},{"not_picked":["HandOfGreed","Mind Blast"],"picked":"Master of Strategy+1","floor":42},{"not_picked":["Poisoned Stab","Tactician+1"],"picked":"Cloak And Dagger+1","floor":44},{"not_picked":["Acrobatics+1","Reflex+1","Finisher"],"picked":"SKIP","floor":46},{"not_picked":["PiercingWail+1","Dagger Throw+1"],"picked":"Catalyst+1","floor":47}],"player_experience":317448,"relics_obtained":[{"floor":7,"key":"Paper Crane"},{"floor":9,"key":"Bottled Tornado"},{"floor":25,"key":"Dodecahedron"},{"floor":26,"key":"Bird Faced Urn"},{"floor":27,"key":"Toxic Egg 2"},{"floor":29,"key":"Boot"},{"floor":40,"key":"Shovel"},{"floor":41,"key":"Sundial"},{"floor":43,"key":"Potion Belt"},{"floor":45,"key":"Unceasing Top"},{"floor":49,"key":"Mercury Hourglass"}],"event_choices":[{"cards_removed":["Flying Knee"],"damage_healed":0,"gold_gain":0,"player_choice":"Card Removal","damage_taken":0,"max_hp_gain":0,"max_hp_loss":0,"event_name":"The Cleric","floor":3,"gold_loss":50},{"damage_healed":0,"gold_gain":75,"player_choice":"Gather Gold","damage_taken":11,"max_hp_gain":0,"max_hp_loss":0,"event_name":"World of Goop","floor":4,"gold_loss":0},{"damage_healed":0,"gold_gain":0,"player_choice":"Take Damage","damage_taken":17,"relics_obtained":["Golden Idol"],"max_hp_gain":0,"max_hp_loss":0,"event_name":"Golden Idol","floor":6,"gold_loss":0},{"cards_removed":["Flying Knee"],"damage_healed":0,"gold_gain":0,"player_choice":"Forget","damage_taken":0,"max_hp_gain":0,"max_hp_loss":0,"event_name":"Living Wall","floor":10,"gold_loss":0},{"damage_healed":0,"gold_gain":0,"cards_transformed":["Flying Knee"],"player_choice":"Transformed","damage_taken":0,"max_hp_gain":0,"max_hp_loss":0,"event_name":"Transmorgrifier","floor":13,"gold_loss":0,"cards_obtained":["Wraith Form v2"]},{"damage_healed":0,"gold_gain":0,"player_choice":"Obtained Relic","damage_taken":0,"relics_obtained":["MawBank"],"max_hp_gain":0,"max_hp_loss":0,"event_name":"Addict","floor":20,"gold_loss":85},{"damage_healed":0,"gold_gain":0,"player_choice":"Inject Mutagens","damage_taken":0,"relics_obtained":["MutagenicStrength"],"max_hp_gain":0,"max_hp_loss":0,"event_name":"Drug Dealer","floor":21,"gold_loss":0},{"damage_healed":0,"gold_gain":0,"player_choice":"Became a Ghost","damage_taken":0,"max_hp_gain":0,"max_hp_loss":35,"event_name":"Ghosts","floor":22,"gold_loss":0,"cards_obtained":["Ghostly","Ghostly","Ghostly","Ghostly","Ghostly"]},{"damage_healed":0,"gold_gain":99,"player_choice":"Stole From Cult","damage_taken":0,"max_hp_gain":0,"max_hp_loss":0,"event_name":"Nest","floor":28,"gold_loss":0},{"cards_removed":["Wraith Form v2"],"damage_healed":5,"gold_gain":0,"player_choice":"Offered Rare","damage_taken":0,"max_hp_gain":10,"max_hp_loss":0,"event_name":"Bonfire Elementals","floor":38,"gold_loss":0},{"damage_healed":0,"gold_gain":0,"player_choice":"Memory 1","damage_taken":0,"max_hp_gain":0,"max_hp_loss":0,"event_name":"SensoryStone","floor":42,"gold_loss":0},{"damage_healed":0,"gold_gain":333,"player_choice":"Gave Idol","damage_taken":0,"max_hp_gain":0,"max_hp_loss":0,"event_name":"The Moai Head","floor":48,"relics_lost":["Golden Idol"],"gold_loss":0}],"is_beta":false,"boss_relics":[{"not_picked":["Black Star","Ring of the Serpent"],"picked":"Empty Cage"},{"not_picked":["Velvet Choker","HoveringKite"],"picked":"Fusion Hammer"}],"items_purged_floors":[],"is_endless":false,"potions_floor_spawned":[2,5,11,31,33,39,44,46],"ascension_level":0}