{"gold_per_floor":[118,43,59,73,96,96,171,171,171,188,188,220,247,258,258,354,354,370,387,387,40,53,53,67,82,82,82,182,182,196,214,214,315,315,330,343,73,85,132,132,144,144,144,144,144,163,163,183,183,183],"floor_reached":51,"playtime":3601,"items_purged":["Strike_R","Strike_R","Strike_R"],"score":626,"play_id":"bedd78bb-75b2-499c-bfa5-20dc5325cdca","local_time":"20181019143744","is_ascension_mode":false,"campfire_choices":[{"data":"Bash","floor":6,"key":"SMITH"},{"data":"Pommel Strike","floor":8,"key":"SMITH"},{"data":"Heavy Blade","floor":11,"key":"SMITH"},{"data":"True Grit","floor":15,"key":"SMITH"},{"data":"True Grit","floor":23,"key":"SMITH"},{"data":"Body Slam","floor":27,"key":"SMITH"},{"data":"Heavy Blade","floor":29,"key":"SMITH"},{"floor":32,"key":"REST"},{"data":"Body Slam","floor":40,"key":"SMITH"},{"floor":44,"key":"REST"},{"data":"Limit Break","floor":47,"key":"SMITH"},{"floor":49,"key":"REST"}],"neow_cost":"NONE","seed_source_timestamp":13198905312400,"circlet_count":0,"master_deck":["Strike_R","Strike_R","Defend_R","Defend_R","Defend_R","Defend_R","Bash+1","Heavy Blade+1","Pommel Strike+1","Iron Wave","Twin Strike","True Grit+1","True Grit+1","Limit Break+1","Iron Wave+1","Body Slam+1","Cleave","Heavy Blade+1","Feel No Pain","Feel No Pain","Body Slam+1","Heavy Blade+1","Feel No Pain+1","Battle Trance+1","Shrug It Off+1"],"relics":["Burning Blood","Red Skull","Mercury Hourglass","Juzu Bracelet","Meat on the Bone","Sozu","Brimstone","Gremlin Horn","FossilizedHelix","Shuriken","Runic Cube","Bag of Preparation","Nunchaku","Toxic Egg 2","Pocketwatch"],"potions_floor_usage":[12,12,13],"damage_taken":[{"damage":6,"enemies":"Cultist","floor":1,"turns":3},{"damage":13,"enemies":"Jaw Worm","floor":3,"turns":3},{"damage":0,"enemies":"Small Slimes","floor":4,"turns":3},{"damage":10,"enemies":"Looter","floor":10,"turns":2},{"damage":20,"enemies":"Lagavulin Event","floor":12,"turns":4},{"damage":12,"enemies":"Gremlin Nob","floor":13,"turns":4},{"damage":11,"enemies":"Red Slaver","floor":14,"turns":3},{"damage":55,"enemies":"The Guardian","floor":16,"turns":9},{"damage":6,"enemies":"Shell Parasite","floor":18,"turns":6},{"damage":18,"enemies":"2 Thieves","floor":19,"turns":4},{"damage":25,"enemies":"Snake Plant","floor":22,"turns":3},{"damage":2,"enemies":"Cultist and Chosen","floor":24,"turns":4},{"damage":17,"enemies":"Shelled Parasite and Fungi","floor":25,"turns":4},{"damage":22,"enemies":"Colosseum Slavers","floor":28,"turns":2},{"damage":23,"enemies":"Colosseum Nobs","floor":28,"turns":4},{"damage":17,"enemies":"Centurion and Healer","floor":30,"turns":3},{"damage":13,"enemies":"Sentry and Sphere","floor":31,"turns":4},{"damage":49,"enemies":"Collector","floor":33,"turns":6},{"damage":0,"enemies":"3 Shapes","floor":35,"turns":2},{"damage":19,"enemies":"Orb Walker","floor":36,"turns":4},{"damage":12,"enemies":"Sphere and 2 Shapes","floor":38,"turns":4},{"damage":21,"enemies":"2 Orb Walkers","floor":39,"turns":4},{"damage":26,"enemies":"Maw","floor":41,"turns":5},{"damage":0,"enemies":"Mind Bloom Boss Battle","floor":45,"turns":4},{"damage":13,"enemies":"4 Shapes","floor":46,"turns":3},{"damage":13,"enemies":"Sphere and 2 Shapes","floor":48,"turns":4},{"damage":36,"enemies":"Donu and Deca","floor":50,"turns":5}],"seed_played":"3001729583905752089","potions_obtained":[{"floor":3,"key":"Poison Potion"},{"floor":4,"key":"Fire Potion"},{"floor":12,"key":"EssenceOfSteel"},{"floor":14,"key":"GamblersBrew"}],"is_trial":false,"path_per_floor":["M","$","M","M","T","R","?","R","T","M","R","?","E","M","R","B",null,"M","M","?","$","M","R","M","M","T","R","?","R","M","M","R","B",null,"M","M","$","M","?","R","M","$","T","R","?","M","R","M","R","B"],"character_chosen":"IRONCLAD","items_purchased":["Brimstone","Cleave","Bag of Preparation"],"campfire_rested":3,"item_purchase_floors":[21,21,37],"current_hp_per_floor":[88,88,81,87,87,87,76,76,76,72,72,58,52,59,59,22,88,88,76,76,76,57,57,61,62,62,62,53,53,54,59,85,54,88,88,75,75,69,54,54,46,46,46,72,78,71,71,64,88,58],"gold":183,"neow_bonus":"TEN_PERCENT_HP_BONUS","is_prod":false,"is_daily":false,"chose_seed":false,"campfire_upgraded":9,"win_rate":0.0,"timestamp":1539931064,"path_taken":["M","$","M","?","?","R","?","R","T","?","R","?","E","M","R","BOSS","M","M","?","$","M","R","M","M","T","R","?","R","M","M","R","BOSS","M","M","$","M","?","R","M","$","T","R","?","M","R","M","R","BOSS"],"build_version":"2018-10-18","purchased_purges":3,"victory":true,"max_hp_per_floor":[88,88,88,88,88,88,88,88,88,88,88,88,88,88,88,88,88,88,88,88,88,88,88,88,88,88,88,88,88,88,88,88,88,88,88,88,88,88,88,88,88,88,88,88,88,88,88,88,88,88],"card_choices":[{"not_picked":["Clash","Bloodletting"],"picked":"Heavy Blade","floor":1},{"not_picked":["Clash","Clothesline"],"picked":"Pommel Strike","floor":3},{"not_picked":["Flex","Brutality"],"picked":"Iron Wave","floor":4},{"not_picked":["Havoc","Ghostly Armor"],"picked":"Twin Strike","floor":10},{"not_picked":["Second Wind","Flame Barrier"],"picked":"True Grit","floor":13},{"not_picked":["Sentinel","Heavy Blade"],"picked":"True Grit","floor":14},{"not_picked":["Fiend Fire","Juggernaut"],"picked":"Limit Break","floor":16},{"not_picked":["Armaments","Perfected Strike"],"picked":"Iron Wave+1","floor":18},{"not_picked":["Wild Strike","True Grit","Flex"],"picked":"SKIP","floor":19},{"not_picked":["Intimidate+1","Uppercut"],"picked":"Heavy Blade","floor":22},{"not_picked":["Headbutt","Anger"],"picked":"Feel No Pain","floor":24},{"not_picked":["Warcry","Twin Strike","Pommel Strike"],"picked":"SKIP","floor":25},{"not_picked":["Heavy Blade","Perfected Strike"],"picked":"Feel No Pain","floor":28},{"not_picked":["Blood for Blood","Armaments+1","Pommel Strike"],"picked":"SKIP","floor":30},{"not_picked":["Offering","Sever Soul"],"picked":"Body Slam","floor":31},{"not_picked":["Sentinel","Perfected Strike+1"],"picked":"Heavy Blade+1","floor":35},{"not_picked":["Wild Strike+1","Seeing Red+1","Feel No Pain+1"],"picked":"SKIP","floor":36},{"not_picked":["Headbutt+1","Clash+1"],"picked":"Feel No Pain+1","floor":38},{"not_picked":["Pommel Strike","Flame Barrier"],"picked":"Battle Trance+1","floor":39},{"not_picked":["Anger","Dropkick+1","Armaments+1"],"picked":"SKIP","floor":41},{"not_picked":["Sever Soul","Sword Boomerang","Clash"],"picked":"SKIP","floor":46},{"not_picked":["Warcry+1","Dropkick"],"picked":"Shrug It Off+1","floor":48}],"player_experience":35172,"relics_obtained":[{"floor":5,"key":"Red Skull"},{"floor":9,"key":"Mercury Hourglass"},{"floor":12,"key":"Juzu Bracelet"},{"floor":13,"key":"Meat on the Bone"},{"floor":26,"key":"Gremlin Horn"},{"floor":28,"key":"FossilizedHelix"},{"floor":28,"key":"Shuriken"},{"floor":39,"key":"Nunchaku"},{"floor":43,"key":"Toxic Egg 2"},{"floor":45,"key":"Pocketwatch"}],"event_choices":[{"damage_healed":0,"gold_gain":75,"player_choice":"Gather Gold","damage_taken":11,"max_hp_gain":0,"max_hp_loss":0,"event_name":"World of Goop","floor":7,"gold_loss":0},{"damage_healed":0,"gold_gain":30,"player_choice":"Searched \u00272\u0027 times","damage_taken":0,"max_hp_gain":0,"max_hp_loss":0,"event_name":"Dead Adventurer","floor":12,"gold_loss":0},{"damage_healed":0,"gold_gain":0,"player_choice":"Read","damage_taken":0,"max_hp_gain":0,"max_hp_loss":0,"event_name":"The Library","floor":20,"gold_loss":0,"cards_obtained":["Body Slam"]},{"damage_healed":0,"gold_gain":0,"player_choice":"Fight","damage_taken":0,"max_hp_gain":0,"max_hp_loss":0,"event_name":"Colosseum","floor":28,"gold_loss":0},{"damage_healed":0,"gold_gain":0,"player_choice":"Fought Nobs","damage_taken":0,"max_hp_gain":0,"max_hp_loss":0,"event_name":"Colosseum","floor":28,"gold_loss":0},{"damage_healed":0,"gold_gain":0,"player_choice":"Fight","damage_taken":0,"max_hp_gain":0,"max_hp_loss":0,"event_name":"Mysterious Sphere","floor":39,"gold_loss":0},{"damage_healed":0,"gold_gain":0,"player_choice":"Fight","damage_taken":0,"max_hp_gain":0,"max_hp_loss":0,"event_name":"MindBloom","floor":45,"gold_loss":0}],"is_beta":false,"boss_relics":[{"not_picked":["Orrery","Tiny House"],"picked":"Sozu"},{"not_picked":["Calling Bell","White Beast Statue"],"picked":"Runic Cube"}],"items_purged_floors":[2,21,37],"is_endless":false,"potions_floor_spawned":[3,4,12,14,19,24,28,31,33,36,38,39,48],"ascension_level":0}