{"gold_per_floor":[114,114,127,139,17,48,48,59,136,153,167,185,185,214,214,319,319,334,354,370,370,370,370,370,370,370,370,382,417,417,429,429,525,525,538,178,193,209,209],"floor_reached":39,"playtime":4781,"items_purged":["Strike_B"],"score":465,"play_id":"f967cf94-4903-431a-95bd-c0a84f72943f","local_time":"20181022023407","is_ascension_mode":false,"campfire_choices":[{"data":"Buffer","floor":7,"key":"SMITH"},{"data":"Discovery","floor":15,"key":"SMITH"},{"data":"Self Repair","floor":23,"key":"SMITH"},{"data":"RitualDagger","floor":25,"key":"SMITH"},{"data":"Buffer","floor":27,"key":"SMITH"},{"data":"Storm","floor":32,"key":"SMITH"}],"neow_cost":"NONE","seed_source_timestamp":881331612194707,"circlet_count":0,"master_deck":["Strike_B","Strike_B","Defend_B","Defend_B","Defend_B","Dualcast","Beam Cell","Gash","Compile Driver","Cold Snap","Discovery+1","Buffer+1","Fusion","Genetic Algorithm","White Noise","Doom and Gloom","Auto Shields","Buffer+1","Seek+1","Chaos+1","Coolheaded+1","Storm+1","Conserve Battery","Self Repair+1","RitualDagger+1","Gash+1","Hologram+1","Creative AI","Tempest+1","Chrysalis+1","Loop","Stack+1","Force Field+1","Hologram+1"],"relics":["Cracked Core","NeowsBlessing","Ginger","Ornamental Fan","Boot","Astrolabe","Pantograph","Toxic Egg 2","Runic Dome"],"potions_floor_usage":[14,39],"damage_taken":[{"damage":0,"enemies":"Small Slimes","floor":1,"turns":1},{"damage":0,"enemies":"Cultist","floor":3,"turns":1},{"damage":0,"enemies":"2 Louse","floor":4,"turns":1},{"damage":14,"enemies":"Gremlin Nob","floor":6,"turns":4},{"damage":4,"enemies":"Large Slime","floor":8,"turns":4},{"damage":0,"enemies":"3 Louse","floor":10,"turns":4},{"damage":1,"enemies":"Looter","floor":11,"turns":3},{"damage":0,"enemies":"Exordium Wildlife","floor":12,"turns":6},{"damage":8,"enemies":"Lagavulin","floor":14,"turns":5},{"damage":0,"enemies":"Slime Boss","floor":16,"turns":8},{"damage":9,"enemies":"Shell Parasite","floor":18,"turns":4},{"damage":13,"enemies":"Chosen","floor":19,"turns":6},{"damage":2,"enemies":"Snecko","floor":20,"turns":7},{"damage":4,"enemies":"Centurion and Healer","floor":28,"turns":9},{"damage":33,"enemies":"Slavers","floor":29,"turns":8},{"damage":14,"enemies":"Snake Plant","floor":31,"turns":4},{"damage":3,"enemies":"Champ","floor":33,"turns":11},{"damage":2,"enemies":"Orb Walker","floor":35,"turns":5},{"damage":0,"enemies":"3 Shapes","floor":37,"turns":3},{"damage":38,"enemies":"Jaw Worm Horde","floor":38,"turns":6},{"damage":54,"enemies":"2 Orb Walkers","floor":39,"turns":4}],"seed_played":"3938500369914944558","potions_obtained":[{"floor":2,"key":"Fruit Juice"},{"floor":3,"key":"FocusPotion"},{"floor":10,"key":"Block Potion"},{"floor":16,"key":"Poison Potion"}],"is_trial":false,"path_per_floor":["M","?","M","M","$","E","R","M","T","M","M","M","?","E","R","B",null,"M","M","M","?","?","R","?","R","T","R","M","E","?","M","R","B",null,"M","$","M","M"],"character_chosen":"DEFECT","items_purchased":["Cold Snap","Discovery","Chrysalis+1","Loop","Stack+1"],"campfire_rested":0,"item_purchase_floors":[5,5,36,36,36],"current_hp_per_floor":[75,75,75,75,75,61,61,57,57,57,56,56,56,53,53,53,80,71,58,56,56,50,50,35,35,35,35,41,18,46,42,42,74,85,85,85,85,47,0],"gold":209,"neow_bonus":"THREE_ENEMY_KILL","is_prod":false,"is_daily":false,"chose_seed":false,"campfire_upgraded":6,"win_rate":0.0,"timestamp":1540190047,"path_taken":["M","?","M","M","$","E","R","M","T","M","M","M","?","E","R","BOSS","M","M","M","?","?","R","?","R","T","R","M","E","?","M","R","BOSS","M","$","M","M","?"],"build_version":"2018-10-18","purchased_purges":1,"victory":false,"max_hp_per_floor":[75,75,75,75,75,75,75,75,75,75,75,75,75,80,80,80,80,80,80,80,80,80,80,85,85,85,85,85,85,85,85,85,85,85,85,85,85,85,85],"card_choices":[{"not_picked":["Skim","Fusion"],"picked":"Beam Cell","floor":1},{"not_picked":["Coolheaded","Ball Lightning"],"picked":"Gash","floor":3},{"not_picked":["Gash","Stack"],"picked":"Compile Driver","floor":4},{"not_picked":["Steam","Coolheaded"],"picked":"Buffer","floor":6},{"not_picked":["Barrage","Melter"],"picked":"Fusion","floor":8},{"not_picked":["Coolheaded","Redo"],"picked":"Genetic Algorithm","floor":10},{"not_picked":["Reinforced Body","Fusion"],"picked":"White Noise","floor":11},{"not_picked":["Reinforced Body","Coolheaded"],"picked":"Doom and Gloom","floor":12},{"not_picked":["Compile Driver","Cold Snap"],"picked":"Auto Shields","floor":14},{"not_picked":["Machine Learning","Reboot"],"picked":"Buffer","floor":16},{"not_picked":["Darkness","Ball Lightning"],"picked":"Storm","floor":18},{"not_picked":["Compile Driver","Reinforced Body+1"],"picked":"Conserve Battery","floor":19},{"not_picked":["Reinforced Body","Tempest"],"picked":"Self Repair","floor":20},{"not_picked":["Storm+1","FTL"],"picked":"Gash+1","floor":28},{"not_picked":["Sweeping Beam","Rip and Tear","Buffer"],"picked":"SKIP","floor":29},{"not_picked":["Coolheaded+1","Leap+1"],"picked":"Hologram+1","floor":31},{"not_picked":["Rainbow+1","Machine Learning"],"picked":"Creative AI","floor":33},{"not_picked":["Ball Lightning","Leap+1"],"picked":"Tempest+1","floor":35},{"not_picked":["Coolheaded+1","Steam+1"],"picked":"Force Field+1","floor":37},{"not_picked":["Leap+1","Steam+1"],"picked":"Hologram+1","floor":38}],"player_experience":6045,"relics_obtained":[{"floor":6,"key":"Ginger"},{"floor":9,"key":"Ornamental Fan"},{"floor":14,"key":"Boot"},{"floor":26,"key":"Pantograph"},{"floor":29,"key":"Toxic Egg 2"}],"event_choices":[{"damage_healed":0,"gold_gain":0,"player_choice":"Got Potions","damage_taken":0,"max_hp_gain":0,"max_hp_loss":0,"event_name":"The Lab","floor":2,"gold_loss":0},{"damage_healed":0,"gold_gain":0,"player_choice":"Ignored","damage_taken":0,"max_hp_gain":0,"max_hp_loss":0,"event_name":"Liars Game","floor":13,"gold_loss":0},{"damage_healed":0,"gold_gain":0,"player_choice":"Ignored","damage_taken":0,"max_hp_gain":0,"max_hp_loss":0,"event_name":"Vampires","floor":21,"gold_loss":0},{"damage_healed":0,"gold_gain":0,"player_choice":"Joined the Cult","damage_taken":6,"max_hp_gain":0,"max_hp_loss":0,"event_name":"Nest","floor":22,"gold_loss":0,"cards_obtained":["RitualDagger"]},{"damage_healed":0,"gold_gain":0,"player_choice":"Shed Blood","damage_taken":20,"max_hp_gain":5,"max_hp_loss":0,"event_name":"Forgotten Altar","floor":24,"gold_loss":0},{"damage_healed":28,"gold_gain":0,"player_choice":"Heal","damage_taken":0,"max_hp_gain":0,"max_hp_loss":0,"event_name":"The Library","floor":30,"gold_loss":0},{"damage_healed":0,"gold_gain":0,"player_choice":"Fight","damage_taken":0,"max_hp_gain":0,"max_hp_loss":0,"event_name":"Mysterious Sphere","floor":39,"gold_loss":0}],"is_beta":false,"boss_relics":[{"not_picked":["Calling Bell","Lizard Tail"],"picked":"Astrolabe"},{"not_picked":["Empty Cage","Snecko Eye"],"picked":"Runic Dome"}],"items_purged_floors":[36],"is_endless":false,"potions_floor_spawned":[3,10,12,16,19,28,31,33,35],"killed_by":"2 Orb Walkers","ascension_level":0}