{"gold_per_floor":[111,111,111,131,131,131,81,81,108,108,7,36,36,55,55,179,179,197,222,69,93,293,334,334,352,377,377,55,95,95,118,118,249,249,267,292,58,58,58,58,139,472,548,561,572,126,126,137,137,137],"floor_reached":51,"playtime":13132,"items_purged":["Defend_B","Defend_B","Parasite"],"score":1084,"play_id":"b6da3cf4-22dc-44a7-8f23-e41005d2e753","local_time":"20181210001120","is_ascension_mode":true,"campfire_choices":[{"data":"Zap","floor":6.0,"key":"SMITH"},{"data":"Steam","floor":8.0,"key":"SMITH"},{"data":"Consume","floor":13.0,"key":"SMITH"},{"data":"Loop","floor":15.0,"key":"SMITH"},{"floor":24.0,"key":"REST"},{"floor":27.0,"key":"REST"},{"data":"Defragment","floor":30.0,"key":"SMITH"},{"floor":32.0,"key":"REST"},{"data":"Capacitor","floor":40.0,"key":"SMITH"},{"data":"Defragment","floor":47.0,"key":"SMITH"},{"floor":49.0,"key":"REST"}],"neow_cost":"NONE","seed_source_timestamp":0,"circlet_count":0,"master_deck":["AscendersBane","Strike_B+1","Strike_B+1","Defend_B","Defend_B","Zap+1","Dualcast","Steam+1","Glacier","Loop+1","Consume+1","Coolheaded","Darkness","All For One","Hologram","Defragment+1","Scrape+1","Electrodynamics","Leap+1","Capacitor+1","Loop+1","Stack","Go for the Eyes","Biased Cognition","Ball Lightning","Stack+1","Defragment+1","Finesse","Hologram","Conserve Battery","Amplify"],"special_seed":0,"relics":["FrozenCore","Regal Pillow","Whetstone","MawBank","Odd Mushroom","Sozu","Gremlin Horn","Smiling Mask","DollysMirror","Bottled Tornado","Membership Card","Mercury Hourglass","Bottled Lightning","HandDrill","Emotion Chip","Potion Belt"],"potions_floor_usage":[50],"damage_taken":[{"damage":7.0,"enemies":"Small Slimes","floor":1.0,"turns":4.0},{"damage":2.0,"enemies":"2 Louse","floor":4.0,"turns":3.0},{"damage":13.0,"enemies":"The Mushroom Lair","floor":12.0,"turns":5.0},{"damage":0.0,"enemies":"Cultist","floor":14.0,"turns":3.0},{"damage":51.0,"enemies":"Hexaghost","floor":16.0,"turns":19.0},{"damage":8.0,"enemies":"3 Byrds","floor":18.0,"turns":4.0},{"damage":2.0,"enemies":"Shell Parasite","floor":19.0,"turns":5.0},{"damage":7.0,"enemies":"Shelled Parasite and Fungi","floor":21.0,"turns":7.0},{"damage":29.0,"enemies":"Gremlin Leader","floor":23.0,"turns":6.0},{"damage":23.0,"enemies":"Snake Plant","floor":25.0,"turns":4.0},{"damage":47.0,"enemies":"Book of Stabbing","floor":29.0,"turns":6.0},{"damage":14.0,"enemies":"Centurion and Healer","floor":31.0,"turns":5.0},{"damage":4.0,"enemies":"Automaton","floor":33.0,"turns":11.0},{"damage":0.0,"enemies":"Orb Walker","floor":35.0,"turns":6.0},{"damage":18.0,"enemies":"3 Darklings","floor":36.0,"turns":5.0},{"damage":6.0,"enemies":"Writhing Mass","floor":44.0,"turns":7.0},{"damage":11.0,"enemies":"Jaw Worm Horde","floor":45.0,"turns":4.0},{"damage":2.0,"enemies":"Spire Growth","floor":48.0,"turns":6.0},{"damage":28,"enemies":"Awakened One","floor":50,"turns":10}],"seed_played":"-5872523404993613825","potions_obtained":[{"floor":1.0,"key":"AttackPotion"},{"floor":4.0,"key":"Ancient Potion"}],"is_trial":false,"path_per_floor":["M","?","?","M","?","R","?","R","T","?","$","?","R","M","R","B",null,"M","M","$","M","?","E","R","M","T","R","$","E","R","M","R","B",null,"M","M","$","?","?","R","T","?","T","M","M","$","R","M","R","B",null],"character_chosen":"DEFECT","items_purchased":["Loop","Consume","Defragment","Capacitor","DollysMirror","Membership Card","Defragment","HandDrill","Emotion Chip","Amplify","Potion Belt"],"campfire_rested":4,"item_purchase_floors":[11,11,20,28,28,37,37,46,46,46,46],"current_hp_per_floor":[61,43,75,73,73,73,73,73,73,73,73,60,60,60,60,9,59,51,49,49,42,42,13,50,27,27,64,64,17,17,3,40,36,65,65,47,47,47,47,47,47,47,47,41,30,30,30,28,64,36],"gold":137,"neow_bonus":"RANDOM_COMMON_RELIC","is_prod":false,"is_daily":false,"chose_seed":false,"campfire_upgraded":7,"win_rate":0,"timestamp":1544418680,"path_taken":["M","?","?","?","?","R","?","R","T","?","?","?","R","M","R","BOSS","M","M","$","M","?","E","R","?","T","R","$","E","R","M","R","BOSS","M","?","$","?","?","R","?","?","T","M","M","$","R","M","R","BOSS"],"build_version":"2018-12-06","purchased_purges":3,"victory":true,"max_hp_per_floor":[75,75,75,75,75,75,75,75,75,75,75,75,75,75,75,75,75,75,75,75,75,75,75,75,75,75,75,75,75,75,75,75,75,75,75,75,75,75,75,75,75,75,75,75,75,72,72,72,72,72],"card_choices":[{"not_picked":["Skim","Rebound"],"picked":"Tempest","floor":1.0},{"not_picked":["BootSequence","Stack"],"picked":"Steam","floor":4.0},{"not_picked":["Beam Cell","Go for the Eyes"],"picked":"Coolheaded","floor":12.0},{"not_picked":["Consume","Redo"],"picked":"Darkness","floor":14.0},{"not_picked":["Thunder Strike","Meteor Strike"],"picked":"All For One","floor":16.0},{"not_picked":["Sweeping Beam","Rebound"],"picked":"Hologram","floor":18.0},{"not_picked":["Cold Snap","Turbo"],"picked":"Streamline","floor":19.0},{"not_picked":["Redo","Genetic Algorithm"],"picked":"Scrape+1","floor":21.0},{"not_picked":["Gash","Fission"],"picked":"Electrodynamics","floor":23.0},{"not_picked":["Reprogram","Force Field"],"picked":"Leap+1","floor":25.0},{"not_picked":["Sweeping Beam","Blizzard"],"picked":"Stack","floor":29.0},{"not_picked":["Skim","Sunder"],"picked":"Go for the Eyes","floor":31.0},{"not_picked":["Rainbow","Hyperbeam"],"picked":"Biased Cognition","floor":33.0},{"not_picked":["Double Energy","Beam Cell+1"],"picked":"Ball Lightning","floor":35.0},{"not_picked":["Sweeping Beam","Thunder Strike"],"picked":"Stack+1","floor":36.0},{"not_picked":["Sadistic Nature","Good Instincts"],"picked":"Finesse","floor":38.0},{"not_picked":["Cold Snap+1","BootSequence"],"picked":"Hologram","floor":44.0},{"not_picked":["Chill","Scrape"],"picked":"Conserve Battery","floor":45.0}],"player_experience":711687,"relics_obtained":[{"floor":9.0,"key":"Whetstone"},{"floor":12.0,"key":"Odd Mushroom"},{"floor":23.0,"key":"Gremlin Horn"},{"floor":26.0,"key":"Smiling Mask"},{"floor":29.0,"key":"Bottled Tornado"},{"floor":41.0,"key":"Mercury Hourglass"},{"floor":43.0,"key":"Bottled Lightning"}],"event_choices":[{"damage_healed":0.0,"max_hp_gain":0.0,"max_hp_loss":0.0,"gold_gain":0.0,"event_name":"Golden Idol","player_choice":"Take Damage","floor":2.0,"gold_loss":0.0,"damage_taken":18.0,"relics_obtained":["Golden Idol"]},{"cards_removed":["Tempest"],"damage_healed":32.0,"max_hp_gain":0.0,"max_hp_loss":0.0,"gold_gain":0.0,"event_name":"Bonfire Elementals","player_choice":"Offered Uncommon","floor":3.0,"gold_loss":0.0,"damage_taken":0.0},{"damage_healed":0.0,"max_hp_gain":0.0,"max_hp_loss":0.0,"gold_gain":0.0,"cards_transformed":["Strike_B"],"event_name":"Living Wall","player_choice":"Change","floor":5.0,"gold_loss":0.0,"damage_taken":0.0,"cards_obtained":["Glacier"]},{"cards_removed":["Strike_B"],"damage_healed":0.0,"max_hp_gain":0.0,"max_hp_loss":0.0,"gold_gain":0.0,"event_name":"The Cleric","player_choice":"Card Removal","floor":7.0,"gold_loss":50.0,"damage_taken":0.0},{"damage_healed":0.0,"max_hp_gain":0.0,"max_hp_loss":0.0,"gold_gain":0.0,"event_name":"Dead Adventurer","player_choice":"Searched \u00271\u0027 times","floor":10.0,"gold_loss":0.0,"damage_taken":0.0,"relics_obtained":["MawBank"]},{"damage_healed":0.0,"max_hp_gain":0.0,"max_hp_loss":0.0,"gold_gain":0.0,"event_name":"Mushrooms","player_choice":"Fought Mushrooms","floor":12.0,"gold_loss":0.0,"damage_taken":0.0},{"damage_healed":0.0,"max_hp_gain":0.0,"max_hp_loss":0.0,"gold_gain":250.0,"event_name":"The Joust","player_choice":"Bet on Owner","floor":22.0,"gold_loss":50.0,"damage_taken":0.0},{"damage_healed":0.0,"max_hp_gain":0.0,"max_hp_loss":0.0,"gold_gain":0.0,"event_name":"SensoryStone","player_choice":"Memory 1","floor":38.0,"gold_loss":0.0,"damage_taken":0.0},{"cards_removed":["Streamline"],"damage_healed":0.0,"max_hp_gain":0.0,"max_hp_loss":0.0,"gold_gain":0.0,"event_name":"Falling","player_choice":"Removed Attack","floor":39.0,"gold_loss":0.0,"damage_taken":0.0},{"damage_healed":0.0,"max_hp_gain":0.0,"max_hp_loss":0.0,"gold_gain":333.0,"event_name":"The Moai Head","player_choice":"Gave Idol","floor":42.0,"relics_lost":["Golden Idol"],"gold_loss":0.0,"damage_taken":0.0}],"is_beta":false,"boss_relics":[{"not_picked":["Nuclear Battery","Philosopher\u0027s Stone"],"picked":"Sozu"},{"not_picked":["Cursed Key","Runic Pyramid"],"picked":"FrozenCore"}],"items_purged_floors":[20,28,46],"is_endless":false,"potions_floor_spawned":[1,4,19,25,31,45,48],"ascension_level":12}