{"gold_per_floor":[116,116,126,126,139,139,42,42,42,53,53,72,99,99,99,194,194,208,208,208,108,123,123,134,134,134,134,89,89,89,115,115,115],"floor_reached":33,"playtime":2940,"items_purged":["Strike_G","Strike_G"],"score":286,"play_id":"9a9a5a62-3e6b-40f8-883e-c581da89eb65","local_time":"20190204024019","is_ascension_mode":false,"campfire_choices":[{"data":"Outmaneuver","floor":6,"key":"SMITH"},{"data":"Infinite Blades","floor":11,"key":"SMITH"},{"floor":15,"key":"REST"},{"floor":23,"key":"REST"},{"floor":30,"key":"REST"},{"floor":32,"key":"REST"}],"neow_cost":"NONE","seed_source_timestamp":1144724960476656,"circlet_count":0,"master_deck":["Defend_G","Defend_G","Defend_G","Survivor","Neutralize+1","Escape Plan","Outmaneuver+1","Quick Slash","Sucker Punch","Infinite Blades+1","Dagger Spray","Noxious Fumes","A Thousand Cuts","Dagger Spray+1","Necronomicurse","Footwork+1","Acrobatics+1","Quick Slash","Bite","Bite","Bite","Bite","Bite","Endless Agony"],"relics":["Empty Cage","PreservedInsect","Mummified Hand","Black Star","Necronomicon","Meat on the Bone","Gremlin Horn","WingedGreaves","Toxic Egg 2"],"potions_floor_usage":[24,24,24,24,24],"damage_taken":[{"damage":5,"enemies":"Jaw Worm","floor":1,"turns":4},{"damage":2,"enemies":"Cultist","floor":3,"turns":5},{"damage":1,"enemies":"2 Louse","floor":5,"turns":4},{"damage":9,"enemies":"Red Slaver","floor":10,"turns":3},{"damage":5,"enemies":"Blue Slaver","floor":12,"turns":4},{"damage":13,"enemies":"Lagavulin","floor":13,"turns":5},{"damage":33,"enemies":"Slime Boss","floor":16,"turns":10},{"damage":28,"enemies":"2 Thieves","floor":18,"turns":5},{"damage":22,"enemies":"Spheric Guardian","floor":22,"turns":4},{"damage":35,"enemies":"Snake Plant","floor":24,"turns":6},{"damage":37,"enemies":"Book of Stabbing","floor":31,"turns":5},{"damage":70,"enemies":"Collector","floor":33,"turns":6}],"seed_played":"-7849501976882802144","potions_obtained":[{"floor":1,"key":"SteroidPotion"},{"floor":3,"key":"FairyPotion"},{"floor":13,"key":"EntropicBrew"},{"floor":16,"key":"PowerPotion"}],"is_trial":false,"path_per_floor":["?","M","?","M","?","?","?","?","M","?","T","?"],"character_chosen":"THE_SILENT","items_purchased":["Sucker Punch","Quick Slash"],"campfire_rested":4,"item_purchase_floors":[7,28],"current_hp_per_floor":[65,65,63,63,62,62,62,59,59,50,50,45,32,32,53,22,70,42,26,26,26,6,27,1,24,24,24,24,24,45,32,53,0],"gold":115,"neow_bonus":"BOSS_RELIC","is_prod":false,"is_daily":false,"chose_seed":false,"campfire_upgraded":2,"win_rate":0.0,"timestamp":1549244419,"path_taken":["M","?","?","?","?","R","$","?","T","M","R","M","E","?","R","BOSS","M","?","?","$","?","R","M","?","T","?","$","?","R","E","R","BOSS"],"build_version":"2019-01-23","purchased_purges":2,"victory":false,"max_hp_per_floor":[70,70,70,70,70,70,70,70,70,70,70,70,70,70,70,70,70,70,70,70,70,70,70,70,70,70,70,70,70,70,70,70,70],"card_choices":[{"not_picked":["Terror","Deadly Poison"],"picked":"Escape Plan","floor":1},{"not_picked":["Eviscerate","Noxious Fumes"],"picked":"Outmaneuver","floor":3},{"not_picked":["Prepared","PiercingWail"],"picked":"Quick Slash","floor":5},{"not_picked":["Blade Dance","Calculated Gamble"],"picked":"Infinite Blades","floor":10},{"not_picked":["Sucker Punch","Bouncing Flask"],"picked":"Dagger Spray","floor":12},{"not_picked":["Deflect","Poisoned Stab"],"picked":"Noxious Fumes","floor":13},{"not_picked":["Malaise","Phantasmal Killer"],"picked":"A Thousand Cuts","floor":16},{"not_picked":["Acrobatics","Flying Knee+1"],"picked":"Dagger Spray+1","floor":18},{"not_picked":["Slice","Outmaneuver+1"],"picked":"Footwork+1","floor":22},{"not_picked":["Blur","Footwork"],"picked":"Acrobatics+1","floor":24},{"not_picked":["Dodge and Roll","Deflect"],"picked":"Endless Agony","floor":31}],"player_experience":11576,"relics_obtained":[{"floor":9,"key":"Mummified Hand"},{"floor":13,"key":"Blood Vial"},{"floor":19,"key":"Necronomicon"},{"floor":26,"key":"Meat on the Bone"},{"floor":27,"key":"Gremlin Horn"},{"floor":31,"key":"WingedGreaves"},{"floor":31,"key":"Toxic Egg 2"}],"event_choices":[{"damage_healed":0,"gold_gain":0,"player_choice":"Upgraded","damage_taken":0,"max_hp_gain":0,"max_hp_loss":0,"event_name":"Upgrade Shrine","floor":2,"gold_loss":0,"cards_upgraded":["Neutralize"]},{"cards_removed":["Defend_G"],"damage_healed":0,"gold_gain":0,"player_choice":"Offered Basic","damage_taken":0,"max_hp_gain":0,"max_hp_loss":0,"event_name":"Bonfire Elementals","floor":4,"gold_loss":0},{"damage_healed":0,"gold_gain":0,"player_choice":"Success","damage_taken":3,"relics_obtained":["PreservedInsect"],"max_hp_gain":0,"max_hp_loss":0,"event_name":"Scrap Ooze","floor":8,"gold_loss":0},{"damage_healed":0,"gold_gain":0,"player_choice":"Ignored","damage_taken":0,"max_hp_gain":0,"max_hp_loss":0,"event_name":"Liars Game","floor":14,"gold_loss":0},{"damage_healed":0,"gold_gain":0,"player_choice":"Obtained Book","damage_taken":16,"max_hp_gain":0,"max_hp_loss":0,"event_name":"Cursed Tome","floor":19,"gold_loss":0},{"damage_healed":0,"gold_gain":0,"player_choice":"Ignored","damage_taken":0,"max_hp_gain":0,"max_hp_loss":0,"event_name":"Ghosts","floor":20,"gold_loss":0},{"damage_healed":23,"gold_gain":0,"player_choice":"Heal","damage_taken":0,"max_hp_gain":0,"max_hp_loss":0,"event_name":"The Library","floor":25,"gold_loss":0},{"damage_healed":0,"gold_gain":0,"player_choice":"Became a vampire (Vial)","damage_taken":0,"max_hp_gain":0,"max_hp_loss":0,"event_name":"Vampires","floor":29,"relics_lost":["Blood Vial"],"gold_loss":0,"cards_obtained":["Bite","Bite","Bite","Bite","Bite"]}],"is_beta":false,"boss_relics":[{"not_picked":["Cursed Key","Runic Dome"],"picked":"Black Star"}],"items_purged_floors":[7,21],"is_endless":false,"potions_floor_spawned":[1,3,13,16,18,22],"killed_by":"Collector","ascension_level":0}