{"gold_per_floor":[117,117,67,84,9,44,119,119,143,143,155,167,167,183,183,285,285,297,297,297,314,239,270,270,15,15,15,15,32,48,48,48,148,148,165,40,40,55,68,68,68],"floor_reached":41,"playtime":4381,"items_purged":["Defend_G","Strike_G","Defend_G"],"score":434,"play_id":"fa8d4f75-45e9-4a59-b42e-5ff8acdbe03d","local_time":"20190206231157","is_ascension_mode":false,"campfire_choices":[{"data":"Neutralize","floor":8,"key":"SMITH"},{"data":"Survivor","floor":10,"key":"SMITH"},{"floor":15,"key":"REST"},{"data":"Adrenaline","floor":24,"key":"SMITH"},{"floor":28,"key":"REST"},{"floor":32,"key":"REST"},{"floor":40,"key":"REST"}],"neow_cost":"NONE","seed_source_timestamp":1389985063358868,"circlet_count":0,"master_deck":["Defend_G","Strike_G+1","Survivor+1","Neutralize+1","Heel Hook","Flying Knee","Cloak And Dagger+1","Noxious Fumes","Accuracy","Adrenaline+1","Cloak And Dagger","Backflip","RitualDagger","Acrobatics+1","Flechettes+1","Blade Dance","Iron Wave","Die Die Die","Outmaneuver+1","Flying Knee+1"],"relics":["Ring of the Snake","NeowsBlessing","Letter Opener","Boot","Lizard Tail","Matryoshka","Omamori","Centennial Puzzle","Du-Vu Doll","HoveringKite"],"potions_floor_usage":[16,16,18,21,21,33,33],"damage_taken":[{"damage":0,"enemies":"Small Slimes","floor":1,"turns":1},{"damage":0,"enemies":"2 Louse","floor":4,"turns":1},{"damage":0,"enemies":"Gremlin Nob","floor":6,"turns":1},{"damage":0,"enemies":"Jaw Worm","floor":11,"turns":2},{"damage":4,"enemies":"3 Louse","floor":12,"turns":3},{"damage":1,"enemies":"Exordium Wildlife","floor":14,"turns":3},{"damage":13,"enemies":"Hexaghost","floor":16,"turns":8},{"damage":0,"enemies":"Spheric Guardian","floor":18,"turns":4},{"damage":23,"enemies":"2 Thieves","floor":21,"turns":4},{"damage":45,"enemies":"Slavers","floor":23,"turns":6},{"damage":3,"enemies":"Centurion and Healer","floor":29,"turns":3},{"damage":18,"enemies":"Chosen and Byrds","floor":30,"turns":6},{"damage":69,"enemies":"Champ","floor":33,"turns":9},{"damage":0,"enemies":"Orb Walker","floor":35,"turns":2},{"damage":25,"enemies":"3 Shapes","floor":38,"turns":3},{"damage":37,"enemies":"3 Darklings","floor":39,"turns":6},{"damage":32,"enemies":"Transient","floor":41,"turns":5}],"seed_played":"1747879962208721823","potions_obtained":[{"floor":6,"key":"GamblersBrew"},{"floor":11,"key":"SteroidPotion"},{"floor":12,"key":"GamblersBrew"},{"floor":14,"key":"FearPotion"},{"floor":16,"key":"Block Potion"},{"floor":18,"key":"FearPotion"},{"floor":29,"key":"Regen Potion"},{"floor":30,"key":"Strength Potion"}],"is_trial":false,"path_per_floor":["?","?","?","M","?","?","?","?","?","M","?","$","?","M"],"character_chosen":"THE_SILENT","items_purchased":["Omamori"],"campfire_rested":4,"item_purchase_floors":[25],"current_hp_per_floor":[70,63,63,63,63,63,52,52,52,52,52,48,34,33,54,41,70,70,70,64,41,41,35,35,35,35,35,56,53,35,35,56,2,70,70,70,70,45,8,29,0],"gold":68,"neow_bonus":"THREE_ENEMY_KILL","is_prod":false,"is_daily":false,"chose_seed":false,"campfire_upgraded":3,"win_rate":0.0,"timestamp":1549491117,"path_taken":["M","?","?","M","$","E","?","R","T","R","?","M","?","M","R","BOSS","M","?","?","M","?","E","R","$","T","?","R","?","M","?","R","BOSS","M","?","?","M","M","R","?"],"build_version":"2019-01-23","purchased_purges":3,"victory":false,"max_hp_per_floor":[70,70,70,70,70,70,70,70,70,70,70,70,70,70,70,70,70,70,70,70,70,70,70,70,70,70,70,70,70,70,70,70,70,70,70,70,70,70,70,70,70],"card_choices":[{"not_picked":["Dodge and Roll","Prepared","Eviscerate"],"picked":"SKIP","floor":1},{"not_picked":["Underhanded Strike","Deflect"],"picked":"Heel Hook","floor":4},{"not_picked":["Reflex","Eviscerate"],"picked":"Flying Knee","floor":6},{"not_picked":["A Thousand Cuts","Deadly Poison"],"picked":"Cloak And Dagger","floor":11},{"not_picked":["Quick Slash","Tactician"],"picked":"Noxious Fumes","floor":12},{"not_picked":["Deadly Poison","Choke"],"picked":"Accuracy","floor":14},{"not_picked":["After Image","Wraith Form v2"],"picked":"Adrenaline","floor":16},{"not_picked":["Deflect","Dodge and Roll"],"picked":"Cloak And Dagger","floor":18},{"not_picked":["Poisoned Stab","Dodge and Roll"],"picked":"Acrobatics+1","floor":21},{"not_picked":["Quick Slash+1","Slice"],"picked":"Flechettes+1","floor":23},{"not_picked":["Backflip","Endless Agony"],"picked":"Blade Dance","floor":29},{"not_picked":["Dagger Throw","Poisoned Stab","Deflect"],"picked":"SKIP","floor":30},{"not_picked":["Glass Knife","Wraith Form v2"],"picked":"Die Die Die","floor":33},{"not_picked":["Prepared","Underhanded Strike"],"picked":"Outmaneuver+1","floor":35},{"not_picked":["Dodge and Roll+1","Underhanded Strike+1"],"picked":"Flying Knee+1","floor":38},{"not_picked":["Riddle With Holes","Distraction","Flechettes"],"picked":"SKIP","floor":39}],"player_experience":47853,"relics_obtained":[{"floor":6,"key":"Letter Opener"},{"floor":9,"key":"Boot"},{"floor":23,"key":"Matryoshka"},{"floor":26,"key":"Centennial Puzzle"},{"floor":26,"key":"Du-Vu Doll"}],"event_choices":[{"cards_removed":["Defend_G"],"damage_healed":0,"gold_gain":0,"player_choice":"Card Removal","damage_taken":7,"max_hp_gain":0,"max_hp_loss":0,"event_name":"Golden Wing","floor":2,"gold_loss":0},{"cards_removed":["Strike_G"],"damage_healed":0,"gold_gain":0,"player_choice":"Card Removal","damage_taken":0,"max_hp_gain":0,"max_hp_loss":0,"event_name":"The Cleric","floor":3,"gold_loss":50},{"damage_healed":0,"gold_gain":75,"player_choice":"Gather Gold","damage_taken":11,"max_hp_gain":0,"max_hp_loss":0,"event_name":"World of Goop","floor":7,"gold_loss":0},{"damage_healed":0,"gold_gain":0,"player_choice":"Entered Light","damage_taken":14,"max_hp_gain":0,"max_hp_loss":0,"event_name":"Shining Light","floor":13,"gold_loss":0,"cards_upgraded":["Cloak And Dagger","Strike_G"]},{"damage_healed":0,"gold_gain":0,"player_choice":"Read","damage_taken":0,"max_hp_gain":0,"max_hp_loss":0,"event_name":"The Library","floor":19,"gold_loss":0,"cards_obtained":["Backflip"]},{"damage_healed":0,"gold_gain":0,"player_choice":"Joined the Cult","damage_taken":6,"max_hp_gain":0,"max_hp_loss":0,"event_name":"Nest","floor":20,"gold_loss":0,"cards_obtained":["RitualDagger"]},{"cards_removed":["Strike_G"],"damage_healed":0,"gold_gain":0,"player_choice":"Gave Gold","damage_taken":0,"max_hp_gain":0,"max_hp_loss":0,"event_name":"Beggar","floor":22,"gold_loss":75},{"cards_removed":["Strike_G"],"damage_healed":0,"gold_gain":0,"player_choice":"Purged","damage_taken":0,"max_hp_gain":0,"max_hp_loss":0,"event_name":"Purifier","floor":27,"gold_loss":0},{"cards_removed":["Defend_G"],"damage_healed":0,"gold_gain":0,"player_choice":"Took Card","damage_taken":0,"max_hp_gain":0,"max_hp_loss":0,"event_name":"NoteForYourself","floor":31,"gold_loss":0,"cards_obtained":["Iron Wave"]},{"damage_healed":0,"gold_gain":0,"player_choice":"Ignored","damage_taken":0,"max_hp_gain":0,"max_hp_loss":0,"event_name":"SecretPortal","floor":37,"gold_loss":0}],"is_beta":false,"boss_relics":[{"not_picked":["Astrolabe","White Beast Statue"],"picked":"Lizard Tail"},{"not_picked":["Black Star","Tiny House"],"picked":"HoveringKite"}],"items_purged_floors":[5,25,36],"is_endless":false,"potions_floor_spawned":[6,11,12,14,16,18,29,30],"killed_by":"Transient","ascension_level":0}