{"gold_per_floor":[117,81,156,172,183,183,83,83,83,83,69,69,69,109,109,228,228,247,101,101,119,119,119,119],"floor_reached":24,"playtime":2708,"items_purged":["Strike_R","Strike_R"],"score":192,"play_id":"973c8631-1497-42f7-b72e-09484a29ad30","local_time":"20190202193117","is_ascension_mode":false,"campfire_choices":[{"data":"Rampage","floor":6,"key":"SMITH"},{"data":"Bash","floor":8,"key":"SMITH"},{"floor":13,"key":"REST"},{"data":"Uppercut","floor":15,"key":"SMITH"},{"floor":23,"key":"REST"}],"neow_cost":"","seed_source_timestamp":1032812188400995,"circlet_count":0,"master_deck":["Strike_R","Defend_R","Defend_R","Defend_R","Defend_R","Bash+1","Thunderclap","Rampage+1","Metallicize","Headbutt","Shrug It Off","Iron Wave","Uppercut+1","Demon Form","Parasite","Armaments+1","Rampage+1","Anger+1","Twin Strike","Anger+1"],"relics":["Burning Blood","Matryoshka","Golden Idol","Astrolabe","Nloth\u0027s Gift"],"potions_floor_usage":[],"damage_taken":[{"damage":5,"enemies":"Cultist","floor":1,"turns":4},{"damage":8,"enemies":"Jaw Worm","floor":4,"turns":4},{"damage":6,"enemies":"Small Slimes","floor":5,"turns":4},{"damage":23,"enemies":"Exordium Thugs","floor":11,"turns":6},{"damage":28,"enemies":"Lagavulin","floor":14,"turns":5},{"damage":45,"enemies":"The Guardian","floor":16,"turns":11},{"damage":39,"enemies":"3 Byrds","floor":18,"turns":9},{"damage":9,"enemies":"Chosen","floor":21,"turns":6},{"damage":72,"enemies":"Gremlin Leader","floor":24,"turns":4}],"seed_played":"-1886671587310122047","potions_obtained":[{"floor":4,"key":"LiquidBronze"},{"floor":18,"key":"GamblersBrew"}],"is_trial":false,"path_per_floor":["$","?","M","?","?","$"],"character_chosen":"IRONCLAD","items_purchased":["Rampage","Shrug It Off","Twin Strike"],"campfire_rested":2,"item_purchase_floors":[2,7,19],"current_hp_per_floor":[80,80,72,70,70,70,70,70,70,70,53,53,77,55,55,16,80,47,47,47,44,44,68,0],"gold":119,"neow_bonus":"","is_prod":false,"is_daily":false,"chose_seed":false,"campfire_upgraded":3,"win_rate":0.0,"timestamp":1549132277,"path_taken":["M","?","?","M","?","R","$","R","T","?","M","$","R","E","R","BOSS","M","$","?","M","?","R","E"],"build_version":"2019-01-23","purchased_purges":2,"victory":false,"max_hp_per_floor":[80,80,80,80,80,80,80,80,80,80,80,80,80,80,80,80,80,80,80,80,80,80,80,80],"card_choices":[{"not_picked":["Anger","Clash"],"picked":"Thunderclap","floor":1},{"not_picked":["Thunderclap","Pummel"],"picked":"Metallicize","floor":4},{"not_picked":["Berserk","Feel No Pain"],"picked":"Headbutt","floor":5},{"not_picked":["Whirlwind","Armaments"],"picked":"Iron Wave","floor":11},{"not_picked":["Reckless Charge","Anger"],"picked":"Uppercut","floor":14},{"not_picked":["Juggernaut","Offering","Brutality"],"picked":"Demon Form","floor":16},{"not_picked":["Combust+1","Feel No Pain","Rampage"],"picked":"Anger+1","floor":18},{"not_picked":["Feel No Pain","Shrug It Off"],"picked":"Anger+1","floor":21}],"player_experience":0,"relics_obtained":[{"floor":9,"key":"Matryoshka"},{"floor":14,"key":"Question Card"}],"event_choices":[{"damage_healed":0,"gold_gain":75,"player_choice":"Touch","damage_taken":8,"max_hp_gain":0,"max_hp_loss":0,"event_name":"FaceTrader","floor":3,"gold_loss":0},{"damage_healed":0,"gold_gain":0,"player_choice":"Take Wound","damage_taken":0,"relics_obtained":["Golden Idol"],"max_hp_gain":0,"max_hp_loss":0,"event_name":"Golden Idol","floor":10,"gold_loss":0,"cards_obtained":["Injury"]},{"damage_healed":0,"gold_gain":0,"player_choice":"Traded Relic","damage_taken":0,"relics_obtained":["Nloth\u0027s Gift"],"max_hp_gain":0,"max_hp_loss":0,"event_name":"N\u0027loth","floor":20,"relics_lost":["Question Card"],"gold_loss":0}],"is_beta":false,"boss_relics":[{"not_picked":["Ectoplasm","Busted Crown"],"picked":"Astrolabe"}],"items_purged_floors":[7,19],"is_endless":false,"potions_floor_spawned":[4,18],"killed_by":"Gremlin Leader","ascension_level":0}