{"gold_per_floor":[10,10,10,27,46,79,79,89,89,105,105,105,105,123,123,221,221,232,244,257,12,12,23,23,23,23,23,37,37,37,47,47,150,150,165,216,216,216,229,229,229,229,256,268,299,322,50,0,0,0],"floor_reached":50,"playtime":2634,"items_purged":["Strike_B"],"score":517,"play_id":"cfdacadb-ff2a-4df8-be25-72bfea2c2a07","local_time":"20190203224852","is_ascension_mode":false,"campfire_choices":[{"floor":7,"key":"REST"},{"floor":11,"key":"REST"},{"data":"Zap","floor":13,"key":"SMITH"},{"data":"Dualcast","floor":15,"key":"SMITH"},{"floor":25,"key":"REST"},{"data":"Double Energy","floor":27,"key":"SMITH"},{"data":"White Noise","floor":29,"key":"SMITH"},{"floor":32,"key":"REST"},{"data":"White Noise","floor":40,"key":"SMITH"},{"data":"Buffer","floor":42,"key":"SMITH"},{"data":"Mind Blast","floor":44,"key":"SMITH"},{"floor":49,"key":"RECALL"}],"neow_cost":"NO_GOLD","seed_source_timestamp":14924417567300,"circlet_count":0,"master_deck":["Defend_B","Defend_B","Defend_B","Defend_B","Zap+1","Dualcast+1","Mind Blast+1","Thinking Ahead","FTL","Double Energy+1","Go for the Eyes","Hologram","Buffer+1","Melter","Coolheaded","Glacier","Rainbow","White Noise+1","Ball Lightning","Conserve Battery","Chill","FTL","White Noise+1","Seek","Coolheaded","Coolheaded","Mayhem","Ghostly","Ghostly","Ghostly","Ghostly","Ghostly","Biased Cognition","Conserve Battery","Compile Driver+1","Ball Lightning+1","Creative AI","Conserve Battery+1","Glacier+1","Flash of Steel+1","Cold Snap+1","Conserve Battery"],"relics":["Cracked Core","Dream Catcher","Letter Opener","Orrery","Molten Egg 2","Philosopher\u0027s Stone","Ginger","MawBank","Bottled Tornado","Red Mask"],"potions_floor_usage":[6,16,16,28,28,33,33,36,39,39,45,50,50],"damage_taken":[{"damage":6,"enemies":"Jaw Worm","floor":1,"turns":3},{"damage":5,"enemies":"Small Slimes","floor":4,"turns":3},{"damage":0,"enemies":"Cultist","floor":5,"turns":3},{"damage":39,"enemies":"3 Sentries","floor":6,"turns":9},{"damage":1,"enemies":"3 Louse","floor":8,"turns":3},{"damage":0,"enemies":"Red Slaver","floor":10,"turns":3},{"damage":3,"enemies":"Exordium Wildlife","floor":14,"turns":3},{"damage":14,"enemies":"The Guardian","floor":16,"turns":9},{"damage":8,"enemies":"Shell Parasite","floor":18,"turns":4},{"damage":10,"enemies":"Chosen","floor":19,"turns":4},{"damage":9,"enemies":"Centurion and Healer","floor":20,"turns":6},{"damage":13,"enemies":"Shelled Parasite and Fungi","floor":23,"turns":6},{"damage":10,"enemies":"Cultist and Chosen","floor":28,"turns":4},{"damage":12,"enemies":"Snake Plant","floor":31,"turns":2},{"damage":18,"enemies":"Champ","floor":33,"turns":10},{"damage":3,"enemies":"3 Darklings","floor":35,"turns":5},{"damage":1,"enemies":"2 Orb Walkers","floor":36,"turns":5},{"damage":0,"enemies":"Orb Walker","floor":39,"turns":2},{"damage":1,"enemies":"Maw","floor":45,"turns":9},{"damage":0,"enemies":"Jaw Worm Horde","floor":46,"turns":5},{"damage":42,"enemies":"Time Eater","floor":50,"turns":11}],"seed_played":"-2431507553661516999","potions_obtained":[{"floor":1,"key":"EssenceOfSteel"},{"floor":5,"key":"FearPotion"},{"floor":10,"key":"PowerPotion"},{"floor":14,"key":"AttackPotion"},{"floor":19,"key":"SteroidPotion"},{"floor":23,"key":"FocusPotion"},{"floor":31,"key":"FearPotion"},{"floor":33,"key":"Weak Potion"},{"floor":38,"key":"SteroidPotion"},{"floor":38,"key":"AttackPotion"},{"floor":38,"key":"AttackPotion"},{"floor":39,"key":"FocusPotion"},{"floor":46,"key":"LiquidBronze"}],"is_trial":false,"path_per_floor":["M","?","?","M","M","E","R","M","T","M","R","?","R","M","R","B",null,"M","M","M","$","?","M","?","R","T","R","M","R","?","M","R","B",null,"M","?","?","?","M","R","?","R","T","R","M","M","$","?","R","B"],"character_chosen":"DEFECT","items_purchased":["Mayhem","Bottled Tornado","Conserve Battery"],"campfire_rested":4,"item_purchase_floors":[21,47,47],"current_hp_per_floor":[69,66,66,61,61,22,44,43,43,43,65,65,65,62,62,48,75,67,57,48,48,37,24,24,35,35,35,25,25,25,13,24,6,37,34,33,33,33,33,33,33,33,33,33,32,32,32,32,32,0],"gold":0,"neow_bonus":"RANDOM_COLORLESS_2","is_prod":false,"is_daily":false,"chose_seed":false,"campfire_upgraded":7,"win_rate":0,"timestamp":1549205332,"path_taken":["M","?","?","M","M","E","R","?","T","M","R","?","R","M","R","BOSS","M","M","M","$","?","M","?","R","T","R","?","R","?","M","R","BOSS","M","?","?","?","?","R","?","R","T","R","M","M","$","?","R","BOSS"],"build_version":"2019-01-23","purchased_purges":1,"victory":false,"max_hp_per_floor":[75,75,75,75,75,75,75,75,75,75,75,75,75,75,75,75,75,75,75,75,75,37,37,37,37,37,37,37,37,37,37,37,37,37,37,37,37,37,37,37,37,37,37,37,37,37,37,37,37,37],"card_choices":[{"not_picked":["Gash","Cold Snap"],"picked":"FTL","floor":1},{"not_picked":["Barrage","Sweeping Beam"],"picked":"Double Energy","floor":4},{"not_picked":["Recycle","Hologram"],"picked":"Go for the Eyes","floor":5},{"not_picked":["Sweeping Beam","Go for the Eyes"],"picked":"Hologram","floor":6},{"not_picked":["Doom and Gloom","Ball Lightning"],"picked":"Buffer","floor":7},{"not_picked":["Turbo","Recycle"],"picked":"Melter","floor":8},{"not_picked":["Streamline","Sweeping Beam"],"picked":"Coolheaded","floor":10},{"not_picked":["Recycle","Static Discharge"],"picked":"Glacier","floor":11},{"not_picked":["Redo","Ball Lightning"],"picked":"White Noise","floor":14},{"not_picked":["Streamline","Leap"],"picked":"Ball Lightning","floor":17},{"not_picked":["Blizzard","Go for the Eyes"],"picked":"Conserve Battery","floor":17},{"not_picked":["Redo","Loop"],"picked":"Chill","floor":17},{"not_picked":["Double Energy","Coolheaded"],"picked":"FTL","floor":17},{"not_picked":["BootSequence","Rip and Tear"],"picked":"White Noise","floor":17},{"not_picked":["Sweeping Beam","Reprogram+1"],"picked":"Seek","floor":18},{"not_picked":["Go for the Eyes+1","Sunder"],"picked":"Coolheaded","floor":19},{"not_picked":["Consume","Streamline"],"picked":"Coolheaded","floor":20},{"not_picked":["Rebound","Sunder","Tempest"],"picked":"SKIP","floor":23},{"not_picked":["Leap","Consume"],"picked":"Biased Cognition","floor":25},{"not_picked":["Beam Cell+1","Lockon+1"],"picked":"Conserve Battery","floor":28},{"not_picked":["Sweeping Beam+1","Redo"],"picked":"Turbo","floor":31},{"not_picked":["Steam Power+1","Fusion"],"picked":"Ball Lightning+1","floor":32},{"not_picked":["Rainbow","Machine Learning"],"picked":"Creative AI","floor":33},{"not_picked":["Redo","Undo"],"picked":"Conserve Battery+1","floor":35},{"not_picked":["Genetic Algorithm+1","Redo+1"],"picked":"Glacier+1","floor":39},{"not_picked":["Enlightenment","Finesse"],"picked":"Flash of Steel+1","floor":41},{"not_picked":["Redo+1","Turbo"],"picked":"Cold Snap+1","floor":45},{"not_picked":["Capacitor","Auto Shields","Rebound+1"],"picked":"SKIP","floor":46}],"player_experience":329986,"relics_obtained":[{"floor":6,"key":"Letter Opener"},{"floor":26,"key":"Molten Egg 2"},{"floor":36,"key":"Ginger"},{"floor":43,"key":"MawBank"}],"event_choices":[{"damage_healed":0,"gold_gain":0,"player_choice":"Success","damage_taken":3,"relics_obtained":["Dream Catcher"],"max_hp_gain":0,"max_hp_loss":0,"event_name":"Scrap Ooze","floor":2,"gold_loss":0},{"cards_removed":["Strike_B"],"damage_healed":0,"gold_gain":0,"player_choice":"Purged","damage_taken":0,"max_hp_gain":0,"max_hp_loss":0,"event_name":"Purifier","floor":3,"gold_loss":0},{"damage_healed":0,"gold_gain":0,"cards_transformed":["Strike_B"],"player_choice":"Transformed","damage_taken":0,"max_hp_gain":0,"max_hp_loss":0,"event_name":"Transmorgrifier","floor":12,"gold_loss":0,"cards_obtained":["Rainbow"]},{"damage_healed":0,"gold_gain":0,"player_choice":"Became a Ghost","damage_taken":0,"max_hp_gain":0,"max_hp_loss":38,"event_name":"Ghosts","floor":22,"gold_loss":0,"cards_obtained":["Ghostly","Ghostly","Ghostly","Ghostly","Ghostly"]},{"cards_removed":["Strike_B"],"damage_healed":0,"gold_gain":0,"player_choice":"Purged","damage_taken":0,"max_hp_gain":0,"max_hp_loss":0,"event_name":"Purifier","floor":24,"gold_loss":0},{"damage_healed":0,"gold_gain":0,"player_choice":"Read","damage_taken":0,"max_hp_gain":0,"max_hp_loss":0,"event_name":"The Library","floor":30,"gold_loss":0,"cards_obtained":["Compile Driver"]},{"damage_healed":0,"gold_gain":0,"player_choice":"Fight","damage_taken":0,"max_hp_gain":0,"max_hp_loss":0,"event_name":"Mysterious Sphere","floor":36,"gold_loss":0},{"cards_removed":["Turbo"],"damage_healed":0,"gold_gain":0,"player_choice":"Removed Skill","damage_taken":0,"max_hp_gain":0,"max_hp_loss":0,"event_name":"Falling","floor":37,"gold_loss":0},{"damage_healed":0,"gold_gain":0,"player_choice":"Got Potions","damage_taken":0,"max_hp_gain":0,"max_hp_loss":0,"event_name":"Lab","floor":38,"gold_loss":0},{"damage_healed":0,"gold_gain":0,"player_choice":"Memory 1","damage_taken":0,"max_hp_gain":0,"max_hp_loss":0,"event_name":"SensoryStone","floor":41,"gold_loss":0},{"damage_healed":0,"gold_gain":0,"player_choice":"Paid","damage_taken":0,"relics_obtained":["Red Mask"],"max_hp_gain":0,"max_hp_loss":0,"event_name":"Tomb of Lord Red Mask","floor":48,"gold_loss":50}],"is_beta":false,"boss_relics":[{"not_picked":["Calling Bell","Cursed Key"],"picked":"Orrery"},{"not_picked":["Pandora\u0027s Box","Tiny House"],"picked":"Philosopher\u0027s Stone"}],"items_purged_floors":[21],"is_endless":false,"potions_floor_spawned":[1,5,10,14,19,23,31,33,39,46],"killed_by":"Time Eater","ascension_level":0}