{"gold_per_floor":[112,37,54,4,24,24,44,70,150,50,50,69,87,118,118,222,222,233,27,27,27,47,47,47],"floor_reached":24,"playtime":1120,"items_purged":["Strike_R","Strike_R","Strike_R"],"score":196,"play_id":"e958e674-be60-48fb-a602-a329ca73de0a","local_time":"20181019150955","is_ascension_mode":false,"campfire_choices":[{"data":"Inflame","floor":6,"key":"SMITH"},{"data":"Whirlwind","floor":11,"key":"SMITH"},{"floor":15,"key":"REST"},{"data":"Barricade","floor":23,"key":"SMITH"}],"neow_cost":"NONE","seed_source_timestamp":17638369008300,"circlet_count":0,"master_deck":["Strike_R","Defend_R","Defend_R","Defend_R","Defend_R","Bash+1","Shrug It Off","Pommel Strike","Inflame+1","Metallicize","Whirlwind+1","Inflame","Heavy Blade","Barricade+1","Feel No Pain","Wild Strike","Barricade","Feel No Pain"],"relics":["Burning Blood","Odd Mushroom","Bottled Flame","Oddly Smooth Stone","Velvet Choker","MutagenicStrength"],"potions_floor_usage":[14,14,24,24],"damage_taken":[{"damage":6,"enemies":"Cultist","floor":1,"turns":3},{"damage":1,"enemies":"Jaw Worm","floor":3,"turns":4},{"damage":0,"enemies":"2 Louse","floor":5,"turns":2},{"damage":16,"enemies":"Large Slime","floor":7,"turns":5},{"damage":30,"enemies":"The Mushroom Lair","floor":8,"turns":6},{"damage":2,"enemies":"Looter","floor":12,"turns":4},{"damage":0,"enemies":"3 Louse","floor":13,"turns":1},{"damage":17,"enemies":"Gremlin Nob","floor":14,"turns":4},{"damage":50,"enemies":"Hexaghost","floor":16,"turns":9},{"damage":0,"enemies":"3 Byrds","floor":18,"turns":4},{"damage":20,"enemies":"2 Thieves","floor":22,"turns":2},{"damage":66,"enemies":"Book of Stabbing","floor":24,"turns":7}],"seed_played":"6343503515313169513","potions_obtained":[{"floor":1,"key":"PowerPotion"},{"floor":7,"key":"GamblersBrew"},{"floor":13,"key":"AttackPotion"},{"floor":18,"key":"FearPotion"}],"is_trial":false,"path_per_floor":["M","$","M","?","M","R","M","?","T","$","R","M","M","E","R","B",null,"M","$","?","?","M","R"],"character_chosen":"IRONCLAD","items_purchased":["Feel No Pain"],"campfire_rested":1,"item_purchase_floors":[19],"current_hp_per_floor":[80,80,80,80,80,80,70,46,46,46,46,50,56,45,69,25,80,80,80,80,80,66,66,0],"gold":47,"neow_bonus":"UPGRADE_CARD","is_prod":false,"is_daily":false,"chose_seed":false,"campfire_upgraded":3,"win_rate":0,"timestamp":1539932995,"path_taken":["M","$","M","?","M","R","M","?","T","?","R","?","M","E","R","BOSS","M","$","?","?","M","R","E"],"build_version":"2018-10-18","purchased_purges":3,"victory":false,"max_hp_per_floor":[80,80,80,80,80,80,80,80,80,80,80,80,80,80,80,80,80,80,80,80,80,80,80,80],"card_choices":[{"not_picked":["Uppercut","Heavy Blade"],"picked":"Shrug It Off","floor":1},{"not_picked":["Headbutt","Sword Boomerang"],"picked":"Pommel Strike","floor":3},{"not_picked":["Body Slam","Evolve"],"picked":"Inflame","floor":5},{"not_picked":["Anger","Power Through"],"picked":"Metallicize","floor":7},{"not_picked":["Shrug It Off","Rupture"],"picked":"Whirlwind","floor":8},{"not_picked":["Corruption","Wild Strike","Entrench"],"picked":"SKIP","floor":12},{"not_picked":["Anger","Power Through"],"picked":"Inflame","floor":13},{"not_picked":["Hemokinesis","Pummel"],"picked":"Heavy Blade","floor":14},{"not_picked":["Immolate","Double Tap"],"picked":"Barricade","floor":16},{"not_picked":["Dropkick+1","Armaments","Headbutt"],"picked":"SKIP","floor":18},{"not_picked":["Clash","Iron Wave+1"],"picked":"Feel No Pain","floor":22}],"player_experience":39463,"relics_obtained":[{"floor":8,"key":"Odd Mushroom"},{"floor":9,"key":"Bottled Flame"},{"floor":14,"key":"Oddly Smooth Stone"}],"event_choices":[{"cards_removed":["Strike_R"],"damage_healed":0,"gold_gain":0,"player_choice":"Card Removal","damage_taken":0,"max_hp_gain":0,"max_hp_loss":0,"event_name":"The Cleric","floor":4,"gold_loss":50},{"damage_healed":0,"gold_gain":0,"player_choice":"Fought Mushrooms","damage_taken":0,"max_hp_gain":0,"max_hp_loss":0,"event_name":"Mushrooms","floor":8,"gold_loss":0},{"damage_healed":0,"gold_gain":0,"player_choice":"2 cards matched","damage_taken":0,"max_hp_gain":0,"max_hp_loss":0,"event_name":"Match and Keep!","floor":20,"gold_loss":0,"cards_obtained":["Wild Strike","Barricade"]},{"damage_healed":0,"gold_gain":0,"player_choice":"Inject Mutagens","damage_taken":0,"relics_obtained":["MutagenicStrength"],"max_hp_gain":0,"max_hp_loss":0,"event_name":"Drug Dealer","floor":21,"gold_loss":0}],"is_beta":false,"boss_relics":[{"not_picked":["Snecko Eye","Ectoplasm"],"picked":"Velvet Choker"}],"items_purged_floors":[2,10,19],"is_endless":false,"potions_floor_spawned":[1,7,13,18],"killed_by":"Book of Stabbing","ascension_level":0}