{"gold_per_floor":[114,129,144,75,90,120,120,135,160,175,175,205,232,269,281,393,405,432,444,371,398,60,120,120,135,135,135,165,15,45,60,60,60],"floor_reached":33,"playtime":2135,"items_purged":[],"score":492,"play_id":"36f38d16-3323-4f80-ab27-c7587fe47628","local_time":"20181127212939","daily_mods":["Insanity","ControlledChaos","DeadlyEvents"],"is_ascension_mode":false,"campfire_choices":[{"data":"1","floor":7.0,"key":"LIFT"},{"data":"2","floor":11.0,"key":"LIFT"},{"data":"3","floor":15,"key":"LIFT"},{"data":"Tools of the Trade","floor":24,"key":"SMITH"},{"data":"Infinite Blades","floor":27,"key":"SMITH"},{"data":"Backstab","floor":32,"key":"SMITH"}],"neow_cost":"","seed_source_timestamp":0,"circlet_count":0,"master_deck":["Backstab+1","Endless Agony","Flying Knee","Noxious Fumes","Poisoned Stab","Dagger Spray","Catalyst","Heel Hook","Flechettes","Crippling Poison","Outmaneuver","Catalyst","Sucker Punch","Dagger Throw","Outmaneuver","Prepared","Leg Sweep","Deflect","Deadly Poison","Bane","Backstab","Caltrops","Riddle With Holes","Blade Dance","Slice","Catalyst","Backflip","Poisoned Stab","Eviscerate","Slice","Accuracy","Crippling Poison","Predator","Underhanded Strike","Infinite Blades","Acrobatics","Dodge and Roll","Finisher","Sucker Punch","Slice","Flying Knee","Choke","Well Laid Plans","Flying Knee","Distraction","Eviscerate","Choke","PiercingWail","Finisher","PiercingWail","Flying Knee","Infinite Blades+1","Backstab","Flying Knee","Glass Knife","Blade Dance","Cloak And Dagger","A Thousand Cuts","Ghostly","Ghostly","Ghostly","Ghostly","Ghostly","Ghostly","Tools of the Trade+1","Adrenaline","Caltrops","Caltrops+1"],"special_seed":17863,"relics":["Ring of the Snake","Frozen Eye","Girya","Art of War","MawBank","Oddly Smooth Stone","Black Star","Bag of Marbles","Orichalcum","DollysMirror","Tiny Chest","Blood Vial","Tingsha","PreservedInsect","Vajra","Lantern","FossilizedHelix","Gambling Chip"],"potions_floor_usage":[16,33],"damage_taken":[{"damage":6.0,"enemies":"Cultist","floor":1.0,"turns":2.0},{"damage":0.0,"enemies":"2 Louse","floor":2.0,"turns":1.0},{"damage":0.0,"enemies":"Jaw Worm","floor":3.0,"turns":1.0},{"damage":0.0,"enemies":"3 Louse","floor":5.0,"turns":1.0},{"damage":6.0,"enemies":"3 Sentries","floor":6.0,"turns":4.0},{"damage":0.0,"enemies":"Blue Slaver","floor":8.0,"turns":1.0},{"damage":7.0,"enemies":"Looter","floor":10.0,"turns":2.0},{"damage":6,"enemies":"Lagavulin","floor":12,"turns":4},{"damage":0,"enemies":"2 Fungi Beasts","floor":13,"turns":1},{"damage":24,"enemies":"Hexaghost","floor":16,"turns":6},{"damage":0,"enemies":"3 Byrds","floor":18,"turns":4},{"damage":0,"enemies":"Spheric Guardian","floor":21,"turns":1},{"damage":0,"enemies":"Gremlin Leader","floor":23,"turns":5},{"damage":0,"enemies":"Snake Plant","floor":25,"turns":1},{"damage":0,"enemies":"Book of Stabbing","floor":28,"turns":5},{"damage":0,"enemies":"Slavers","floor":30,"turns":2},{"damage":0,"enemies":"Centurion and Healer","floor":31,"turns":2},{"damage":39,"enemies":"Automaton","floor":33,"turns":6}],"seed_played":"-3448397470738348676","potions_obtained":[{"floor":1.0,"key":"Dexterity Potion"},{"floor":8.0,"key":"SpeedPotion"},{"floor":12,"key":"Regen Potion"},{"floor":16,"key":"FearPotion"},{"floor":18,"key":"Strength Potion"}],"is_trial":false,"path_per_floor":["M","M","M","$","M","E","R","M","T","M","R","E","M","T","R","B",null,"M","?","?","M","$","E","R","M","T","R","E","$","E","M","R","B"],"character_chosen":"THE_SILENT","items_purchased":["Backstab","Orichalcum","DollysMirror","Lantern"],"campfire_rested":0,"item_purchase_floors":[4,22,22,29],"current_hp_per_floor":[64,64,64,64,64,58,58,58,58,51,51,45,45,45,45,35,70,70,35,35,35,35,35,35,35,35,35,35,35,35,35,35,0],"gold":60,"neow_bonus":"","is_prod":false,"is_daily":true,"chose_seed":false,"campfire_upgraded":3,"win_rate":0,"timestamp":1543372179,"path_taken":["M","M","?","?","M","E","R","M","T","M","R","E","M","?","R","BOSS","M","?","?","M","?","E","R","M","T","R","?","$","E","?","R","BOSS"],"build_version":"2018-11-15","purchased_purges":0,"victory":false,"max_hp_per_floor":[70,70,70,70,70,70,70,70,70,70,70,70,70,70,70,70,70,70,35,35,35,35,35,35,35,35,35,35,35,35,35,35,35],"card_choices":[{"not_picked":["Tactician","Bane"],"picked":"Flying Knee","floor":1.0},{"not_picked":["Slice","Outmaneuver"],"picked":"Infinite Blades","floor":2.0},{"not_picked":["Bane","Dagger Throw","Cloak And Dagger"],"picked":"SKIP","floor":3.0},{"not_picked":["Dagger Spray","Concentrate"],"picked":"Flying Knee","floor":5.0},{"not_picked":["Catalyst","Blur"],"picked":"Glass Knife","floor":6.0},{"not_picked":["Flechettes","Deadly Poison"],"picked":"Blade Dance","floor":8.0},{"not_picked":["Footwork","Tactician","Sucker Punch"],"picked":"SKIP","floor":10.0},{"not_picked":["Grand Finale","Acrobatics"],"picked":"Cloak And Dagger","floor":12},{"not_picked":["Sucker Punch","Prepared","Bouncing Flask"],"picked":"SKIP","floor":13},{"not_picked":["Unload","Bullet Time"],"picked":"A Thousand Cuts","floor":16},{"not_picked":["Bane","Prepared","Outmaneuver"],"picked":"SKIP","floor":18},{"not_picked":["Dagger Throw","Underhanded Strike","Prepared"],"picked":"SKIP","floor":21},{"not_picked":["Bullet Time","Quick Slash+1"],"picked":"Tools of the Trade","floor":23},{"not_picked":["Bouncing Flask","Slice","Dagger Spray"],"picked":"SKIP","floor":25},{"not_picked":["Bouncing Flask","Riddle With Holes"],"picked":"Adrenaline","floor":28},{"not_picked":["Quick Slash","Doppelganger"],"picked":"Caltrops","floor":30},{"not_picked":["Quick Slash","Dodge and Roll"],"picked":"Caltrops+1","floor":31}],"player_experience":588928,"relics_obtained":[{"floor":6.0,"key":"Girya"},{"floor":9.0,"key":"Art of War"},{"floor":12,"key":"MawBank"},{"floor":14,"key":"Oddly Smooth Stone"},{"floor":23,"key":"Tiny Chest"},{"floor":23,"key":"Blood Vial"},{"floor":26,"key":"Tingsha"},{"floor":28,"key":"PreservedInsect"},{"floor":28,"key":"Vajra"},{"floor":30,"key":"FossilizedHelix"},{"floor":30,"key":"Gambling Chip"}],"event_choices":[{"damage_healed":0,"gold_gain":0,"player_choice":"Became a Ghost","damage_taken":0,"max_hp_gain":0,"max_hp_loss":35,"event_name":"Ghosts","floor":19,"gold_loss":0,"cards_obtained":["Ghostly","Ghostly","Ghostly","Ghostly","Ghostly"]},{"damage_healed":0,"gold_gain":0,"player_choice":"Obtained Relic","damage_taken":0,"relics_obtained":["Bag of Marbles"],"max_hp_gain":0,"max_hp_loss":0,"event_name":"Addict","floor":20,"gold_loss":85}],"is_beta":false,"boss_relics":[{"not_picked":["Coffee Dripper","Empty Cage"],"picked":"Black Star"}],"items_purged_floors":[],"is_endless":false,"potions_floor_spawned":[1,8,12,13,16,18,21,25],"killed_by":"Automaton","ascension_level":0}