{"gold_per_floor":[118,0,0,0,14,26,26,26,108,121,140,140,155,178,178,178],"floor_reached":16,"playtime":441,"items_purged":[],"score":106,"play_id":"b8675cdd-72c5-4ed5-9ebd-6d0020e10ae3","local_time":"20190206153551","is_ascension_mode":true,"campfire_choices":[{"data":"Zap","floor":7,"key":"SMITH"},{"data":"Defragment","floor":12,"key":"SMITH"},{"data":"Dualcast","floor":15,"key":"SMITH"}],"neow_cost":"NONE","seed_source_timestamp":92856211581842,"circlet_count":0,"master_deck":["Strike_B","Strike_B","Strike_B","Defend_B","Defend_B","Defend_B","Defend_B","Zap+1","Dualcast+1","Sweeping Beam","Defragment+1","Leap","Sweeping Beam","Go for the Eyes","Leap","Hello World+1","Leap","Beam Cell"],"relics":["Cracked Core","Frozen Egg 2","Bronze Scales"],"potions_floor_usage":[13],"damage_taken":[{"damage":2,"enemies":"Jaw Worm","floor":1,"turns":3},{"damage":2,"enemies":"Cultist","floor":5,"turns":4},{"damage":0,"enemies":"Small Slimes","floor":6,"turns":2},{"damage":2,"enemies":"3 Louse","floor":10,"turns":2},{"damage":0,"enemies":"Exordium Wildlife","floor":11,"turns":3},{"damage":8,"enemies":"Looter","floor":13,"turns":3},{"damage":33,"enemies":"Hexaghost","floor":16,"turns":6}],"seed_played":"1747693364150028886","potions_obtained":[{"floor":6,"key":"Explosive Potion"},{"floor":8,"key":"Weak Potion"},{"floor":8,"key":"Weak Potion"},{"floor":8,"key":"Swift Potion"},{"floor":13,"key":"Strength Potion"}],"is_trial":false,"path_per_floor":["M","$","?","$","M","M","R","?","T","M","M","R","M","T","R","B"],"character_chosen":"DEFECT","items_purchased":["Defragment","Leap"],"campfire_rested":0,"item_purchase_floors":[2,2],"current_hp_per_floor":[80,80,80,80,78,78,78,78,78,76,76,76,68,68,68,35],"gold":178,"neow_bonus":"TEN_PERCENT_HP_BONUS","is_prod":false,"is_daily":false,"chose_seed":false,"campfire_upgraded":3,"win_rate":0,"timestamp":1549434951,"path_taken":["M","$","?","$","M","?","R","?","T","M","?","R","M","?","R","BOSS"],"build_version":"2019-01-23","purchased_purges":0,"victory":false,"max_hp_per_floor":[82,82,82,82,82,82,82,82,82,82,82,82,82,82,82,82],"card_choices":[{"not_picked":["Gash","BootSequence"],"picked":"Sweeping Beam","floor":1},{"not_picked":["Coolheaded","Redo"],"picked":"Go for the Eyes","floor":5},{"not_picked":["Cold Snap","Fusion"],"picked":"Leap","floor":6},{"not_picked":["Leap","Barrage"],"picked":"Hello World+1","floor":10},{"not_picked":["Hologram","Aggregate"],"picked":"Leap","floor":11},{"not_picked":["Coolheaded","Tempest"],"picked":"Beam Cell","floor":13}],"player_experience":197632,"relics_obtained":[{"floor":9,"key":"Frozen Egg 2"},{"floor":14,"key":"Bronze Scales"}],"event_choices":[{"damage_healed":0,"gold_gain":0,"cards_transformed":["Strike_B"],"player_choice":"Transformed","damage_taken":0,"max_hp_gain":0,"max_hp_loss":0,"event_name":"Transmorgrifier","floor":3,"gold_loss":0,"cards_obtained":["Sweeping Beam"]},{"damage_healed":0,"gold_gain":0,"player_choice":"Got Potions","damage_taken":0,"max_hp_gain":0,"max_hp_loss":0,"event_name":"Lab","floor":8,"gold_loss":0}],"is_beta":false,"boss_relics":[],"items_purged_floors":[],"is_endless":false,"potions_floor_spawned":[6,13],"killed_by":"Hexaghost","ascension_level":3}