{"gold_per_floor":[110,0,0,10,23,58,58,76,103,103,103,103,121,136,136,237,237,252,252,192],"floor_reached":20,"playtime":816,"items_purged":["Strike_B"],"score":200,"play_id":"34f2cfaa-43e4-485f-b4a7-063319ee0322","local_time":"20190206144258","is_ascension_mode":true,"campfire_choices":[{"data":"Zap","floor":10,"key":"SMITH"},{"data":"Dualcast","floor":12,"key":"SMITH"},{"data":"Redo","floor":15,"key":"SMITH"}],"neow_cost":"NONE","seed_source_timestamp":89304615786275,"circlet_count":0,"master_deck":["Strike_B","Strike_B","Defend_B","Defend_B","Defend_B","Defend_B","Zap+1","Dualcast+1","Ball Lightning","Defragment","FTL","Defragment","Steam","Coolheaded","Steam","Redo+1","Creative AI"],"relics":["Cracked Core","NeowsBlessing","Bag of Marbles","Pen Nib","Lizard Tail","Nilry\u0027s Codex"],"potions_floor_usage":[14,20,20],"damage_taken":[{"damage":0,"enemies":"2 Louse","floor":1,"turns":1},{"damage":0,"enemies":"Cultist","floor":4,"turns":1},{"damage":0,"enemies":"Small Slimes","floor":5,"turns":1},{"damage":25,"enemies":"3 Sentries","floor":6,"turns":7},{"damage":10,"enemies":"Blue Slaver","floor":8,"turns":3},{"damage":7,"enemies":"2 Fungi Beasts","floor":13,"turns":3},{"damage":0,"enemies":"Large Slime","floor":14,"turns":3},{"damage":31,"enemies":"Slime Boss","floor":16,"turns":10},{"damage":8,"enemies":"Chosen","floor":18,"turns":5},{"damage":33,"enemies":"2 Thieves","floor":20,"turns":4}],"seed_played":"-434273618877520408","potions_obtained":[{"floor":6,"key":"Regen Potion"},{"floor":8,"key":"FocusPotion"},{"floor":13,"key":"FearPotion"}],"is_trial":false,"path_per_floor":["M","$","?","M","M","E","?","M","T","R","?","R","M","M","R","B",null,"M","?","M"],"character_chosen":"DEFECT","items_purchased":["Defragment"],"campfire_rested":0,"item_purchase_floors":[2],"current_hp_per_floor":[75,75,75,75,75,50,68,58,58,58,58,58,51,51,51,20,72,64,48,29],"gold":192,"neow_bonus":"THREE_ENEMY_KILL","is_prod":false,"is_daily":false,"chose_seed":false,"campfire_upgraded":3,"win_rate":0,"timestamp":1549431778,"path_taken":["M","$","?","M","?","E","?","M","T","R","?","R","?","M","R","BOSS","M","?","M"],"build_version":"2019-01-23","purchased_purges":1,"victory":false,"max_hp_per_floor":[75,75,75,75,75,75,75,75,75,75,72,72,72,72,72,72,72,72,72,72],"card_choices":[{"not_picked":["Scrape","Compile Driver"],"picked":"Ball Lightning","floor":1},{"not_picked":["Loop","Reprogram"],"picked":"FTL","floor":4},{"not_picked":["Rebound","Undo"],"picked":"Defragment","floor":5},{"not_picked":["Consume","Rebound"],"picked":"Steam","floor":6},{"not_picked":["Stack","Storm"],"picked":"Coolheaded","floor":8},{"not_picked":["Stack","Gash"],"picked":"Steam","floor":13},{"not_picked":["Ball Lightning","Storm"],"picked":"Redo","floor":14},{"not_picked":["Fission","Meteor Strike"],"picked":"Creative AI","floor":16},{"not_picked":["Streamline","Hologram","Cold Snap"],"picked":"SKIP","floor":18}],"player_experience":194137,"relics_obtained":[{"floor":6,"key":"Bag of Marbles"},{"floor":9,"key":"Pen Nib"},{"floor":19,"key":"Nilry\u0027s Codex"}],"event_choices":[{"cards_removed":["Strike_B"],"damage_healed":0,"gold_gain":0,"player_choice":"Purged","damage_taken":0,"max_hp_gain":0,"max_hp_loss":0,"event_name":"Purifier","floor":3,"gold_loss":0},{"damage_healed":18,"gold_gain":0,"player_choice":"Healed and dodged fight","damage_taken":0,"max_hp_gain":0,"max_hp_loss":0,"event_name":"Mushrooms","floor":7,"gold_loss":0,"cards_obtained":["Parasite"]},{"cards_removed":["Parasite"],"damage_healed":0,"gold_gain":0,"player_choice":"Card Removal","damage_taken":0,"max_hp_gain":0,"max_hp_loss":0,"event_name":"Wheel of Change","floor":11,"gold_loss":0},{"damage_healed":0,"gold_gain":0,"player_choice":"Obtained Book","damage_taken":16,"max_hp_gain":0,"max_hp_loss":0,"event_name":"Cursed Tome","floor":19,"gold_loss":0}],"is_beta":false,"boss_relics":[{"not_picked":["Fusion Hammer","Calling Bell"],"picked":"Lizard Tail"}],"items_purged_floors":[2],"is_endless":false,"potions_floor_spawned":[6,8,13],"killed_by":"2 Thieves","ascension_level":3}