{"gold_per_floor":[19,33,57,67,83,113,129,129,129,164,178,188,198,198],"floor_reached":14,"playtime":1142,"items_purged":[],"score":106,"play_id":"19fb35a0-9dc1-44cd-b02f-48457ff92198","local_time":"20181023003625","is_ascension_mode":false,"campfire_choices":[{"floor":8,"key":"REST"}],"neow_cost":"NO_GOLD","seed_source_timestamp":954030200811994,"circlet_count":0,"master_deck":["Strike_B","Strike_B","Strike_B","Strike_B","Defend_B","Defend_B","Defend_B","Defend_B","Zap","Dualcast","Static Discharge","Capacitor","Conserve Battery","Defragment","Machine Learning","Lockon","BootSequence","Static Discharge","Loop"],"relics":["Cracked Core","Lantern","Ginger","Pantograph","Ornamental Fan"],"potions_floor_usage":[13],"damage_taken":[{"damage":0,"enemies":"Cultist","floor":1,"turns":4},{"damage":5,"enemies":"Jaw Worm","floor":2,"turns":4},{"damage":0,"enemies":"Small Slimes","floor":4,"turns":3},{"damage":14,"enemies":"Exordium Wildlife","floor":5,"turns":5},{"damage":31,"enemies":"Lagavulin","floor":6,"turns":8},{"damage":14,"enemies":"2 Fungi Beasts","floor":7,"turns":4},{"damage":23,"enemies":"3 Sentries","floor":10,"turns":6},{"damage":18,"enemies":"3 Louse","floor":11,"turns":4},{"damage":4,"enemies":"Blue Slaver","floor":12,"turns":4},{"damage":4,"enemies":"Exordium Wildlife","floor":13,"turns":3},{"damage":6,"enemies":"3 Louse","floor":14,"turns":2}],"seed_played":"-1122404038536569699","potions_obtained":[{"floor":2,"key":"Fire Potion"},{"floor":7,"key":"Swift Potion"},{"floor":11,"key":"PowerPotion"}],"is_trial":false,"path_per_floor":["M","M","T","M","M","E","M","R","T","E","M","M","M"],"character_chosen":"DEFECT","items_purchased":[],"campfire_rested":1,"item_purchase_floors":[],"current_hp_per_floor":[89,84,84,84,70,39,25,51,51,28,10,6,2,0],"gold":198,"neow_bonus":"TWENTY_PERCENT_HP_BONUS","is_prod":false,"is_daily":false,"chose_seed":false,"campfire_upgraded":0,"win_rate":0.0,"timestamp":1540269385,"path_taken":["M","M","?","M","M","E","M","R","T","E","M","M","M","M"],"build_version":"2018-10-18","purchased_purges":0,"victory":false,"max_hp_per_floor":[89,89,89,89,89,89,89,89,89,89,89,89,89,89],"card_choices":[{"not_picked":["Rebound","Stack"],"picked":"Static Discharge","floor":1},{"not_picked":["Rebound","Self Repair"],"picked":"Capacitor","floor":2},{"not_picked":["Rebound","Reinforced Body"],"picked":"Conserve Battery","floor":4},{"not_picked":["Scrape","Rebound"],"picked":"Defragment","floor":5},{"not_picked":["Auto Shields","Barrage"],"picked":"Machine Learning","floor":6},{"not_picked":["Glacier","Chill"],"picked":"Lockon","floor":7},{"not_picked":["Consume","Capacitor"],"picked":"BootSequence","floor":10},{"not_picked":["Turbo","Gash"],"picked":"Static Discharge","floor":11},{"not_picked":["Streamline","Heatsinks"],"picked":"Loop","floor":12},{"not_picked":["Barrage","Capacitor","Static Discharge"],"picked":"SKIP","floor":13}],"player_experience":36666,"relics_obtained":[{"floor":3,"key":"Lantern"},{"floor":6,"key":"Ginger"},{"floor":9,"key":"Pantograph"},{"floor":10,"key":"Ornamental Fan"}],"event_choices":[],"is_beta":false,"boss_relics":[],"items_purged_floors":[],"is_endless":false,"potions_floor_spawned":[2,7,11,12],"killed_by":"3 Louse","ascension_level":0}