{"gold_per_floor":[118,118,118,132,35,70,101,415,415,415,73,107,107,107,107,245,245,255,15,28,28],"floor_reached":21,"playtime":1577,"items_purged":["Wraith Form v2+1"],"score":245,"play_id":"b4576e29-0e48-4cda-9ce1-41a41e01c498","local_time":"20181215113240","daily_mods":["SealedDeck","Vintage","Allstar","Red Cards","Colorless Cards","Heirloom","Time Dilation","Flight","DeadlyEvents","Elite Swarm","Lethality"],"is_ascension_mode":false,"campfire_choices":[{"floor":10,"key":"REST"},{"floor":13,"key":"REST"},{"data":"Apotheosis","floor":15,"key":"SMITH"}],"neow_cost":"","seed_source_timestamp":0,"circlet_count":0,"master_deck":["Demon Form","Echo Form","Pommel Strike","Pommel Strike","Dramatic Entrance","True Grit","Headbutt","Warcry","Body Slam","Iron Wave","True Grit+1","Cleave","Shrug It Off","Chrysalis","Demon Form","Anger","Apotheosis+1","Barricade"],"relics":["Burning Blood","Champion Belt","Paper Frog","FaceOfCleric","Ornamental Fan","Blood Vial","Kunai","Old Coin","Bottled Flame","Unceasing Top","Omamori","Gremlin Horn","Runic Cube","Meat on the Bone","Bottled Tornado","Darkstone Periapt"],"potions_floor_usage":[1,8,21,21],"damage_taken":[{"damage":9,"enemies":"Cultist","floor":1,"turns":3},{"damage":29,"enemies":"Small Slimes","floor":4,"turns":3},{"damage":9,"enemies":"Lagavulin","floor":6,"turns":5},{"damage":33,"enemies":"3 Sentries","floor":7,"turns":7},{"damage":17,"enemies":"2 Louse","floor":8,"turns":4},{"damage":25,"enemies":"Gremlin Nob","floor":12,"turns":4},{"damage":0,"enemies":"Slime Boss","floor":16,"turns":5},{"damage":38,"enemies":"Spheric Guardian","floor":18,"turns":5},{"damage":52,"enemies":"2 Thieves","floor":20,"turns":3},{"damage":32,"enemies":"Centurion and Healer","floor":21,"turns":3}],"seed_played":"5957900675561134928","potions_obtained":[{"floor":1,"key":"Fruit Juice"},{"floor":6,"key":"LiquidBronze"},{"floor":12,"key":"Explosive Potion"},{"floor":20,"key":"Strength Potion"}],"is_trial":true,"path_per_floor":["M","?","?","M","$","E","E","M","T","R","$","E","R","T","R","B",null,"M","$","M","M"],"character_chosen":"IRONCLAD","items_purchased":["Shrug It Off","Anger","Unceasing Top","Bottled Tornado"],"campfire_rested":2,"item_purchase_floors":[5,11,11,19],"current_hp_per_floor":[82,65,65,43,43,41,17,9,9,35,35,19,46,46,46,55,91,60,60,29,0],"gold":28,"neow_bonus":"","is_prod":false,"is_daily":false,"chose_seed":false,"campfire_upgraded":1,"win_rate":0,"timestamp":1544844760,"path_taken":["M","?","?","?","$","E","E","M","T","R","$","E","R","?","R","BOSS","M","$","M","M"],"build_version":"2018-12-13","purchased_purges":1,"victory":false,"max_hp_per_floor":[85,85,85,86,86,87,88,89,89,89,89,90,90,90,90,91,91,92,92,93,93],"card_choices":[{"not_picked":["Impervious","Metamorphosis"],"picked":"Chrysalis","floor":6},{"not_picked":["Violence","Master of Strategy"],"picked":"Demon Form","floor":7},{"not_picked":["Demon Form","Metamorphosis"],"picked":"Apotheosis","floor":12},{"not_picked":["Limit Break","Transmutation"],"picked":"Barricade","floor":16}],"player_experience":55424,"relics_obtained":[{"floor":1,"key":"Paper Frog"},{"floor":4,"key":"Ornamental Fan"},{"floor":6,"key":"Blood Vial"},{"floor":7,"key":"Kunai"},{"floor":8,"key":"Old Coin"},{"floor":9,"key":"Bottled Flame"},{"floor":12,"key":"Omamori"},{"floor":14,"key":"Gremlin Horn"},{"floor":18,"key":"Meat on the Bone"},{"floor":20,"key":"Darkstone Periapt"}],"event_choices":[{"damage_healed":0,"gold_gain":0,"player_choice":"Entered Light","damage_taken":17,"max_hp_gain":0,"max_hp_loss":0,"event_name":"Shining Light","floor":2,"gold_loss":0,"cards_upgraded":["Wraith Form v2","True Grit"]},{"damage_healed":0,"gold_gain":0,"player_choice":"Trade","damage_taken":0,"relics_obtained":["FaceOfCleric"],"max_hp_gain":0,"max_hp_loss":0,"event_name":"FaceTrader","floor":3,"gold_loss":0}],"is_beta":false,"boss_relics":[{"not_picked":["Orrery","Empty Cage"],"picked":"Runic Cube"}],"items_purged_floors":[5],"is_endless":false,"potions_floor_spawned":[1,6,12,20],"killed_by":"Centurion and Healer","ascension_level":0}