{"gold_per_floor":[119,119,137,137,154,184,197,197,197,197,212,224,224,239,239,336,336,349,364,376,401,401,401,419,431,431,431,448,418,418,435,435,435],"floor_reached":33,"playtime":2435,"items_purged":[],"score":253,"play_id":"bc077e94-8cc2-45cc-bb8a-ef68086b93f5","local_time":"20181224052627","is_ascension_mode":false,"campfire_choices":[{"floor":8,"key":"REST"},{"data":"Deadly Poison","floor":10,"key":"SMITH"},{"floor":15,"key":"REST"},{"floor":23,"key":"REST"},{"floor":27,"key":"REST"},{"floor":30,"key":"REST"},{"data":"Venomology","floor":32,"key":"SMITH"}],"neow_cost":"NONE","seed_source_timestamp":241200244661824,"circlet_count":0,"master_deck":["Defend_G","Defend_G","Defend_G","Defend_G","Defend_G","Strike_G","Strike_G","Strike_G","Survivor+1","Neutralize+1","Deadly Poison+1","Heel Hook","Bane","Escape Plan","Dagger Throw","Tactician","Footwork","Corpse Explosion","Terror","Venomology+1","Crippling Poison+1","Prepared","Flying Knee","Poisoned Stab","Blade Dance+1","Endless Agony+1"],"relics":["Ring of the Snake","Dodecahedron","Ninja Scroll","Eternal Feather","Red Mask","Incense Burner"],"potions_floor_usage":[14,19,20,20,21,21,24,31,33],"damage_taken":[{"damage":3,"enemies":"Jaw Worm","floor":1,"turns":5},{"damage":0,"enemies":"Small Slimes","floor":3,"turns":3},{"damage":1,"enemies":"2 Louse","floor":5,"turns":3},{"damage":15,"enemies":"Gremlin Nob","floor":6,"turns":5},{"damage":12,"enemies":"Lots of Slimes","floor":7,"turns":4},{"damage":0,"enemies":"Blue Slaver","floor":11,"turns":2},{"damage":1,"enemies":"3 Louse","floor":12,"turns":2},{"damage":1,"enemies":"Large Slime","floor":14,"turns":3},{"damage":17,"enemies":"Hexaghost","floor":16,"turns":9},{"damage":3,"enemies":"Chosen","floor":18,"turns":4},{"damage":6,"enemies":"Shell Parasite","floor":19,"turns":7},{"damage":24,"enemies":"Shelled Parasite and Fungi","floor":20,"turns":6},{"damage":21,"enemies":"Masked Bandits","floor":21,"turns":4},{"damage":15,"enemies":"Cultist and Chosen","floor":24,"turns":7},{"damage":10,"enemies":"3 Cultists","floor":25,"turns":3},{"damage":27,"enemies":"Snake Plant","floor":28,"turns":6},{"damage":3,"enemies":"Centurion and Healer","floor":31,"turns":6},{"damage":70,"enemies":"Collector","floor":33,"turns":10}],"seed_played":"3152762195707154225","potions_obtained":[{"floor":1,"key":"Block Potion"},{"floor":6,"key":"LiquidBronze"},{"floor":19,"key":"EssenceOfSteel"},{"floor":25,"key":"GamblersBrew"},{"floor":28,"key":"Weak Potion"},{"floor":29,"key":"SkillPotion"}],"is_trial":false,"path_per_floor":["M","?","M","?","M","E","M","R","T","R","M","M","?","M","R","B",null,"M","M","M","?","?","R","M","M","T","R","M","?","R","M","R","B"],"character_chosen":"THE_SILENT","items_purchased":[],"campfire_rested":5,"item_purchase_floors":[],"current_hp_per_floor":[67,67,67,53,52,37,25,46,46,46,46,45,45,44,65,48,70,67,61,37,16,16,49,34,24,24,60,33,33,69,66,70,0],"gold":435,"neow_bonus":"UPGRADE_CARD","is_prod":false,"is_daily":false,"chose_seed":false,"campfire_upgraded":2,"win_rate":0.0,"timestamp":1545596787,"path_taken":["M","?","M","?","M","E","M","R","T","R","M","M","?","?","R","BOSS","M","M","M","?","?","R","M","M","T","R","M","?","R","M","R","BOSS"],"build_version":"2018-12-20","purchased_purges":0,"victory":false,"max_hp_per_floor":[70,70,70,70,70,70,70,70,70,70,70,70,70,70,70,70,70,70,70,70,70,70,70,70,70,70,70,70,70,70,70,70,70],"card_choices":[{"not_picked":["Flechettes","Acrobatics"],"picked":"Deadly Poison","floor":1},{"not_picked":["Deadly Poison","Quick Slash"],"picked":"Bane","floor":3},{"not_picked":["Outmaneuver","Deadly Poison"],"picked":"Escape Plan","floor":5},{"not_picked":["Expertise","Riddle With Holes"],"picked":"Dagger Throw","floor":6},{"not_picked":["Reflex","Blur"],"picked":"Tactician","floor":7},{"not_picked":["Endless Agony","Sucker Punch"],"picked":"Footwork","floor":11},{"not_picked":["Dagger Spray","Deadly Poison"],"picked":"Corpse Explosion","floor":12},{"not_picked":["Skewer","Outmaneuver"],"picked":"Terror","floor":14},{"not_picked":["Malaise","Corpse Explosion"],"picked":"Venomology","floor":16},{"not_picked":["Eviscerate+1","Blade Dance+1"],"picked":"Crippling Poison+1","floor":18},{"not_picked":["Riddle With Holes","Distraction"],"picked":"Prepared","floor":19},{"not_picked":["Dodge and Roll","Dash"],"picked":"Flying Knee","floor":20},{"not_picked":["Infinite Blades","Footwork"],"picked":"Poisoned Stab","floor":21},{"not_picked":["Sucker Punch","Predator","Crippling Poison"],"picked":"SKIP","floor":24},{"not_picked":["Flying Knee","Deadly Poison"],"picked":"Blade Dance+1","floor":25},{"not_picked":["Caltrops","Dagger Spray","Flechettes"],"picked":"SKIP","floor":28},{"not_picked":["Flying Knee+1","All Out Attack"],"picked":"Endless Agony+1","floor":31}],"player_experience":21636,"relics_obtained":[{"floor":6,"key":"Dodecahedron"},{"floor":9,"key":"Ninja Scroll"},{"floor":21,"key":"Red Mask"},{"floor":26,"key":"Incense Burner"}],"event_choices":[{"damage_healed":0,"gold_gain":0,"cards_transformed":["Strike_G"],"player_choice":"Change","damage_taken":0,"max_hp_gain":0,"max_hp_loss":0,"event_name":"Living Wall","floor":2,"gold_loss":0,"cards_obtained":["Heel Hook"]},{"damage_healed":0,"gold_gain":0,"player_choice":"Entered Light","damage_taken":14,"max_hp_gain":0,"max_hp_loss":0,"event_name":"Shining Light","floor":4,"gold_loss":0,"cards_upgraded":["Survivor","Strike_G"]},{"damage_healed":0,"gold_gain":0,"player_choice":"Ignored","damage_taken":0,"max_hp_gain":0,"max_hp_loss":0,"event_name":"Liars Game","floor":13,"gold_loss":0},{"damage_healed":0,"gold_gain":0,"player_choice":"Fought Bandits","damage_taken":0,"max_hp_gain":0,"max_hp_loss":0,"event_name":"Masked Bandits","floor":21,"gold_loss":0},{"cards_removed":["Strike_G"],"damage_healed":0,"gold_gain":0,"player_choice":"Elegance","damage_taken":0,"max_hp_gain":0,"max_hp_loss":0,"event_name":"Back to Basics","floor":22,"gold_loss":0},{"damage_healed":0,"gold_gain":0,"player_choice":"Bought 2 Potions","damage_taken":0,"max_hp_gain":0,"max_hp_loss":0,"event_name":"The Woman in Blue","floor":29,"gold_loss":0}],"is_beta":false,"boss_relics":[{"not_picked":["Tiny House","Calling Bell"],"picked":"Eternal Feather"}],"items_purged_floors":[],"is_endless":false,"potions_floor_spawned":[1,6,19,25,28],"killed_by":"Collector","ascension_level":0}