{"gold_per_floor":[112,112,131,131,55,55,84,104,104,29,39,39,72,37,37,115,115,129,15,15,31,31,31,31,31,57,70,127,137,152,182,182,182],"floor_reached":33,"playtime":1408,"items_purged":["Strike_R"],"score":582,"play_id":"d8f7f1c6-686a-43ee-ba14-6c11127f9f18","local_time":"20190204155426","is_ascension_mode":true,"campfire_choices":[{"data":"Armaments","floor":6,"key":"SMITH"},{"data":"Dual Wield","floor":15,"key":"SMITH"},{"data":"Body Slam","floor":23,"key":"SMITH"},{"data":"Rampage","floor":25,"key":"SMITH"},{"floor":32,"key":"REST"}],"neow_cost":"NONE","seed_source_timestamp":19979393451878,"circlet_count":0,"master_deck":["AscendersBane","Strike_R","Defend_R","Defend_R","Defend_R","Defend_R","Bash","Armaments+1","Body Slam+1","Rampage+1","Flame Barrier","Disarm","Feed","Dual Wield+1","Reaper","Disarm"],"relics":["Burning Blood","NeowsBlessing","Frozen Egg 2","Ornamental Fan","Orichalcum","Busted Crown","Toxic Egg 2","Red Skull","Tiny Chest","Potion Belt"],"potions_floor_usage":[16,16,31,33],"damage_taken":[{"damage":0,"enemies":"2 Louse","floor":1,"turns":1},{"damage":0,"enemies":"Jaw Worm","floor":3,"turns":1},{"damage":0,"enemies":"Gremlin Nob","floor":7,"turns":1},{"damage":0,"enemies":"Small Slimes","floor":8,"turns":4},{"damage":0,"enemies":"2 Fungi Beasts","floor":11,"turns":5},{"damage":5,"enemies":"Lagavulin","floor":13,"turns":7},{"damage":24,"enemies":"Slime Boss","floor":16,"turns":6},{"damage":0,"enemies":"3 Byrds","floor":18,"turns":3},{"damage":0,"enemies":"Shell Parasite","floor":21,"turns":5},{"damage":23,"enemies":"Snecko","floor":27,"turns":6},{"damage":13,"enemies":"Book of Stabbing","floor":28,"turns":7},{"damage":39,"enemies":"Centurion and Healer","floor":29,"turns":10},{"damage":8,"enemies":"Snake Plant","floor":30,"turns":7},{"damage":58,"enemies":"Slavers","floor":31,"turns":8},{"damage":90,"enemies":"Collector","floor":33,"turns":7}],"seed_played":"6573298243744553571","potions_obtained":[{"floor":3,"key":"GamblersBrew"},{"floor":13,"key":"AttackPotion"},{"floor":27,"key":"Regen Potion"},{"floor":30,"key":"Energy Potion"}],"is_trial":false,"path_per_floor":["M","?","M","?","$","R","E","M","T","?","M","?","E","$","R","B",null,"M","$","?","M","T","R","$","R","T","M","E","M","M","E","R","B"],"character_chosen":"IRONCLAD","items_purchased":["Rampage","Dual Wield","Disarm"],"campfire_rested":1,"item_purchase_floors":[5,14,19],"current_hp_per_floor":[74,67,73,73,73,73,75,75,75,75,75,80,80,80,80,65,79,86,86,86,86,86,86,86,86,86,82,75,68,74,43,73,0],"gold":182,"neow_bonus":"THREE_ENEMY_KILL","is_prod":false,"is_daily":false,"chose_seed":false,"campfire_upgraded":4,"win_rate":0,"timestamp":1549295666,"path_taken":["M","?","M","?","$","R","E","M","T","?","M","?","E","?","R","BOSS","M","$","?","M","?","R","?","R","T","M","E","M","M","E","R","BOSS"],"build_version":"2019-01-23","purchased_purges":1,"victory":false,"max_hp_per_floor":[75,75,75,75,75,75,75,75,75,75,75,80,80,80,80,83,83,86,86,86,86,86,86,86,86,86,86,86,90,94,100,100,100],"card_choices":[{"not_picked":["Flex","Metallicize"],"picked":"Armaments","floor":1},{"not_picked":["Shrug It Off","Pummel"],"picked":"Body Slam","floor":3},{"not_picked":["Shrug It Off","Clash"],"picked":"Flame Barrier","floor":7},{"not_picked":["Brutality+1","Sword Boomerang"],"picked":"Disarm","floor":8},{"not_picked":["Hemokinesis","Thunderclap","Wild Strike"],"picked":"SKIP","floor":11},{"not_picked":["Hemokinesis","Bloodletting"],"picked":"Feed","floor":13},{"not_picked":["Limit Break","Exhume"],"picked":"Reaper","floor":16},{"not_picked":["Iron Wave"],"picked":"SKIP","floor":18},{"not_picked":["Thunderclap"],"picked":"SKIP","floor":21},{"not_picked":["Sentinel+1"],"picked":"SKIP","floor":27},{"not_picked":["Power Through+1"],"picked":"SKIP","floor":28},{"not_picked":["Perfected Strike"],"picked":"SKIP","floor":29},{"not_picked":["Dual Wield+1"],"picked":"SKIP","floor":30},{"not_picked":["Clash"],"picked":"SKIP","floor":31}],"player_experience":830378,"relics_obtained":[{"floor":7,"key":"Frozen Egg 2"},{"floor":9,"key":"Ornamental Fan"},{"floor":13,"key":"Orichalcum"},{"floor":22,"key":"Toxic Egg 2"},{"floor":26,"key":"Red Skull"},{"floor":28,"key":"Tiny Chest"},{"floor":31,"key":"Potion Belt"}],"event_choices":[{"cards_removed":["Strike_R"],"damage_healed":0,"gold_gain":0,"player_choice":"Card Removal","damage_taken":7,"max_hp_gain":0,"max_hp_loss":0,"event_name":"Golden Wing","floor":2,"gold_loss":0},{"cards_removed":["Strike_R"],"damage_healed":0,"gold_gain":0,"player_choice":"Forget","damage_taken":0,"max_hp_gain":0,"max_hp_loss":0,"event_name":"Living Wall","floor":4,"gold_loss":0},{"cards_removed":["Strike_R"],"damage_healed":0,"gold_gain":0,"player_choice":"Card Removal","damage_taken":0,"max_hp_gain":0,"max_hp_loss":0,"event_name":"The Cleric","floor":10,"gold_loss":75},{"damage_healed":0,"gold_gain":0,"player_choice":"Donut","damage_taken":0,"max_hp_gain":5,"max_hp_loss":0,"event_name":"Big Fish","floor":12,"gold_loss":0},{"damage_healed":0,"gold_gain":0,"player_choice":"Ignored","damage_taken":0,"max_hp_gain":0,"max_hp_loss":0,"event_name":"The Mausoleum","floor":20,"gold_loss":0}],"is_beta":true,"boss_relics":[{"not_picked":["Runic Cube","Orrery"],"picked":"Busted Crown"}],"items_purged_floors":[19],"is_endless":false,"potions_floor_spawned":[3,13,27,30],"killed_by":"Collector","ascension_level":15}