{"gold_per_floor":[114,114,114,13,13,13,28,43,43,43,73,88,103,118,118,218,218,233,233,248,263,278,308,323,422,472,472,22,22,37,67,67,167,167,182,0,0,15,30,60,60,75,75,75,105,130,130,130],"floor_reached":48,"playtime":2191,"items_purged":[],"score":632,"play_id":"389a3f30-4b49-4348-9a87-dcaaba2dc764","local_time":"20190204131644","daily_mods":["Draft","Colorless Cards","Night Terrors"],"is_ascension_mode":false,"campfire_choices":[{"data":"Dark Shackles","floor":10,"key":"SMITH"},{"data":"Panacea","floor":15,"key":"SMITH"},{"floor":27,"key":"REST"},{"data":"Discovery","floor":29,"key":"SMITH"},{"data":"Hologram","floor":32,"key":"SMITH"},{"floor":41,"key":"REST"},{"data":"Chrysalis","floor":44,"key":"SMITH"},{"data":"Discovery","floor":47,"key":"SMITH"}],"neow_cost":"","seed_source_timestamp":0,"circlet_count":0,"master_deck":["Rebound","Go for the Eyes","Discovery+1","Swift Strike","FTL","Gash","Steam","Compile Driver","Conserve Battery+1","Dark Shackles+1","Finesse","Go for the Eyes","Trip","Cold Snap","Gash","Go for the Eyes","Beam Cell","Bandage Up","Go for the Eyes","Gash","Gash","Bandage Up","Panacea+1","All For One","Bandage Up+1","Discovery+1","Dramatic Entrance","Finesse","Sadistic Nature","Coolheaded+1","Panache","Hologram+1","Impatience+1","Go for the Eyes","Electrodynamics","Jack Of All Trades+1","Flash of Steel","Panache","Dark Shackles","Beam Cell","Discovery+1","Compile Driver","Chrysalis+1","Gash+1"],"special_seed":17931,"relics":["Cracked Core","Peace Pipe","Calipers","Omamori","Philosopher\u0027s Stone","DataDisk","Lantern","Singing Bowl","Potion Belt","Sozu","Red Mask","Bag of Preparation","Du-Vu Doll","War Paint","Juzu Bracelet"],"potions_floor_usage":[11,20,21,23,23,30,31,40],"damage_taken":[{"damage":0,"enemies":"Small Slimes","floor":1,"turns":2},{"damage":0,"enemies":"Jaw Worm","floor":7,"turns":2},{"damage":3,"enemies":"2 Louse","floor":8,"turns":2},{"damage":10,"enemies":"Gremlin Nob","floor":11,"turns":4},{"damage":5,"enemies":"Blue Slaver","floor":12,"turns":3},{"damage":0,"enemies":"2 Fungi Beasts","floor":13,"turns":3},{"damage":0,"enemies":"Gremlin Gang","floor":14,"turns":3},{"damage":49,"enemies":"The Guardian","floor":16,"turns":8},{"damage":8,"enemies":"Shell Parasite","floor":18,"turns":2},{"damage":2,"enemies":"Spheric Guardian","floor":20,"turns":3},{"damage":9,"enemies":"3 Cultists","floor":21,"turns":4},{"damage":23,"enemies":"Shelled Parasite and Fungi","floor":22,"turns":5},{"damage":47,"enemies":"Slavers","floor":23,"turns":5},{"damage":0,"enemies":"Sentry and Sphere","floor":24,"turns":3},{"damage":20,"enemies":"Chosen and Byrds","floor":30,"turns":8},{"damage":17,"enemies":"Book of Stabbing","floor":31,"turns":4},{"damage":8,"enemies":"Automaton","floor":33,"turns":6},{"damage":14,"enemies":"Orb Walker","floor":35,"turns":3},{"damage":16,"enemies":"3 Darklings","floor":38,"turns":3},{"damage":1,"enemies":"Transient","floor":39,"turns":5},{"damage":36,"enemies":"Giant Head","floor":40,"turns":7},{"damage":29,"enemies":"Spire Growth","floor":42,"turns":5},{"damage":33,"enemies":"Nemesis","floor":45,"turns":7},{"damage":37,"enemies":"3 Darklings","floor":48,"turns":2}],"seed_played":"-1671587602843192700","potions_obtained":[{"floor":7,"key":"Regen Potion"},{"floor":8,"key":"Dexterity Potion"},{"floor":14,"key":"Explosive Potion"},{"floor":18,"key":"Weak Potion"},{"floor":21,"key":"SteroidPotion"},{"floor":22,"key":"Poison Potion"},{"floor":23,"key":"Swift Potion"},{"floor":31,"key":"AttackPotion"}],"is_trial":false,"path_per_floor":["M","?","?","$","?","?","M","M","T","R","E","M","M","M","R","B",null,"M","?","M","M","M","E","M","?","T","R","$","R","M","E","R","B",null,"M","?","?","M","M","E","R","M","T","R","E","T","R","M"],"character_chosen":"DEFECT","items_purchased":["Go for the Eyes","Beam Cell","Panache","Singing Bowl","Hologram"],"campfire_rested":2,"item_purchase_floors":[4,4,28,28,28],"current_hp_per_floor":[75,75,75,75,68,56,56,57,57,57,60,55,59,67,67,26,75,67,67,75,72,61,28,34,34,34,70,70,70,56,53,53,59,70,66,66,56,48,61,39,65,50,50,50,31,31,31,0],"gold":130,"neow_bonus":"","is_prod":false,"is_daily":true,"chose_seed":false,"campfire_upgraded":6,"win_rate":0,"timestamp":1549257404,"path_taken":["M","?","?","?","?","?","M","?","T","R","E","M","M","M","R","BOSS","M","?","M","M","M","E","?","?","T","R","?","R","M","E","R","BOSS","M","?","?","M","M","E","R","M","T","R","E","?","R","M"],"build_version":"2019-01-23","purchased_purges":0,"victory":false,"max_hp_per_floor":[75,75,75,75,75,75,75,75,75,75,75,75,75,75,75,75,75,75,75,75,75,75,75,75,75,75,70,70,70,70,70,70,70,70,70,70,70,70,70,70,65,65,65,65,65,65,65,65],"card_choices":[{"not_picked":["Streamline","Enlightenment"],"picked":"Rebound","floor":0},{"not_picked":["Leap","Blizzard"],"picked":"Go for the Eyes","floor":0},{"not_picked":["Steam","Cold Snap"],"picked":"Discovery","floor":0},{"not_picked":["Auto Shields","Hologram"],"picked":"Swift Strike","floor":0},{"not_picked":["Self Repair","Redo"],"picked":"FTL","floor":0},{"not_picked":["Redo","Sunder"],"picked":"Gash","floor":0},{"not_picked":["Reprogram","Conserve Battery"],"picked":"Steam","floor":0},{"not_picked":["Redo","Stack"],"picked":"Compile Driver","floor":0},{"not_picked":["Ball Lightning","Tempest"],"picked":"Conserve Battery","floor":0},{"not_picked":["Redo","Beam Cell"],"picked":"Dark Shackles","floor":0},{"not_picked":["Tempest","Redo"],"picked":"Undo","floor":0},{"not_picked":["Enlightenment","Sweeping Beam"],"picked":"Finesse","floor":0},{"not_picked":["Panacea","Redo"],"picked":"Go for the Eyes","floor":0},{"not_picked":["Stack","Impatience"],"picked":"Trip","floor":0},{"not_picked":["Rebound","Conserve Battery"],"picked":"Cold Snap","floor":0},{"not_picked":["Sweeping Beam","Rebound"],"picked":"Gash","floor":1},{"not_picked":["Recycle","Streamline"],"picked":"Bandage Up","floor":7},{"not_picked":["Self Repair","Coolheaded"],"picked":"Go for the Eyes","floor":8},{"not_picked":["Dramatic Entrance","Coolheaded"],"picked":"Gash","floor":11},{"not_picked":["Hologram","Beam Cell"],"picked":"Gash","floor":12},{"not_picked":["Melter","Turbo"],"picked":"Bandage Up","floor":13},{"not_picked":["Steam","Hologram"],"picked":"Panacea","floor":14},{"not_picked":["Secret Technique","Master of Strategy"],"picked":"All For One","floor":16},{"not_picked":["Lockon","Sweeping Beam+1"],"picked":"Bandage Up+1","floor":18},{"not_picked":["Compile Driver","Skim"],"picked":"Discovery","floor":20},{"not_picked":["Steam Power","Compile Driver"],"picked":"Dramatic Entrance","floor":21},{"not_picked":["Ball Lightning+1","Auto Shields"],"picked":"Finesse","floor":22},{"not_picked":["Streamline","Enlightenment"],"picked":"Sadistic Nature","floor":23},{"not_picked":["Steam","Ball Lightning"],"picked":"Coolheaded","floor":24},{"not_picked":["Compile Driver","Dramatic Entrance"],"picked":"Impatience+1","floor":30},{"not_picked":["Barrage","Beam Cell"],"picked":"Go for the Eyes","floor":31},{"not_picked":["Amplify","Hyperbeam"],"picked":"Electrodynamics","floor":33},{"not_picked":["Hologram+1","Go for the Eyes+1"],"picked":"Jack Of All Trades+1","floor":35},{"not_picked":["Thinking Ahead","Dramatic Entrance"],"picked":"Flash of Steel","floor":37},{"not_picked":["Flash of Steel","Sadistic Nature"],"picked":"Panache","floor":37},{"not_picked":["Thinking Ahead","Swift Strike"],"picked":"Dark Shackles","floor":37},{"not_picked":["Skim","Redo"],"picked":"Beam Cell","floor":38},{"not_picked":["Hologram+1","Compile Driver+1"],"picked":"Discovery","floor":39},{"not_picked":["Blizzard+1","Hello World+1"],"picked":"Compile Driver","floor":40},{"not_picked":["Static Discharge","Steam"],"picked":"Chrysalis","floor":42},{"not_picked":["Compile Driver","Steam Power"],"picked":"Gash+1","floor":45}],"player_experience":39030,"relics_obtained":[{"floor":9,"key":"Calipers"},{"floor":11,"key":"Omamori"},{"floor":23,"key":"DataDisk"},{"floor":26,"key":"Lantern"},{"floor":31,"key":"Potion Belt"},{"floor":40,"key":"Bag of Preparation"},{"floor":43,"key":"Du-Vu Doll"},{"floor":45,"key":"War Paint"},{"floor":46,"key":"Juzu Bracelet"}],"event_choices":[{"damage_healed":0,"gold_gain":0,"player_choice":"Grow","damage_taken":0,"max_hp_gain":0,"max_hp_loss":0,"event_name":"Living Wall","floor":2,"gold_loss":0,"cards_upgraded":["Discovery"]},{"damage_healed":0,"gold_gain":0,"player_choice":"Ignored","damage_taken":0,"max_hp_gain":0,"max_hp_loss":0,"event_name":"Liars Game","floor":3,"gold_loss":0},{"cards_removed":["Undo"],"damage_healed":0,"gold_gain":0,"player_choice":"Card Removal","damage_taken":7,"max_hp_gain":0,"max_hp_loss":0,"event_name":"Golden Wing","floor":5,"gold_loss":0},{"damage_healed":0,"gold_gain":0,"player_choice":"Success","damage_taken":12,"relics_obtained":["Peace Pipe"],"max_hp_gain":0,"max_hp_loss":0,"event_name":"Scrap Ooze","floor":6,"gold_loss":0},{"damage_healed":0,"gold_gain":0,"player_choice":"Bought 0 Potions","damage_taken":0,"max_hp_gain":0,"max_hp_loss":0,"event_name":"The Woman in Blue","floor":19,"gold_loss":0},{"damage_healed":0,"gold_gain":99,"player_choice":"Stole From Cult","damage_taken":0,"max_hp_gain":0,"max_hp_loss":0,"event_name":"Nest","floor":25,"gold_loss":0},{"damage_healed":0,"gold_gain":0,"player_choice":"Paid","damage_taken":0,"relics_obtained":["Red Mask"],"max_hp_gain":0,"max_hp_loss":0,"event_name":"Tomb of Lord Red Mask","floor":36,"gold_loss":182},{"damage_healed":0,"gold_gain":0,"player_choice":"Memory 3","damage_taken":10,"max_hp_gain":0,"max_hp_loss":0,"event_name":"SensoryStone","floor":37,"gold_loss":0}],"is_beta":true,"boss_relics":[{"not_picked":["Snecko Eye","Ectoplasm"],"picked":"Philosopher\u0027s Stone"},{"not_picked":["Runic Dome","Empty Cage"],"picked":"Sozu"}],"items_purged_floors":[],"is_endless":false,"potions_floor_spawned":[7,8,14,18,21,22,23,31,38,39,40],"killed_by":"3 Darklings","ascension_level":0}