{"gold_per_floor":[16,91,266,281,298,298,663,663,686,711,661,671,671,195,195,295,295,314,314,334,334,43,43,43,63,63,92,92,19,33,33,33,134,134,148,1,16,1015,1015,1040,1051,1051,1104,1114,1114,1134,1150,1168,1168,1168],"floor_reached":50,"playtime":2821,"items_purged":["Strike_B","Defend_B","Defend_B"],"score":540,"play_id":"c454df45-d935-4d89-99a2-7a64615054ac","local_time":"20190116105554","is_ascension_mode":false,"campfire_choices":[{"data":"Zap","floor":6,"key":"SMITH"},{"data":"Dualcast","floor":8,"key":"SMITH"},{"data":"Hologram","floor":13,"key":"SMITH"},{"data":"Storm","floor":15,"key":"SMITH"},{"data":"Echo Form","floor":23,"key":"SMITH"},{"data":"1","floor":28,"key":"LIFT"},{"data":"Electrodynamics","floor":32,"key":"SMITH"},{"data":"White Noise","floor":42,"key":"SMITH"},{"floor":45,"key":"RECALL"},{"floor":49,"key":"REST"}],"neow_cost":"NO_GOLD","seed_source_timestamp":3080377248000,"circlet_count":0,"master_deck":["Defend_B","Zap+1","Dualcast+1","Storm+1","Cold Snap","Static Discharge","Barrage","Self Repair","Hologram+1","Self Repair","Capacitor","Hologram","Echo Form+1","Cold Snap","Steam Power","Go for the Eyes+1","Electrodynamics+1","Static Discharge","Compile Driver+1","Buffer","Defragment","Compile Driver","Conserve Battery","White Noise+1","Steam+1","Parasite","Coolheaded+1","Turbo"],"relics":["Cracked Core","Old Coin","Oddly Smooth Stone","Omamori","OrangePellets","Bag of Preparation","Nuclear Battery","Girya","Darkstone Periapt","Sozu","Regal Pillow"],"potions_floor_usage":[7,7,12,27,30,30],"damage_taken":[{"damage":1,"enemies":"Cultist","floor":1,"turns":3},{"damage":0,"enemies":"Small Slimes","floor":4,"turns":3},{"damage":0,"enemies":"2 Louse","floor":5,"turns":1},{"damage":10,"enemies":"Gremlin Nob","floor":7,"turns":4},{"damage":18,"enemies":"3 Sentries","floor":10,"turns":5},{"damage":0,"enemies":"2 Fungi Beasts","floor":12,"turns":2},{"damage":29,"enemies":"Slime Boss","floor":16,"turns":11},{"damage":11,"enemies":"Chosen","floor":18,"turns":4},{"damage":6,"enemies":"Shell Parasite","floor":20,"turns":4},{"damage":19,"enemies":"Sentry and Sphere","floor":25,"turns":4},{"damage":15,"enemies":"Book of Stabbing","floor":27,"turns":4},{"damage":0,"enemies":"Chosen and Byrds","floor":30,"turns":4},{"damage":55,"enemies":"Automaton","floor":33,"turns":6},{"damage":0,"enemies":"3 Darklings","floor":35,"turns":2},{"damage":0,"enemies":"3 Shapes","floor":37,"turns":2},{"damage":66,"enemies":"Nemesis","floor":40,"turns":6},{"damage":12,"enemies":"3 Darklings","floor":41,"turns":4},{"damage":9,"enemies":"Spire Growth","floor":44,"turns":4},{"damage":5,"enemies":"Writhing Mass","floor":46,"turns":4},{"damage":25,"enemies":"4 Shapes","floor":47,"turns":2},{"damage":12,"enemies":"3 Darklings","floor":48,"turns":3},{"damage":84,"enemies":"Time Eater","floor":50,"turns":10}],"seed_played":"3864078903025335829","potions_obtained":[{"floor":1,"key":"SteroidPotion"},{"floor":4,"key":"FocusPotion"},{"floor":10,"key":"SteroidPotion"},{"floor":20,"key":"LiquidBronze"},{"floor":25,"key":"Energy Potion"},{"floor":27,"key":"PowerPotion"}],"is_trial":false,"path_per_floor":["M","?","?","M","M","R","?","R","T","E","?","M","R","$","R","B",null,"M","?","M","?","$","R","?","M","T","E","R","$","M","$","R","B",null,"M","$","M","?","?","E","M","R","T","M","R","M","M","M","R","B"],"character_chosen":"DEFECT","items_purchased":["OrangePellets","Bag of Preparation","Self Repair","Echo Form","Cold Snap","Steam Power","Static Discharge","Compile Driver"],"campfire_rested":1,"item_purchase_floors":[14,14,14,22,22,22,29,36],"current_hp_per_floor":[74,63,63,63,63,63,53,53,53,35,35,42,42,42,42,27,75,75,75,75,75,75,75,61,56,56,55,55,55,80,80,80,39,80,80,80,80,80,80,35,37,37,37,49,49,57,32,41,81,0],"gold":1168,"neow_bonus":"REMOVE_TWO","is_prod":false,"is_daily":false,"chose_seed":false,"campfire_upgraded":7,"win_rate":0,"timestamp":1547607354,"path_taken":["M","?","?","M","M","R","?","R","T","E","?","M","R","$","R","BOSS","M","?","?","?","?","R","?","M","T","E","R","$","?","$","R","BOSS","M","$","M","?","?","E","M","R","T","M","R","M","?","M","R","BOSS"],"build_version":"2019-01-10","purchased_purges":3,"victory":false,"max_hp_per_floor":[75,75,75,75,75,75,75,75,75,75,75,75,75,75,75,75,75,75,75,75,75,75,75,80,80,80,80,80,80,80,80,80,80,80,80,80,80,80,80,80,80,80,80,80,80,86,86,86,86,86],"card_choices":[{"not_picked":["Reprogram","Heatsinks"],"picked":"Storm","floor":1},{"not_picked":["Recycle","Ball Lightning"],"picked":"Cold Snap","floor":4},{"not_picked":["Cold Snap","Sweeping Beam"],"picked":"Static Discharge","floor":5},{"not_picked":["Leap","Stack"],"picked":"Barrage","floor":7},{"not_picked":["All For One","Steam"],"picked":"Self Repair","floor":10},{"not_picked":["Cold Snap","Beam Cell"],"picked":"Hologram","floor":12},{"not_picked":["Beam Cell","Streamline"],"picked":"Capacitor","floor":18},{"not_picked":["Fusion","Steam+1"],"picked":"Hologram","floor":20},{"not_picked":["Leap+1","Steam"],"picked":"Go for the Eyes+1","floor":25},{"not_picked":["Steam+1","Ball Lightning"],"picked":"Electrodynamics","floor":27},{"not_picked":["Reprogram","Glacier"],"picked":"Compile Driver+1","floor":30},{"not_picked":["Biased Cognition","Fission"],"picked":"Buffer","floor":33},{"not_picked":["FTL","Beam Cell"],"picked":"Defragment","floor":35},{"not_picked":["BootSequence+1","Scrape+1"],"picked":"Conserve Battery","floor":37},{"not_picked":["Sweeping Beam+1","Fusion"],"picked":"White Noise","floor":40},{"not_picked":["Compile Driver+1","Aggregate","Hologram+1"],"picked":"SKIP","floor":41},{"not_picked":["Loop+1","Compile Driver+1"],"picked":"Steam+1","floor":44},{"not_picked":["Blizzard","Sweeping Beam+1"],"picked":"Coolheaded+1","floor":46},{"not_picked":["Doom and Gloom","Self Repair+1","Force Field+1"],"picked":"SKIP","floor":47},{"not_picked":["Storm","Gash+1"],"picked":"Turbo","floor":48}],"player_experience":248852,"relics_obtained":[{"floor":7,"key":"Old Coin"},{"floor":9,"key":"Oddly Smooth Stone"},{"floor":10,"key":"Omamori"},{"floor":26,"key":"Girya"},{"floor":27,"key":"Darkstone Periapt"},{"floor":40,"key":"Regal Pillow"}],"event_choices":[{"damage_healed":0,"gold_gain":75,"player_choice":"Gather Gold","damage_taken":11,"max_hp_gain":0,"max_hp_loss":0,"event_name":"World of Goop","floor":2,"gold_loss":0},{"damage_healed":0,"gold_gain":175,"player_choice":"AGREE","damage_taken":0,"max_hp_gain":0,"max_hp_loss":0,"event_name":"Liars Game","floor":3,"gold_loss":0,"cards_obtained":["Doubt"]},{"damage_healed":0,"gold_gain":30,"player_choice":"Searched \u00272\u0027 times","damage_taken":0,"max_hp_gain":0,"max_hp_loss":0,"event_name":"Dead Adventurer","floor":7,"gold_loss":0},{"cards_removed":["Doubt"],"damage_healed":0,"gold_gain":0,"player_choice":"Card Removal","damage_taken":0,"max_hp_gain":0,"max_hp_loss":0,"event_name":"The Cleric","floor":11,"gold_loss":50},{"cards_removed":["Strike_B"],"damage_healed":0,"gold_gain":0,"player_choice":"Purged","damage_taken":0,"max_hp_gain":0,"max_hp_loss":0,"event_name":"Purifier","floor":19,"gold_loss":0},{"damage_healed":0,"gold_gain":0,"player_choice":"Ignored","damage_taken":0,"max_hp_gain":0,"max_hp_loss":0,"event_name":"Vampires","floor":21,"gold_loss":0},{"damage_healed":0,"gold_gain":0,"player_choice":"Shed Blood","damage_taken":19,"max_hp_gain":5,"max_hp_loss":0,"event_name":"Forgotten Altar","floor":24,"gold_loss":0},{"damage_healed":0,"gold_gain":999,"player_choice":"Gold","damage_taken":0,"max_hp_gain":0,"max_hp_loss":0,"event_name":"MindBloom","floor":38,"gold_loss":0,"cards_obtained":["Normality","Normality"]},{"cards_removed":["Defend_B"],"damage_healed":0,"gold_gain":0,"player_choice":"Offered Basic","damage_taken":0,"max_hp_gain":0,"max_hp_loss":0,"event_name":"Bonfire Elementals","floor":39,"gold_loss":0}],"is_beta":false,"boss_relics":[{"not_picked":["Eternal Feather","Black Star"],"picked":"Nuclear Battery"},{"not_picked":["FrozenCore","Philosopher\u0027s Stone"],"picked":"Sozu"}],"items_purged_floors":[14,22,36],"is_endless":false,"potions_floor_spawned":[1,4,10,20,25,27,44,47],"killed_by":"Time Eater","ascension_level":0}