{"gold_per_floor":[112,132,132,152,170,170,202,202,202,5,21,21,46,61,61,157,157,170,170,269,369,7,37,37,55,55,72,72,87,87,122,122,226,226,239,286,286,686,706,706,721,721,721,721,721,721,821,821],"floor_reached":48,"playtime":2630,"items_purged":["Strike_B","Strike_B"],"score":602,"play_id":"a8d91db3-3823-48dc-a415-4f1d77964e2c","local_time":"20190206211214","is_ascension_mode":true,"campfire_choices":[{"data":"Zap","floor":6,"key":"SMITH"},{"data":"Dualcast","floor":8,"key":"SMITH"},{"floor":15,"key":"REST"},{"floor":28,"key":"REST"},{"data":"Chill","floor":30,"key":"SMITH"},{"data":"Buffer","floor":32,"key":"SMITH"},{"floor":40,"key":"REST"},{"data":"Capacitor","floor":42,"key":"SMITH"}],"neow_cost":"NONE","seed_source_timestamp":39312706841800,"circlet_count":0,"master_deck":["Strike_B","Strike_B","Defend_B","Defend_B","Defend_B","Defend_B","Zap+1","Dualcast+1","Beam Cell","Ball Lightning","Conserve Battery","FTL","Buffer+1","Beam Cell","Hologram","Cold Snap","All For One","Ghostly","Ghostly","Ghostly","Ghostly","Ghostly","Glacier","Defragment","Necronomicurse","Consume","Chill+1","Blizzard+1","Echo Form","Writhe","Coolheaded","Capacitor+1","Thinking Ahead"],"relics":["Cracked Core","Smiling Mask","Dodecahedron","Juzu Bracelet","NlothsMask","Singing Bowl","Black Star","Thread and Needle","Molten Egg 2","Runic Capacitor","Bottled Flame","Bird Faced Urn","Necronomicon","PreservedInsect","Vajra","Sozu","StoneCalendar","Old Coin","Mercury Hourglass"],"potions_floor_usage":[7,13,13,16,21,21,31,31,36],"damage_taken":[{"damage":0,"enemies":"Small Slimes","floor":1,"turns":3},{"damage":0,"enemies":"Cultist","floor":2,"turns":3},{"damage":6,"enemies":"Jaw Worm","floor":4,"turns":2},{"damage":9,"enemies":"3 Louse","floor":5,"turns":4},{"damage":17,"enemies":"3 Sentries","floor":7,"turns":9},{"damage":10,"enemies":"Exordium Thugs","floor":11,"turns":5},{"damage":7,"enemies":"Gremlin Nob","floor":13,"turns":3},{"damage":0,"enemies":"Looter","floor":14,"turns":2},{"damage":33,"enemies":"The Guardian","floor":16,"turns":9},{"damage":23,"enemies":"3 Byrds","floor":18,"turns":5},{"damage":2,"enemies":"Colosseum Slavers","floor":21,"turns":6},{"damage":0,"enemies":"Colosseum Nobs","floor":21,"turns":7},{"damage":0,"enemies":"Book of Stabbing","floor":23,"turns":7},{"damage":7,"enemies":"Spheric Guardian","floor":25,"turns":4},{"damage":0,"enemies":"Cultist and Chosen","floor":27,"turns":9},{"damage":0,"enemies":"Snecko","floor":29,"turns":4},{"damage":0,"enemies":"Gremlin Leader","floor":31,"turns":7},{"damage":5,"enemies":"Champ","floor":33,"turns":11},{"damage":0,"enemies":"3 Shapes","floor":35,"turns":4},{"damage":37,"enemies":"2 Orb Walkers","floor":36,"turns":7},{"damage":0,"enemies":"Mind Bloom Boss Battle","floor":38,"turns":7},{"damage":23,"enemies":"3 Darklings","floor":39,"turns":7},{"damage":0,"enemies":"Transient","floor":41,"turns":5},{"damage":47,"enemies":"Reptomancer","floor":48,"turns":2}],"seed_played":"8917100579847642810","potions_obtained":[{"floor":1,"key":"Dexterity Potion"},{"floor":2,"key":"Strength Potion"},{"floor":7,"key":"Weak Potion"},{"floor":11,"key":"Explosive Potion"},{"floor":13,"key":"Energy Potion"},{"floor":14,"key":"Swift Potion"},{"floor":18,"key":"Fire Potion"},{"floor":21,"key":"Weak Potion"},{"floor":27,"key":"Fire Potion"},{"floor":31,"key":"SteroidPotion"}],"is_trial":false,"path_per_floor":["M","M","?","M","M","R","E","R","T","$","M","?","E","M","R","B",null,"M","?","?","?","$","E","?","M","T","M","R","M","R","E","R","B",null,"M","?","?","?","M","R","M","R","T","?","?","?","?","E"],"character_chosen":"DEFECT","items_purchased":["Juzu Bracelet","Runic Capacitor","Glacier","Defragment"],"campfire_rested":3,"item_purchase_floors":[10,22,22,22],"current_hp_per_floor":[75,75,75,69,60,60,43,43,43,43,33,33,26,26,48,15,75,54,38,38,38,38,40,24,23,23,27,40,42,42,44,44,44,44,46,19,31,37,26,41,45,45,45,45,45,45,45,0],"gold":821,"neow_bonus":"THREE_CARDS","is_prod":false,"is_daily":false,"chose_seed":false,"campfire_upgraded":5,"win_rate":0,"timestamp":1549458734,"path_taken":["M","M","?","M","M","R","E","R","T","$","M","?","E","M","R","BOSS","M","?","?","?","$","E","?","M","T","M","R","M","R","E","R","BOSS","M","?","?","?","M","R","M","R","T","?","?","?","?","E"],"build_version":"2019-01-23","purchased_purges":2,"victory":false,"max_hp_per_floor":[75,75,75,75,75,75,75,75,75,75,75,75,75,75,75,75,75,77,38,38,40,40,42,42,44,44,44,44,44,44,44,44,44,44,46,48,48,48,50,50,50,50,50,50,50,50,50,50],"card_choices":[{"not_picked":["Force Field","Genetic Algorithm"],"picked":"Beam Cell","floor":0},{"not_picked":["Lockon","Aggregate"],"picked":"Defragment","floor":1},{"not_picked":["Doom and Gloom","Gash"],"picked":"Ball Lightning","floor":2},{"not_picked":["Genetic Algorithm","Ball Lightning"],"picked":"Conserve Battery","floor":4},{"not_picked":["Aggregate","Scrape"],"picked":"FTL","floor":5},{"not_picked":["Turbo","Steam"],"picked":"Buffer","floor":7},{"not_picked":["Leap","Streamline"],"picked":"Beam Cell","floor":11},{"not_picked":["Rebound","Turbo"],"picked":"Hologram","floor":13},{"not_picked":["Sweeping Beam","Lockon"],"picked":"Cold Snap","floor":14},{"not_picked":["Hyperbeam","Machine Learning"],"picked":"All For One","floor":16},{"not_picked":["Chaos","Reinforced Body+1","Streamline+1"],"picked":"Singing Bowl","floor":18},{"not_picked":["Static Discharge","Cold Snap","Streamline+1"],"picked":"Singing Bowl","floor":21},{"not_picked":["Reprogram","Steam Power","Stack"],"picked":"Singing Bowl","floor":23},{"not_picked":["Steam","Ball Lightning+1","Leap"],"picked":"Singing Bowl","floor":25},{"not_picked":["Sweeping Beam+1","Steam"],"picked":"Consume","floor":27},{"not_picked":["Reinforced Body","Cold Snap+1"],"picked":"Chill","floor":29},{"not_picked":["Go for the Eyes+1","Tempest"],"picked":"Blizzard+1","floor":31},{"not_picked":["Multi-Cast","Reboot"],"picked":"Echo Form","floor":33},{"not_picked":["Melter+1","Redo","Streamline+1"],"picked":"Singing Bowl","floor":35},{"not_picked":["Lockon+1","Streamline+1","Redo"],"picked":"Singing Bowl","floor":36},{"not_picked":["Streamline+1","Beam Cell+1"],"picked":"Coolheaded","floor":38},{"not_picked":["Blizzard+1","Doom and Gloom+1","Melter+1"],"picked":"Singing Bowl","floor":39},{"not_picked":["Coolheaded+1","Lockon+1"],"picked":"Capacitor","floor":41},{"not_picked":["HandOfGreed+1","Trip"],"picked":"Thinking Ahead","floor":45}],"player_experience":351682,"relics_obtained":[{"floor":7,"key":"Dodecahedron"},{"floor":13,"key":"Singing Bowl"},{"floor":21,"key":"Thread and Needle"},{"floor":21,"key":"Molten Egg 2"},{"floor":23,"key":"Bottled Flame"},{"floor":23,"key":"Bird Faced Urn"},{"floor":24,"key":"Necronomicon"},{"floor":31,"key":"PreservedInsect"},{"floor":31,"key":"Vajra"},{"floor":36,"key":"StoneCalendar"},{"floor":38,"key":"Old Coin"},{"floor":43,"key":"Mercury Hourglass"}],"event_choices":[{"damage_healed":0,"gold_gain":0,"player_choice":"Gave Potion","damage_taken":0,"relics_obtained":["Smiling Mask"],"max_hp_gain":0,"max_hp_loss":0,"event_name":"WeMeetAgain","floor":3,"gold_loss":0},{"damage_healed":0,"gold_gain":0,"player_choice":"Trade","damage_taken":0,"relics_obtained":["NlothsMask"],"max_hp_gain":0,"max_hp_loss":0,"event_name":"FaceTrader","floor":12,"gold_loss":0},{"damage_healed":0,"gold_gain":0,"player_choice":"Became a Ghost","damage_taken":0,"max_hp_gain":0,"max_hp_loss":39,"event_name":"Ghosts","floor":19,"gold_loss":0,"cards_obtained":["Ghostly","Ghostly","Ghostly","Ghostly","Ghostly"]},{"damage_healed":0,"gold_gain":99,"player_choice":"Stole From Cult","damage_taken":0,"max_hp_gain":0,"max_hp_loss":0,"event_name":"Nest","floor":20,"gold_loss":0},{"damage_healed":0,"gold_gain":0,"player_choice":"Fight","damage_taken":0,"max_hp_gain":0,"max_hp_loss":0,"event_name":"Colosseum","floor":21,"gold_loss":0},{"damage_healed":0,"gold_gain":0,"player_choice":"Fought Nobs","damage_taken":0,"max_hp_gain":0,"max_hp_loss":0,"event_name":"Colosseum","floor":21,"gold_loss":0},{"damage_healed":0,"gold_gain":0,"player_choice":"Obtained Book","damage_taken":16,"max_hp_gain":0,"max_hp_loss":0,"event_name":"Cursed Tome","floor":24,"gold_loss":0},{"damage_healed":0,"gold_gain":0,"player_choice":"Fight","damage_taken":0,"max_hp_gain":0,"max_hp_loss":0,"event_name":"Mysterious Sphere","floor":36,"gold_loss":0},{"damage_healed":12,"gold_gain":0,"player_choice":"Writhe","damage_taken":0,"max_hp_gain":0,"max_hp_loss":0,"event_name":"Winding Halls","floor":37,"gold_loss":0,"cards_obtained":["Writhe"]},{"damage_healed":0,"gold_gain":0,"player_choice":"Fight","damage_taken":0,"max_hp_gain":0,"max_hp_loss":0,"event_name":"MindBloom","floor":38,"gold_loss":0},{"damage_healed":0,"gold_gain":0,"player_choice":"Ignored","damage_taken":0,"max_hp_gain":0,"max_hp_loss":0,"event_name":"Tomb of Lord Red Mask","floor":44,"gold_loss":0},{"damage_healed":0,"gold_gain":0,"player_choice":"Memory 1","damage_taken":0,"max_hp_gain":0,"max_hp_loss":0,"event_name":"SensoryStone","floor":45,"gold_loss":0},{"cards_removed":["Defragment"],"damage_healed":0,"gold_gain":0,"player_choice":"Removed Power","damage_taken":0,"max_hp_gain":0,"max_hp_loss":0,"event_name":"Falling","floor":46,"gold_loss":0},{"damage_healed":0,"gold_gain":100,"player_choice":"Pray","damage_taken":0,"max_hp_gain":0,"max_hp_loss":0,"event_name":"Golden Shrine","floor":47,"gold_loss":0}],"is_beta":false,"boss_relics":[{"not_picked":["Fusion Hammer","Runic Dome"],"picked":"Black Star"},{"not_picked":["Cursed Key","Busted Crown"],"picked":"Sozu"}],"items_purged_floors":[10,22],"is_endless":false,"potions_floor_spawned":[1,2,7,11,13,14,18,21,27,31,36,39,41],"killed_by":"Reptomancer","ascension_level":1}