{"gold_per_floor":[117,42,61,78,30,43,63,83,107,123,157,157,11,44,44,44],"floor_reached":16,"playtime":969,"items_purged":["Strike_R","Strike_R"],"score":114,"play_id":"e82527a6-5649-444b-bde1-98d67604af33","local_time":"20181019153957","is_ascension_mode":false,"campfire_choices":[{"data":"Armaments","floor":12,"key":"SMITH"},{"floor":15,"key":"REST"}],"neow_cost":"NONE","seed_source_timestamp":19592708940400,"circlet_count":0,"master_deck":["Strike_R","Strike_R","Strike_R","Defend_R","Defend_R","Defend_R","Defend_R","Bash+1","Cleave","Pommel Strike","Armaments+1","Pommel Strike","Pommel Strike","Rampage","Shrug It Off","Rampage","Shrug It Off","Reaper"],"relics":["Burning Blood","Potion Belt","StoneCalendar","Ancient Tea Set"],"potions_floor_usage":[14],"damage_taken":[{"damage":9,"enemies":"Cultist","floor":1,"turns":4},{"damage":11,"enemies":"Jaw Worm","floor":3,"turns":4},{"damage":0,"enemies":"2 Louse","floor":4,"turns":2},{"damage":4,"enemies":"Blue Slaver","floor":6,"turns":4},{"damage":13,"enemies":"3 Louse","floor":7,"turns":3},{"damage":0,"enemies":"Exordium Wildlife","floor":8,"turns":4},{"damage":19,"enemies":"Exordium Thugs","floor":10,"turns":5},{"damage":23,"enemies":"3 Sentries","floor":11,"turns":7},{"damage":41,"enemies":"Gremlin Nob","floor":14,"turns":5},{"damage":44,"enemies":"Hexaghost","floor":16,"turns":10}],"seed_played":"-4126996743377287740","potions_obtained":[{"floor":3,"key":"GamblersBrew"},{"floor":8,"key":"SmokeBomb"},{"floor":11,"key":"EssenceOfSteel"}],"is_trial":false,"path_per_floor":["M","$","M","M","$","M","M","M","T","M","E","R","$","E","R"],"character_chosen":"IRONCLAD","items_purchased":["Pommel Strike","Shrug It Off"],"campfire_rested":1,"item_purchase_floors":[5,13],"current_hp_per_floor":[77,77,72,78,78,80,73,79,79,66,49,49,49,14,38,0],"gold":44,"neow_bonus":"UPGRADE_CARD","is_prod":false,"is_daily":false,"chose_seed":false,"campfire_upgraded":1,"win_rate":0,"timestamp":1539934797,"path_taken":["M","$","M","M","?","?","M","M","T","M","E","R","$","E","R","BOSS"],"build_version":"2018-10-18","purchased_purges":2,"victory":false,"max_hp_per_floor":[80,80,80,80,80,80,80,80,80,80,80,80,80,80,80,80],"card_choices":[{"not_picked":["Clash","Carnage"],"picked":"Cleave","floor":1},{"not_picked":["Bloodletting","Shrug It Off"],"picked":"Pommel Strike","floor":3},{"not_picked":["Clash","Pummel"],"picked":"Armaments","floor":4},{"not_picked":["Searing Blow","Thunderclap","Disarm"],"picked":"SKIP","floor":6},{"not_picked":["Perfected Strike","Clothesline"],"picked":"Pommel Strike","floor":7},{"not_picked":["Anger","Pommel Strike"],"picked":"Rampage","floor":8},{"not_picked":["Intimidate","Iron Wave"],"picked":"Shrug It Off","floor":10},{"not_picked":["Anger","Clash"],"picked":"Rampage","floor":11},{"not_picked":["Body Slam","Sword Boomerang"],"picked":"Reaper","floor":14}],"player_experience":41391,"relics_obtained":[{"floor":9,"key":"Potion Belt"},{"floor":11,"key":"StoneCalendar"},{"floor":14,"key":"Ancient Tea Set"}],"event_choices":[],"is_beta":false,"boss_relics":[],"items_purged_floors":[2,13],"is_endless":false,"potions_floor_spawned":[3,8,11],"killed_by":"Hexaghost","ascension_level":0}