{"gold_per_floor":[114,131,141,156,156,156,171,58,107,60,60,74,74,87,87,185,185,185],"floor_reached":18,"playtime":938,"items_purged":["Choke"],"score":169,"play_id":"a46f62ce-d3a3-436c-a75a-ae3bc8a2b89d","local_time":"20190119081900","is_ascension_mode":true,"campfire_choices":[{"data":"Cloak And Dagger","floor":6,"key":"SMITH"},{"data":"Backflip","floor":11,"key":"SMITH"},{"data":"Backflip","floor":13,"key":"SMITH"},{"floor":15,"key":"REST"}],"neow_cost":"NONE","seed_source_timestamp":204394618393356,"circlet_count":0,"master_deck":["Defend_G","Defend_G","Defend_G","Defend_G","Defend_G","Strike_G","Strike_G","Strike_G","Strike_G","Survivor","Neutralize","Backflip+1","Cloak And Dagger+1","Noxious Fumes","Flying Knee","PiercingWail","Noxious Fumes","Prepared","Backflip+1","Bane","Tools of the Trade"],"relics":["Ring of the Snake","Art of War","HoveringKite"],"potions_floor_usage":[12,16],"damage_taken":[{"damage":7,"enemies":"2 Louse","floor":1,"turns":4},{"damage":6,"enemies":"Cultist","floor":2,"turns":3},{"damage":2,"enemies":"Jaw Worm","floor":3,"turns":5},{"damage":7,"enemies":"Gremlin Gang","floor":4,"turns":5},{"damage":3,"enemies":"Looter","floor":7,"turns":3},{"damage":16,"enemies":"Exordium Thugs","floor":12,"turns":4},{"damage":3,"enemies":"Blue Slaver","floor":14,"turns":4},{"damage":24,"enemies":"Hexaghost","floor":16,"turns":10},{"damage":16,"enemies":"Spheric Guardian","floor":18,"turns":5}],"seed_played":"-6944678863136830651","potions_obtained":[{"floor":1,"key":"Dexterity Potion"},{"floor":4,"key":"AttackPotion"},{"floor":7,"key":"GamblersBrew"},{"floor":12,"key":"Strength Potion"},{"floor":16,"key":"SteroidPotion"}],"is_trial":false,"path_per_floor":["M","M","M","M","?","R","M","$","T","$","R","M","R","M","R","B",null,"M"],"character_chosen":"THE_SILENT","items_purchased":["Noxious Fumes","Prepared"],"campfire_rested":1,"item_purchase_floors":[8,10],"current_hp_per_floor":[70,64,62,55,55,55,52,52,52,52,52,36,36,33,56,32,77,61],"gold":185,"neow_bonus":"TEN_PERCENT_HP_BONUS","is_prod":false,"is_daily":false,"chose_seed":false,"campfire_upgraded":3,"win_rate":0,"timestamp":1547853540,"path_taken":["M","M","M","M","?","R","M","$","T","?","R","M","R","M","R","BOSS","M"],"build_version":"2019-01-17v2","purchased_purges":1,"victory":false,"max_hp_per_floor":[77,77,77,77,77,77,77,77,77,77,77,77,77,77,77,77,77,77],"card_choices":[{"not_picked":["Noxious Fumes","Choke"],"picked":"Backflip","floor":1},{"not_picked":["Blur","Slice"],"picked":"Cloak And Dagger","floor":2},{"not_picked":["Blade Dance","PiercingWail"],"picked":"Noxious Fumes","floor":3},{"not_picked":["PiercingWail","Setup"],"picked":"Flying Knee","floor":4},{"not_picked":["Well Laid Plans","Sucker Punch"],"picked":"PiercingWail","floor":7},{"not_picked":["Expertise","Reflex"],"picked":"Backflip","floor":12},{"not_picked":["Underhanded Strike","Poisoned Stab"],"picked":"Bane","floor":14},{"not_picked":["Wraith Form v2","Storm of Steel"],"picked":"Tools of the Trade","floor":16}],"player_experience":144109,"relics_obtained":[{"floor":9,"key":"Art of War"}],"event_choices":[{"damage_healed":0,"gold_gain":0,"cards_transformed":["Strike_G"],"player_choice":"Transformed","damage_taken":0,"max_hp_gain":0,"max_hp_loss":0,"event_name":"Transmorgrifier","floor":5,"gold_loss":0,"cards_obtained":["Choke"]}],"is_beta":false,"boss_relics":[{"not_picked":["Tiny House","Pandora\u0027s Box"],"picked":"HoveringKite"}],"items_purged_floors":[8],"is_endless":false,"potions_floor_spawned":[1,4,7,12,16],"killed_by":"Spheric Guardian","ascension_level":2}