{"gold_per_floor":[113,63,73,89,108,108,136,136,136,149,149,149,161,180,180,283,283,302,302,73,84,14,14,25,0,0,0,14,14,14,28,28,123,123,142,161,11,26,45,45,65,65,65,80,94,94,94,109,109,109],"floor_reached":50,"playtime":4010,"items_purged":["Strike_R","Strike_R"],"score":500,"play_id":"74369659-59ea-492a-b7fc-08a1ee862108","local_time":"20181019185324","is_ascension_mode":false,"campfire_choices":[{"data":"Body Slam","floor":6,"key":"SMITH"},{"data":"Body Slam","floor":11,"key":"SMITH"},{"floor":15,"key":"REST"},{"data":"Evolve","floor":23,"key":"SMITH"},{"data":"Battle Trance","floor":27,"key":"SMITH"},{"data":"Inflame","floor":29,"key":"SMITH"},{"floor":32,"key":"REST"},{"floor":40,"key":"REST"},{"data":"Double Tap","floor":47,"key":"SMITH"},{"floor":49,"key":"REST"}],"neow_cost":"NONE","seed_source_timestamp":28139731428700,"circlet_count":0,"master_deck":["Strike_R","Strike_R","Defend_R","Defend_R","Defend_R","Defend_R","Bash+1","Body Slam+1","Heavy Blade","Body Slam+1","Battle Trance+1","Shrug It Off","Offering","Evolve+1","Shrug It Off","Inflame+1","Shrug It Off","Double Tap+1"],"relics":["Burning Blood","Omamori","Mercury Hourglass","Dodecahedron","Mark of Pain","Vajra","Singing Bowl","Busted Crown","Orichalcum","StoneCalendar"],"potions_floor_usage":[16,16,31,33,33,39,41,46,48],"damage_taken":[{"damage":0,"enemies":"Small Slimes","floor":1,"turns":3},{"damage":8,"enemies":"2 Louse","floor":3,"turns":3},{"damage":6,"enemies":"Cultist","floor":4,"turns":3},{"damage":12,"enemies":"3 Louse","floor":5,"turns":5},{"damage":52,"enemies":"Lagavulin","floor":7,"turns":8},{"damage":3,"enemies":"2 Fungi Beasts","floor":10,"turns":3},{"damage":2,"enemies":"Blue Slaver","floor":13,"turns":2},{"damage":0,"enemies":"3 Louse","floor":14,"turns":2},{"damage":53,"enemies":"Hexaghost","floor":16,"turns":9},{"damage":28,"enemies":"Shell Parasite","floor":18,"turns":5},{"damage":6,"enemies":"Chosen","floor":21,"turns":3},{"damage":7,"enemies":"Centurion and Healer","floor":24,"turns":3},{"damage":24,"enemies":"Shelled Parasite and Fungi","floor":28,"turns":4},{"damage":10,"enemies":"Snecko","floor":31,"turns":5},{"damage":55,"enemies":"Champ","floor":33,"turns":10},{"damage":10,"enemies":"Orb Walker","floor":35,"turns":2},{"damage":27,"enemies":"3 Shapes","floor":36,"turns":4},{"damage":12,"enemies":"Spire Growth","floor":38,"turns":3},{"damage":21,"enemies":"3 Darklings","floor":39,"turns":4},{"damage":19,"enemies":"Sphere and 2 Shapes","floor":41,"turns":5},{"damage":24,"enemies":"Writhing Mass","floor":44,"turns":5},{"damage":0,"enemies":"3 Darklings","floor":45,"turns":6},{"damage":6,"enemies":"Mind Bloom Boss Battle","floor":46,"turns":3},{"damage":23,"enemies":"Spire Growth","floor":48,"turns":3},{"damage":122,"enemies":"Time Eater","floor":50,"turns":9}],"seed_played":"-5010712839858523211","potions_obtained":[{"floor":7,"key":"SkillPotion"},{"floor":10,"key":"Poison Potion"},{"floor":14,"key":"AttackPotion"},{"floor":16,"key":"Dexterity Potion"},{"floor":18,"key":"SteroidPotion"},{"floor":24,"key":"EssenceOfSteel"},{"floor":33,"key":"FairyPotion"},{"floor":38,"key":"SkillPotion"},{"floor":39,"key":"Weak Potion"},{"floor":46,"key":"AttackPotion"}],"is_trial":false,"path_per_floor":["M","?","M","M","M","R","E","?","T","M","R","?","M","M","R","B",null,"M","?","$","M","$","R","M","?","T","R","M","R","$","M","R","B",null,"M","M","$","M","M","R","M","?","T","M","M","?","R","M","R"],"character_chosen":"IRONCLAD","items_purchased":["Vajra","Inflame","SteroidPotion"],"campfire_rested":4,"item_purchase_floors":[20,22,37],"current_hp_per_floor":[80,80,78,78,72,72,26,31,31,34,34,27,31,37,62,15,85,63,63,63,66,66,66,65,65,65,65,52,52,52,53,82,33,98,99,83,83,79,66,99,91,91,91,75,83,85,85,70,107,0],"gold":109,"neow_bonus":"UPGRADE_CARD","is_prod":false,"is_daily":false,"chose_seed":false,"campfire_upgraded":6,"win_rate":0,"timestamp":1539946404,"path_taken":["M","?","?","M","M","R","E","?","T","M","R","?","M","M","R","BOSS","M","?","?","M","$","R","M","?","T","R","M","R","?","M","R","BOSS","M","M","$","M","M","R","M","?","T","M","M","?","R","M","R","BOSS"],"build_version":"2018-10-18","purchased_purges":2,"victory":false,"max_hp_per_floor":[80,80,80,80,80,80,80,85,85,85,85,85,85,85,85,85,85,85,85,85,88,88,88,88,88,88,88,93,93,93,98,98,98,98,103,108,108,110,112,112,117,117,117,119,121,123,123,125,125,125],"card_choices":[{"not_picked":["Perfected Strike","Twin Strike"],"picked":"Body Slam","floor":1},{"not_picked":["Anger","Power Through","Clothesline"],"picked":"SKIP","floor":3},{"not_picked":["Feel No Pain","Seeing Red","Dual Wield"],"picked":"SKIP","floor":4},{"not_picked":["Shrug It Off","Sword Boomerang"],"picked":"Heavy Blade","floor":5},{"not_picked":["Armaments","Second Wind"],"picked":"Body Slam","floor":7},{"not_picked":["Wild Strike","Heavy Blade"],"picked":"Battle Trance","floor":10},{"not_picked":["True Grit","Ghostly Armor"],"picked":"Shrug It Off","floor":13},{"not_picked":["Clothesline","Anger"],"picked":"Offering","floor":14},{"not_picked":["Double Tap","Exhume"],"picked":"Feed","floor":16},{"not_picked":["Burning Pact+1","Shrug It Off"],"picked":"Evolve","floor":18},{"not_picked":["Wild Strike","Fire Breathing+1"],"picked":"Shrug It Off","floor":21},{"not_picked":["Flex","Twin Strike"],"picked":"Shrug It Off","floor":24},{"not_picked":["Sentinel","Reckless Charge","Spot Weakness+1"],"picked":"Singing Bowl","floor":28},{"not_picked":["Heavy Blade","Cleave","Power Through"],"picked":"Singing Bowl","floor":31},{"not_picked":["Bludgeon","Feed"],"picked":"Double Tap","floor":33},{"not_picked":["True Grit+1"],"picked":"Singing Bowl","floor":35},{"not_picked":["Feel No Pain+1"],"picked":"Singing Bowl","floor":36},{"not_picked":["Flex+1"],"picked":"Singing Bowl","floor":38},{"not_picked":["Shrug It Off"],"picked":"Singing Bowl","floor":39},{"not_picked":["Rampage"],"picked":"Singing Bowl","floor":41},{"not_picked":["Second Wind+1"],"picked":"Singing Bowl","floor":44},{"not_picked":["Havoc"],"picked":"Singing Bowl","floor":45},{"not_picked":["Thunderclap"],"picked":"Singing Bowl","floor":46},{"not_picked":["Sword Boomerang+1"],"picked":"Singing Bowl","floor":48}],"player_experience":49852,"relics_obtained":[{"floor":7,"key":"Omamori"},{"floor":9,"key":"Mercury Hourglass"},{"floor":26,"key":"Singing Bowl"},{"floor":43,"key":"Orichalcum"},{"floor":46,"key":"StoneCalendar"}],"event_choices":[{"cards_removed":["Strike_R"],"damage_healed":0,"gold_gain":0,"player_choice":"Card Removal","damage_taken":0,"max_hp_gain":0,"max_hp_loss":0,"event_name":"The Cleric","floor":2,"gold_loss":50},{"damage_healed":0,"gold_gain":0,"player_choice":"Donut","damage_taken":0,"max_hp_gain":5,"max_hp_loss":0,"event_name":"Big Fish","floor":8,"gold_loss":0},{"damage_healed":0,"gold_gain":0,"player_choice":"Success","damage_taken":7,"relics_obtained":["Dodecahedron"],"max_hp_gain":0,"max_hp_loss":0,"event_name":"Scrap Ooze","floor":12,"gold_loss":0},{"damage_healed":0,"gold_gain":0,"player_choice":"Ignored","damage_taken":0,"max_hp_gain":0,"max_hp_loss":0,"event_name":"Vampires","floor":19,"gold_loss":0},{"damage_healed":0,"gold_gain":0,"player_choice":"Paid Fearfully","damage_taken":0,"max_hp_gain":0,"max_hp_loss":0,"event_name":"Masked Bandits","floor":25,"gold_loss":25},{"cards_removed":["Feed"],"damage_healed":0,"gold_gain":0,"player_choice":"Removed Attack","damage_taken":0,"max_hp_gain":0,"max_hp_loss":0,"event_name":"Falling","floor":42,"gold_loss":0},{"damage_healed":0,"gold_gain":0,"player_choice":"Fight","damage_taken":0,"max_hp_gain":0,"max_hp_loss":0,"event_name":"MindBloom","floor":46,"gold_loss":0}],"is_beta":false,"boss_relics":[{"not_picked":["Lizard Tail","Empty Cage"],"picked":"Mark of Pain"},{"not_picked":["Snecko Eye","White Beast Statue"],"picked":"Busted Crown"}],"items_purged_floors":[20,37],"is_endless":false,"potions_floor_spawned":[7,10,14,16,18,24,33,38,39,46],"killed_by":"Time Eater","ascension_level":0}