{"gold_per_floor":[118,138,88,104,104,104,104,104,128,148,148,178,196,43,43,143,143,155,255,92,110,110,125,135,135,158,158,168,97,97,108,108,108],"floor_reached":33,"playtime":3111,"items_purged":["Defend_B"],"score":272,"play_id":"5c34baa6-d585-4a34-a20c-afa4a855dcbb","local_time":"20190120202545","is_ascension_mode":true,"campfire_choices":[{"data":"Zap","floor":6,"key":"SMITH"},{"data":"Streamline","floor":8,"key":"SMITH"},{"data":"Gash","floor":11,"key":"SMITH"},{"data":"Defragment","floor":15,"key":"SMITH"},{"data":"Buffer","floor":27,"key":"SMITH"},{"data":"Rip and Tear","floor":30,"key":"SMITH"},{"floor":32,"key":"REST"}],"neow_cost":"NONE","seed_source_timestamp":11693871389480,"circlet_count":0,"master_deck":["Defend_B","Defend_B","Zap+1","Dualcast+1","Streamline+1","Steam","Rip and Tear+1","Gash+1","Ball Lightning","Conserve Battery","Defragment+1","Ball Lightning","Master of Strategy","Buffer+1","Go for the Eyes+1","Steam","Steam Power","Stack"],"relics":["Cracked Core","Lantern","Boot","Empty Cage","WingedGreaves","Blood Vial"],"potions_floor_usage":[16,16,24],"damage_taken":[{"damage":0,"enemies":"2 Louse","floor":1,"turns":1},{"damage":0,"enemies":"Small Slimes","floor":2,"turns":3},{"damage":2,"enemies":"Jaw Worm","floor":4,"turns":3},{"damage":0,"enemies":"3 Louse","floor":10,"turns":2},{"damage":12,"enemies":"3 Sentries","floor":12,"turns":6},{"damage":10,"enemies":"Exordium Thugs","floor":13,"turns":4},{"damage":13,"enemies":"Slime Boss","floor":16,"turns":6},{"damage":19,"enemies":"3 Byrds","floor":18,"turns":3},{"damage":5,"enemies":"Chosen","floor":21,"turns":3},{"damage":4,"enemies":"Sentry and Sphere","floor":23,"turns":3},{"damage":1,"enemies":"Cultist and Chosen","floor":24,"turns":4},{"damage":5,"enemies":"Chosen and Byrds","floor":28,"turns":3},{"damage":6,"enemies":"Snake Plant","floor":31,"turns":3},{"damage":73,"enemies":"Champ","floor":33,"turns":8}],"seed_played":"2674621719587466738","potions_obtained":[{"floor":10,"key":"Swift Potion"},{"floor":13,"key":"SteroidPotion"},{"floor":23,"key":"Fire Potion"},{"floor":24,"key":"PowerPotion"},{"floor":28,"key":"FocusPotion"}],"is_trial":false,"path_per_floor":["M","M","?","M","?","R","?","R","T","M","R","E","M","$","R","B",null,"M","?","$","M","?","M","M","?","T","R","M","$","R","M","R","B"],"character_chosen":"DEFECT","items_purchased":["Defragment","Master of Strategy","Steam Power"],"campfire_rested":1,"item_purchase_floors":[14,20,29],"current_hp_per_floor":[75,75,75,73,73,73,73,73,73,73,73,61,51,51,51,38,75,56,56,56,51,51,47,46,46,46,46,43,43,43,39,61,0],"gold":108,"neow_bonus":"REMOVE_CARD","is_prod":false,"is_daily":false,"chose_seed":false,"campfire_upgraded":6,"win_rate":0,"timestamp":1547983545,"path_taken":["M","M","?","M","?","R","?","R","T","M","R","E","?","$","R","BOSS","M","?","?","M","?","M","?","?","T","R","?","$","R","M","R","BOSS"],"build_version":"2019-01-17v2","purchased_purges":1,"victory":false,"max_hp_per_floor":[75,75,75,75,75,75,75,75,75,75,75,75,75,75,75,75,75,75,75,75,75,75,75,75,75,75,75,75,75,75,75,75,75],"card_choices":[{"not_picked":["Cold Snap","Capacitor"],"picked":"Streamline","floor":1},{"not_picked":["Cold Snap","Sunder"],"picked":"Steam","floor":2},{"not_picked":["Cold Snap","Streamline"],"picked":"Rip and Tear","floor":4},{"not_picked":["Fusion","Rebound"],"picked":"Gash","floor":10},{"not_picked":["Hello World","Hyperbeam"],"picked":"Ball Lightning","floor":12},{"not_picked":["Redo","Undo"],"picked":"Conserve Battery","floor":13},{"not_picked":["Coolheaded","Barrage"],"picked":"Ball Lightning","floor":18},{"not_picked":["Genetic Algorithm+1","Darkness","Coolheaded"],"picked":"SKIP","floor":21},{"not_picked":["Undo","Barrage"],"picked":"Buffer","floor":23},{"not_picked":["Heatsinks+1","Sweeping Beam+1"],"picked":"Go for the Eyes+1","floor":24},{"not_picked":["Coolheaded","Streamline"],"picked":"Steam","floor":28},{"not_picked":["Steam","Ball Lightning"],"picked":"Stack","floor":31}],"player_experience":156461,"relics_obtained":[{"floor":9,"key":"Lantern"},{"floor":12,"key":"Boot"},{"floor":26,"key":"Blood Vial"}],"event_choices":[{"cards_removed":["Strike_B"],"damage_healed":0,"gold_gain":0,"player_choice":"Card Removal","damage_taken":0,"max_hp_gain":0,"max_hp_loss":0,"event_name":"The Cleric","floor":3,"gold_loss":50},{"damage_healed":0,"gold_gain":0,"player_choice":"Ignored","damage_taken":0,"max_hp_gain":0,"max_hp_loss":0,"event_name":"Liars Game","floor":5,"gold_loss":0},{"damage_healed":0,"gold_gain":0,"player_choice":"Grow","damage_taken":0,"max_hp_gain":0,"max_hp_loss":0,"event_name":"Living Wall","floor":7,"gold_loss":0,"cards_upgraded":["Dualcast"]},{"damage_healed":0,"gold_gain":100,"player_choice":"Pray","damage_taken":0,"max_hp_gain":0,"max_hp_loss":0,"event_name":"Golden Shrine","floor":19,"gold_loss":0},{"cards_removed":["Strike_B"],"damage_healed":0,"gold_gain":0,"player_choice":"Card Removal","damage_taken":0,"max_hp_gain":0,"max_hp_loss":0,"event_name":"Wheel of Change","floor":22,"gold_loss":0},{"damage_healed":0,"gold_gain":0,"player_choice":"Gave Potion","damage_taken":0,"relics_obtained":["WingedGreaves"],"max_hp_gain":0,"max_hp_loss":0,"event_name":"WeMeetAgain","floor":25,"gold_loss":0}],"is_beta":false,"boss_relics":[{"not_picked":["Fusion Hammer","Busted Crown"],"picked":"Empty Cage"}],"items_purged_floors":[14],"is_endless":false,"potions_floor_spawned":[10,13,23,24,28],"killed_by":"Champ","ascension_level":2}