{"gold_per_floor":[115,215,231,250,265,292,292,49,49,79,79,97,97,111,111,216,216,216,171,171,171,171,171,171,171,171,171,171,171,27,27,27,27],"floor_reached":33,"playtime":1626,"items_purged":[],"score":311,"play_id":"882fa028-a598-46e7-a6b2-2c4c82ad26c4","local_time":"20181121134442","is_ascension_mode":true,"campfire_choices":[{"floor":7,"key":"REST"},{"data":"Chaos","floor":11,"key":"SMITH"},{"floor":15,"key":"REST"},{"data":"Coolheaded","floor":23,"key":"SMITH"},{"data":"Defragment","floor":25,"key":"SMITH"},{"data":"Zap","floor":27,"key":"SMITH"},{"floor":32,"key":"REST"}],"neow_cost":"NONE","seed_source_timestamp":2549589939576331,"circlet_count":0,"master_deck":["Strike_B","Strike_B","Strike_B","Strike_B","Defend_B","Defend_B","Defend_B","Defend_B","Zap+1","Dualcast+1","Streamline+1","Chaos+1","Barrage","Sweeping Beam","Compile Driver","Auto Shields","Glacier","Conserve Battery","Conserve Battery","Electrodynamics","Ball Lightning","Glacier+1","Coolheaded+1","Sunder+1","Defragment+1","Decay","Cold Snap","Zap"],"relics":["Cracked Core","Ginger","Happy Flower","Unceasing Top","Ectoplasm","Bottled Lightning","DataDisk"],"potions_floor_usage":[6,18,33],"damage_taken":[{"damage":11,"enemies":"2 Louse","floor":1,"turns":2},{"damage":1,"enemies":"Cultist","floor":3,"turns":3},{"damage":16,"enemies":"Small Slimes","floor":4,"turns":3},{"damage":8,"enemies":"3 Louse","floor":5,"turns":3},{"damage":31,"enemies":"Gremlin Nob","floor":6,"turns":4},{"damage":2,"enemies":"Exordium Wildlife","floor":12,"turns":3},{"damage":9,"enemies":"Large Slime","floor":14,"turns":5},{"damage":18,"enemies":"Hexaghost","floor":16,"turns":11},{"damage":0,"enemies":"Spheric Guardian","floor":18,"turns":3},{"damage":17,"enemies":"2 Thieves","floor":19,"turns":3},{"damage":0,"enemies":"3 Cultists","floor":21,"turns":3},{"damage":0,"enemies":"Snecko","floor":22,"turns":5},{"damage":12,"enemies":"Centurion and Healer","floor":24,"turns":5},{"damage":7,"enemies":"Snake Plant","floor":31,"turns":3},{"damage":45,"enemies":"Champ","floor":33,"turns":11}],"seed_played":"4264407557923650246","potions_obtained":[{"floor":1,"key":"Energy Potion"},{"floor":6,"key":"Strength Potion"},{"floor":12,"key":"Poison Potion"},{"floor":16,"key":"SkillPotion"},{"floor":19,"key":"SmokeBomb"},{"floor":20,"key":"Dexterity Potion"},{"floor":20,"key":"EssenceOfSteel"},{"floor":21,"key":"Energy Potion"}],"is_trial":false,"path_per_floor":["M","?","M","M","M","E","R","$","T","?","R","M","?","M","R","B",null,"M","M","?","M","M","R","M","R","T","R","?","?","$","M","R","B"],"character_chosen":"DEFECT","items_purchased":["Glacier","Happy Flower","Conserve Battery","DataDisk"],"campfire_rested":3,"item_purchase_floors":[8,8,8,30],"current_hp_per_floor":[64,64,63,47,39,8,30,30,30,30,30,28,13,4,26,8,58,58,41,41,41,41,41,29,29,29,29,29,29,29,22,44,0],"gold":27,"neow_bonus":"THREE_CARDS","is_prod":false,"is_daily":false,"chose_seed":false,"campfire_upgraded":4,"win_rate":0,"timestamp":1542825882,"path_taken":["M","?","?","M","M","E","R","$","T","?","R","M","?","?","R","BOSS","M","M","?","?","M","R","M","R","T","R","?","?","$","M","R","BOSS"],"build_version":"2018-11-15","purchased_purges":0,"victory":false,"max_hp_per_floor":[75,75,75,75,75,75,75,75,75,75,75,75,75,75,75,75,75,75,75,75,75,75,75,75,75,75,75,75,75,75,75,75,75],"card_choices":[{"not_picked":["Stack","Reinforced Body"],"picked":"Streamline","floor":0},{"not_picked":["Barrage","Sweeping Beam"],"picked":"Chaos","floor":1},{"not_picked":["Reinforced Body","Skim"],"picked":"Barrage","floor":3},{"not_picked":["Gash","Skim"],"picked":"Sweeping Beam","floor":4},{"not_picked":["Lockon","Core Surge"],"picked":"Compile Driver","floor":5},{"not_picked":["Rebound","Go for the Eyes"],"picked":"Auto Shields","floor":6},{"not_picked":["Beam Cell","Chill"],"picked":"Conserve Battery","floor":12},{"not_picked":["Barrage","Force Field","Rebound"],"picked":"SKIP","floor":14},{"not_picked":["Rainbow","Buffer"],"picked":"Electrodynamics","floor":16},{"not_picked":["Barrage","Go for the Eyes"],"picked":"Ball Lightning","floor":18},{"not_picked":["Double Energy","Stack"],"picked":"Glacier+1","floor":19},{"not_picked":["Rebound+1","Aggregate+1"],"picked":"Coolheaded","floor":21},{"not_picked":["Rebound","Gash"],"picked":"Sunder+1","floor":22},{"not_picked":["Loop","Go for the Eyes"],"picked":"Defragment","floor":24},{"not_picked":["Beam Cell","Barrage","Leap"],"picked":"SKIP","floor":31}],"player_experience":405905,"relics_obtained":[{"floor":6,"key":"Ginger"},{"floor":9,"key":"Unceasing Top"},{"floor":26,"key":"Bottled Lightning"}],"event_choices":[{"damage_healed":0,"gold_gain":100,"player_choice":"Pray","damage_taken":0,"max_hp_gain":0,"max_hp_loss":0,"event_name":"Golden Shrine","floor":2,"gold_loss":0},{"damage_healed":0,"gold_gain":30,"player_choice":"Searched \u00272\u0027 times","damage_taken":0,"max_hp_gain":0,"max_hp_loss":0,"event_name":"Dead Adventurer","floor":10,"gold_loss":0},{"damage_healed":0,"gold_gain":0,"player_choice":"Entered Light","damage_taken":15,"max_hp_gain":0,"max_hp_loss":0,"event_name":"Shining Light","floor":13,"gold_loss":0,"cards_upgraded":["Streamline","Dualcast"]},{"damage_healed":0,"gold_gain":0,"player_choice":"Got Potions","damage_taken":0,"max_hp_gain":0,"max_hp_loss":0,"event_name":"Lab","floor":20,"gold_loss":0},{"damage_healed":0,"gold_gain":0,"player_choice":"Smashed Altar","damage_taken":0,"max_hp_gain":0,"max_hp_loss":0,"event_name":"Forgotten Altar","floor":28,"gold_loss":0,"cards_obtained":["Decay"]},{"damage_healed":0,"gold_gain":0,"player_choice":"2 cards matched","damage_taken":0,"max_hp_gain":0,"max_hp_loss":0,"event_name":"Match and Keep!","floor":29,"gold_loss":0,"cards_obtained":["Cold Snap","Zap"]}],"is_beta":false,"boss_relics":[{"not_picked":["Pandora\u0027s Box","Astrolabe"],"picked":"Ectoplasm"}],"items_purged_floors":[],"is_endless":false,"potions_floor_spawned":[1,6,12,16,19,21,22],"killed_by":"Champ","ascension_level":5}