{"gold_per_floor":[115,127,28,46,46,46,11,27,27,27,38,38,68,48,48,152,152,165,19,33,43,43,43,43,43,43,43,63,79,89,135,135,239,239,254,254,354,0,0,0,0,0,0,0,10,10,10,30,30,30],"floor_reached":50,"playtime":4888,"items_purged":["Strike_R","Defend_R"],"score":488,"play_id":"946297a5-57c5-45dd-8fcf-b6e517cba6eb","local_time":"20190110150620","is_ascension_mode":false,"campfire_choices":[{"data":"Brutality","floor":6,"key":"SMITH"},{"data":"Wild Strike","floor":10,"key":"SMITH"},{"data":"Shrug It Off","floor":12,"key":"SMITH"},{"data":"Rupture","floor":15,"key":"SMITH"},{"data":"Immolate","floor":23,"key":"SMITH"},{"data":"Power Through","floor":27,"key":"SMITH"},{"floor":32,"key":"REST"},{"data":"True Grit","floor":40,"key":"SMITH"},{"data":"Offering","floor":44,"key":"SMITH"},{"data":"Sadistic Nature","floor":46,"key":"SMITH"},{"data":"Anger","floor":49,"key":"SMITH"}],"neow_cost":"NONE","seed_source_timestamp":3605161421281,"circlet_count":0,"master_deck":["Defend_R","Defend_R","Defend_R","Bash","Anger+1","Warcry+1","Shrug It Off+1","Brutality+1","Wild Strike+1","Power Through+1","Rupture+1","Immolate+1","Dropkick+1","Cleave+1","Cleave+1","Wild Strike+1","True Grit+1","True Grit+1","Pommel Strike+1","Offering+1","Feel No Pain+1","Twin Strike+1","Sadistic Nature+1","Spot Weakness+1"],"relics":["Eternal Feather","Pocketwatch","Mummified Hand","Astrolabe","Meat on the Bone","War Paint","Runic Cube","WingedGreaves","Red Mask","Letter Opener"],"potions_floor_usage":[14,21,28,28,33,33,50,50],"damage_taken":[{"damage":10,"enemies":"Cultist","floor":1,"turns":4},{"damage":6,"enemies":"2 Louse","floor":2,"turns":3},{"damage":1,"enemies":"Jaw Worm","floor":4,"turns":5},{"damage":9,"enemies":"Blue Slaver","floor":8,"turns":3},{"damage":17,"enemies":"Lots of Slimes","floor":11,"turns":5},{"damage":3,"enemies":"Gremlin Nob","floor":13,"turns":4},{"damage":32,"enemies":"Slime Boss","floor":16,"turns":8},{"damage":3,"enemies":"Chosen","floor":18,"turns":4},{"damage":2,"enemies":"Spheric Guardian","floor":20,"turns":3},{"damage":8,"enemies":"Snake Plant","floor":21,"turns":3},{"damage":33,"enemies":"Shelled Parasite and Fungi","floor":28,"turns":4},{"damage":4,"enemies":"3 Cultists","floor":29,"turns":3},{"damage":8,"enemies":"Sentry and Sphere","floor":30,"turns":4},{"damage":47,"enemies":"Champ","floor":33,"turns":9},{"damage":14,"enemies":"3 Shapes","floor":35,"turns":2},{"damage":34,"enemies":"Mind Bloom Boss Battle","floor":37,"turns":7},{"damage":14,"enemies":"3 Darklings","floor":45,"turns":3},{"damage":14,"enemies":"Writhing Mass","floor":48,"turns":5},{"damage":74,"enemies":"Time Eater","floor":50,"turns":6}],"seed_played":"2072568524423523945","potions_obtained":[{"floor":8,"key":"Ancient Potion"},{"floor":11,"key":"EntropicBrew"},{"floor":14,"key":"Fruit Juice"},{"floor":16,"key":"BloodPotion"},{"floor":30,"key":"FearPotion"},{"floor":33,"key":"LiquidBronze"},{"floor":45,"key":"EssenceOfSteel"},{"floor":48,"key":"Swift Potion"}],"is_trial":false,"path_per_floor":["M","M","$","M","?","R","?","M","T","R","M","R","E","?","R","B",null,"M","$","M","M","?","R","$","$","T","R","M","M","M","T","R","B",null,"M","?","?","?","?","R","?","$","T","R","M","R","$","M","R","B"],"character_chosen":"IRONCLAD","items_purchased":["Shrug It Off","True Grit"],"campfire_rested":1,"item_purchase_floors":[3,19],"current_hp_per_floor":[70,64,64,63,56,62,80,71,71,77,60,66,63,68,77,45,85,82,82,80,80,80,85,85,85,85,85,52,48,52,52,85,50,85,71,71,49,49,49,61,61,61,61,73,59,71,71,57,69,0],"gold":30,"neow_bonus":"BOSS_RELIC","is_prod":false,"is_daily":false,"chose_seed":false,"campfire_upgraded":10,"win_rate":0,"timestamp":1547100380,"path_taken":["M","M","$","M","?","R","?","?","T","R","M","R","E","?","R","BOSS","M","?","M","?","?","R","?","$","T","R","M","M","?","?","R","BOSS","M","?","?","?","?","R","?","?","T","R","M","R","$","M","R","BOSS"],"build_version":"2019-01-03v4","purchased_purges":2,"victory":false,"max_hp_per_floor":[80,80,80,80,80,80,80,80,80,80,80,80,80,85,85,85,85,85,85,85,85,85,85,85,85,85,85,85,85,85,85,85,85,85,85,85,85,85,85,85,81,81,81,81,81,81,81,81,81,81],"card_choices":[{"not_picked":["Warcry","Dual Wield"],"picked":"Anger","floor":1},{"not_picked":["Thunderclap","Blood for Blood"],"picked":"Warcry","floor":2},{"not_picked":["Clothesline","Thunderclap"],"picked":"Brutality","floor":4},{"not_picked":["Twin Strike","Sever Soul"],"picked":"Wild Strike","floor":8},{"not_picked":["Corruption","Warcry"],"picked":"Power Through","floor":11},{"not_picked":["Anger","Clothesline"],"picked":"Rupture","floor":13},{"not_picked":["Juggernaut","Fiend Fire"],"picked":"Immolate","floor":16},{"not_picked":["Anger","Cleave"],"picked":"Wild Strike+1","floor":18},{"not_picked":["Inflame","Sword Boomerang"],"picked":"True Grit","floor":20},{"not_picked":["Cleave+1","Corruption","Heavy Blade"],"picked":"SKIP","floor":21},{"not_picked":["Rampage","Perfected Strike+1","Flex"],"picked":"SKIP","floor":28},{"not_picked":["Sword Boomerang","Thunderclap+1"],"picked":"Pommel Strike+1","floor":29},{"not_picked":["Clothesline+1","Anger","Armaments"],"picked":"SKIP","floor":30},{"not_picked":["Double Tap","Immolate"],"picked":"Offering","floor":33},{"not_picked":["Iron Wave","Clothesline+1"],"picked":"Feel No Pain+1","floor":35},{"not_picked":["Thunderclap","Havoc"],"picked":"Twin Strike+1","floor":37},{"not_picked":["Bandage Up","Dark Shackles"],"picked":"Sadistic Nature","floor":39},{"not_picked":["Bloodletting+1","Pommel Strike"],"picked":"Spot Weakness+1","floor":45},{"not_picked":["Heavy Blade+1","Body Slam+1","Sword Boomerang+1"],"picked":"SKIP","floor":48}],"player_experience":116176,"relics_obtained":[{"floor":9,"key":"Pocketwatch"},{"floor":13,"key":"Mummified Hand"},{"floor":26,"key":"Meat on the Bone"},{"floor":31,"key":"War Paint"},{"floor":37,"key":"WingedGreaves"},{"floor":43,"key":"Letter Opener"}],"event_choices":[{"cards_removed":["Strike_R"],"damage_healed":0,"gold_gain":0,"player_choice":"Card Removal","damage_taken":7,"max_hp_gain":0,"max_hp_loss":0,"event_name":"Golden Wing","floor":5,"gold_loss":0},{"damage_healed":20,"gold_gain":0,"player_choice":"Healed","damage_taken":0,"max_hp_gain":0,"max_hp_loss":0,"event_name":"The Cleric","floor":7,"gold_loss":35},{"damage_healed":0,"gold_gain":0,"player_choice":"Bought 1 Potion","damage_taken":0,"max_hp_gain":0,"max_hp_loss":0,"event_name":"The Woman in Blue","floor":14,"gold_loss":0},{"damage_healed":0,"gold_gain":0,"player_choice":"Ignored","damage_taken":0,"max_hp_gain":0,"max_hp_loss":0,"event_name":"NoteForYourself","floor":22,"gold_loss":0},{"damage_healed":0,"gold_gain":0,"player_choice":"Ignored","damage_taken":0,"max_hp_gain":0,"max_hp_loss":0,"event_name":"Mysterious Sphere","floor":36,"gold_loss":0},{"damage_healed":0,"gold_gain":0,"player_choice":"Fight","damage_taken":0,"max_hp_gain":0,"max_hp_loss":0,"event_name":"MindBloom","floor":37,"gold_loss":0},{"damage_healed":0,"gold_gain":0,"player_choice":"Paid","damage_taken":0,"relics_obtained":["Red Mask"],"max_hp_gain":0,"max_hp_loss":0,"event_name":"Tomb of Lord Red Mask","floor":38,"gold_loss":354},{"damage_healed":0,"gold_gain":0,"player_choice":"Memory 1","damage_taken":0,"max_hp_gain":0,"max_hp_loss":0,"event_name":"SensoryStone","floor":39,"gold_loss":0},{"damage_healed":0,"gold_gain":0,"player_choice":"Max HP","damage_taken":0,"max_hp_gain":0,"max_hp_loss":4,"event_name":"Winding Halls","floor":41,"gold_loss":0}],"is_beta":false,"boss_relics":[{"not_picked":["Mark of Pain","Runic Dome"],"picked":"Astrolabe"},{"not_picked":["Busted Crown","Philosopher\u0027s Stone"],"picked":"Runic Cube"}],"items_purged_floors":[3,19],"is_endless":false,"potions_floor_spawned":[8,11,16,18,20,30,33,45,48],"killed_by":"Time Eater","ascension_level":0}