{"gold_per_floor":[113,113,125,144,144,144,170,170,170,189,16,75,75,102,102,102],"floor_reached":16,"playtime":1110,"items_purged":[],"score":212,"play_id":"c747fd18-af2d-4dd8-80ab-d46f1a07ff55","local_time":"20181215054643","is_ascension_mode":true,"campfire_choices":[{"data":"Zap","floor":6.0,"key":"SMITH"},{"floor":8.0,"key":"REST"},{"floor":15.0,"key":"REST"}],"neow_cost":"NONE","seed_source_timestamp":0,"circlet_count":0,"master_deck":["AscendersBane","Strike_B","Strike_B","Strike_B","Strike_B","Defend_B","Defend_B","Defend_B","Defend_B","Zap+1","Dualcast+1","All For One","Hologram","Streamline","Beam Cell","FTL","Undo","Conserve Battery","Steam"],"special_seed":0,"relics":["Cracked Core","Symbiotic Virus","Dream Catcher","Omamori","Lantern","Tiny Chest","Singing Bowl"],"potions_floor_usage":[],"damage_taken":[{"damage":9.0,"enemies":"Jaw Worm","floor":1.0,"turns":3.0},{"damage":1.0,"enemies":"Cultist","floor":3.0,"turns":3.0},{"damage":3.0,"enemies":"2 Louse","floor":4.0,"turns":2.0},{"damage":18.0,"enemies":"Lagavulin","floor":7.0,"turns":5.0},{"damage":8.0,"enemies":"Red Slaver","floor":10.0,"turns":3.0},{"damage":9.0,"enemies":"Gremlin Nob","floor":12.0,"turns":4.0},{"damage":35.0,"enemies":"3 Sentries","floor":14.0,"turns":10.0},{"damage":27,"enemies":"The Guardian","floor":16,"turns":6}],"seed_played":"4856261256859913859","potions_obtained":[{"floor":2.0,"key":"Ancient Potion"},{"floor":2.0,"key":"Fruit Juice"},{"floor":3.0,"key":"Block Potion"},{"floor":4.0,"key":"EssenceOfSteel"},{"floor":10.0,"key":"Block Potion"}],"is_trial":false,"path_per_floor":["M","?","M","M","?","R","E","R","T","M","$","E","?","E","R","B"],"character_chosen":"DEFECT","items_purchased":["Lantern"],"campfire_rested":2,"item_purchase_floors":[11],"current_hp_per_floor":[55,55,59,56,51,51,33,55,55,47,47,38,38,3,25,0],"gold":102,"neow_bonus":"ONE_RANDOM_RARE_CARD","is_prod":false,"is_daily":false,"chose_seed":false,"campfire_upgraded":1,"win_rate":0,"timestamp":1544870803,"path_taken":["M","?","?","M","?","R","E","R","T","M","$","E","?","E","R","BOSS"],"build_version":"2018-12-13","purchased_purges":0,"victory":false,"max_hp_per_floor":[71,71,76,76,76,76,76,76,76,76,76,76,76,76,76,76],"card_choices":[{"not_picked":["Cold Snap","Tempest"],"picked":"Hologram","floor":1.0},{"not_picked":["Melter","Capacitor","Lockon"],"picked":"SKIP","floor":3.0},{"not_picked":["Sweeping Beam","Ball Lightning"],"picked":"Streamline","floor":4.0},{"not_picked":["Force Field","Ball Lightning","Thunder Strike"],"picked":"SKIP","floor":7.0},{"not_picked":["Ball Lightning","Leap"],"picked":"Beam Cell","floor":8.0},{"not_picked":["Beam Cell","Conserve Battery"],"picked":"FTL","floor":10.0},{"not_picked":["Leap","Force Field"],"picked":"Undo","floor":12.0},{"not_picked":["Skim","Redo"],"picked":"Conserve Battery","floor":14.0},{"not_picked":["Hello World","Cold Snap"],"picked":"Steam","floor":15.0}],"player_experience":781960,"relics_obtained":[{"floor":7.0,"key":"Dream Catcher"},{"floor":9.0,"key":"Omamori"},{"floor":12.0,"key":"Tiny Chest"},{"floor":14.0,"key":"Singing Bowl"}],"event_choices":[{"damage_healed":0.0,"max_hp_gain":0.0,"max_hp_loss":0.0,"gold_gain":0.0,"event_name":"Lab","player_choice":"Got Potions","floor":2.0,"gold_loss":0.0,"damage_taken":0.0},{"damage_healed":0.0,"max_hp_gain":0.0,"max_hp_loss":0.0,"gold_gain":0.0,"event_name":"Scrap Ooze","player_choice":"Success","floor":5.0,"gold_loss":0.0,"damage_taken":5.0,"relics_obtained":["Symbiotic Virus"]},{"damage_healed":0.0,"max_hp_gain":0.0,"max_hp_loss":0.0,"gold_gain":0.0,"event_name":"Upgrade Shrine","player_choice":"Upgraded","floor":13.0,"gold_loss":0.0,"damage_taken":0.0,"cards_upgraded":["Dualcast"]}],"is_beta":false,"boss_relics":[],"items_purged_floors":[],"is_endless":false,"potions_floor_spawned":[3,4,10],"killed_by":"The Guardian","ascension_level":16}