{"gold_per_floor":[114,131,51,51,76,76,76,107,134,134,169,169,169,187,187,187],"floor_reached":16,"playtime":614,"items_purged":[],"score":119,"play_id":"209121f9-b3a6-4478-abb5-b646f9ac6a54","local_time":"20190205081543","is_ascension_mode":true,"campfire_choices":[{"data":"Wild Strike","floor":6,"key":"SMITH"},{"floor":10,"key":"REST"},{"data":"True Grit","floor":13,"key":"SMITH"},{"data":"Reckless Charge","floor":15,"key":"SMITH"}],"neow_cost":"NONE","seed_source_timestamp":971807040506038,"circlet_count":0,"master_deck":["Strike_R","Strike_R+1","Strike_R","Strike_R","Strike_R+1","Defend_R","Defend_R","Defend_R","Defend_R","Bash","Wild Strike+1","Warcry","Burning Pact","Pommel Strike","True Grit+1","Reckless Charge+1"],"relics":["Burning Blood","Golden Idol","Dream Catcher","Bag of Preparation","Unceasing Top"],"potions_floor_usage":[8],"damage_taken":[{"damage":7,"enemies":"2 Louse","floor":1,"turns":3},{"damage":8,"enemies":"Jaw Worm","floor":2,"turns":4},{"damage":15,"enemies":"Small Slimes","floor":5,"turns":4},{"damage":19,"enemies":"Gremlin Nob","floor":8,"turns":3},{"damage":29,"enemies":"3 Sentries","floor":11,"turns":8},{"damage":12,"enemies":"3 Louse","floor":14,"turns":3},{"damage":30,"enemies":"Hexaghost","floor":16,"turns":7}],"seed_played":"-2361383904963531240","potions_obtained":[{"floor":2,"key":"Block Potion"},{"floor":5,"key":"AttackPotion"}],"is_trial":false,"path_per_floor":["M","M","$","?","M","R","?","E","T","R","E","?","R","M","R","B"],"character_chosen":"IRONCLAD","items_purchased":["Burning Pact"],"campfire_rested":1,"item_purchase_floors":[3],"current_hp_per_floor":[87,85,85,63,54,54,36,23,23,49,26,55,55,49,49,19],"gold":187,"neow_bonus":"TEN_PERCENT_HP_BONUS","is_prod":false,"is_daily":false,"chose_seed":false,"campfire_upgraded":3,"win_rate":0,"timestamp":1549322143,"path_taken":["M","M","$","?","M","R","?","E","T","R","E","?","R","M","R","BOSS"],"build_version":"2019-01-23","purchased_purges":0,"victory":false,"max_hp_per_floor":[88,88,88,88,88,88,88,88,88,88,88,88,88,88,88,88],"card_choices":[{"not_picked":["Cleave","Combust"],"picked":"Wild Strike","floor":1},{"not_picked":["Headbutt","Ghostly Armor"],"picked":"Warcry","floor":2},{"not_picked":["Heavy Blade","Rupture","Anger"],"picked":"SKIP","floor":5},{"not_picked":["Cleave","Armaments"],"picked":"Pommel Strike","floor":8},{"not_picked":["Clash","Intimidate"],"picked":"True Grit","floor":10},{"not_picked":["Rampage","Exhume"],"picked":"Reckless Charge","floor":11},{"not_picked":["Infernal Blade","Perfected Strike","Heavy Blade"],"picked":"SKIP","floor":14}],"player_experience":184719,"relics_obtained":[{"floor":8,"key":"Dream Catcher"},{"floor":9,"key":"Bag of Preparation"},{"floor":11,"key":"Unceasing Top"}],"event_choices":[{"damage_healed":0,"gold_gain":0,"player_choice":"Take Damage","damage_taken":22,"relics_obtained":["Golden Idol"],"max_hp_gain":0,"max_hp_loss":0,"event_name":"Golden Idol","floor":4,"gold_loss":0},{"damage_healed":0,"gold_gain":0,"player_choice":"Entered Light","damage_taken":18,"max_hp_gain":0,"max_hp_loss":0,"event_name":"Shining Light","floor":7,"gold_loss":0,"cards_upgraded":["Strike_R","Strike_R"]},{"damage_healed":29,"gold_gain":0,"player_choice":"Banana","damage_taken":0,"max_hp_gain":0,"max_hp_loss":0,"event_name":"Big Fish","floor":12,"gold_loss":0}],"is_beta":false,"boss_relics":[],"items_purged_floors":[],"is_endless":false,"potions_floor_spawned":[2,5],"killed_by":"Hexaghost","ascension_level":2}