{"gold_per_floor":[214,63,238,238,313,313,328,328,328,351,19,40,58,19,19,139,139,163,38,57,57],"floor_reached":21,"playtime":4068,"items_purged":["Strike_G","Doubt","Regret"],"score":169,"play_id":"8e0aa433-de54-48dc-b658-d383053e769b","local_time":"20190110152037","is_ascension_mode":false,"campfire_choices":[{"data":"Neutralize","floor":6,"key":"SMITH"},{"floor":15,"key":"REST"}],"neow_cost":"NONE","seed_source_timestamp":23157138345400,"circlet_count":0,"master_deck":["Defend_G","Defend_G","Defend_G","Defend_G","Defend_G","Strike_G","Strike_G","Strike_G","Strike_G","Survivor","Neutralize+1","Well Laid Plans","Footwork","Escape Plan","Infinite Blades","Infinite Blades","Slice","Infinite Blades","Caltrops","Slice","Cloak And Dagger"],"relics":["Ring of the Snake","Golden Idol","Pen Nib","Bottled Flame","Omamori","WristBlade"],"potions_floor_usage":[7,16,20],"damage_taken":[{"damage":0,"enemies":"2 Louse","floor":1,"turns":3},{"damage":1,"enemies":"Small Slimes","floor":7,"turns":4},{"damage":3,"enemies":"Jaw Worm","floor":10,"turns":7},{"damage":6,"enemies":"Blue Slaver","floor":12,"turns":5},{"damage":7,"enemies":"3 Louse","floor":13,"turns":5},{"damage":29,"enemies":"Slime Boss","floor":16,"turns":9},{"damage":34,"enemies":"Chosen","floor":18,"turns":5},{"damage":27,"enemies":"2 Thieves","floor":20,"turns":4},{"damage":13,"enemies":"Snake Plant","floor":21,"turns":4}],"seed_played":"6611495233461635692","potions_obtained":[{"floor":1,"key":"AttackPotion"},{"floor":13,"key":"SteroidPotion"},{"floor":18,"key":"EssenceOfSteel"}],"is_trial":false,"path_per_floor":["M","$","?","?","?","R","M","?","T","M","$","M","M","$","R","B",null,"M","$","M","M"],"character_chosen":"THE_SILENT","items_purchased":["Footwork","Omamori","Infinite Blades","Caltrops"],"campfire_rested":1,"item_purchase_floors":[2,11,11,14],"current_hp_per_floor":[70,70,70,53,42,42,41,41,41,38,38,32,25,25,46,17,70,36,36,9,0],"gold":57,"neow_bonus":"HUNDRED_GOLD","is_prod":false,"is_daily":false,"chose_seed":false,"campfire_upgraded":1,"win_rate":0,"timestamp":1547104837,"path_taken":["M","$","?","?","?","R","M","?","T","M","$","M","M","?","R","BOSS","M","$","M","M"],"build_version":"2019-01-03v4","purchased_purges":3,"victory":false,"max_hp_per_floor":[70,70,70,70,70,70,70,70,70,70,70,70,70,70,70,70,70,70,70,70,70],"card_choices":[{"not_picked":["Endless Agony","Prepared"],"picked":"Well Laid Plans","floor":1},{"not_picked":["Dodge and Roll","Underhanded Strike"],"picked":"Escape Plan","floor":7},{"not_picked":["Distraction","Blur"],"picked":"Infinite Blades","floor":10},{"not_picked":["Distraction","Caltrops"],"picked":"Slice","floor":12},{"not_picked":["Malaise","Poisoned Stab"],"picked":"Infinite Blades","floor":13},{"not_picked":["Catalyst","Prepared"],"picked":"Slice","floor":18},{"not_picked":["Blur+1","Bane+1"],"picked":"Cloak And Dagger","floor":20}],"player_experience":147103,"relics_obtained":[{"floor":9,"key":"Bottled Flame"}],"event_choices":[{"damage_healed":0,"gold_gain":175,"player_choice":"AGREE","damage_taken":0,"max_hp_gain":0,"max_hp_loss":0,"event_name":"Liars Game","floor":3,"gold_loss":0,"cards_obtained":["Doubt"]},{"damage_healed":0,"gold_gain":0,"player_choice":"Take Damage","damage_taken":17,"relics_obtained":["Golden Idol"],"max_hp_gain":0,"max_hp_loss":0,"event_name":"Golden Idol","floor":4,"gold_loss":0},{"damage_healed":0,"gold_gain":75,"player_choice":"Gather Gold","damage_taken":11,"max_hp_gain":0,"max_hp_loss":0,"event_name":"World of Goop","floor":5,"gold_loss":0},{"damage_healed":0,"gold_gain":0,"player_choice":"Box","damage_taken":0,"relics_obtained":["Pen Nib"],"max_hp_gain":0,"max_hp_loss":0,"event_name":"Big Fish","floor":8,"gold_loss":0,"cards_obtained":["Regret"]}],"is_beta":false,"boss_relics":[{"not_picked":["Eternal Feather","Runic Dome"],"picked":"WristBlade"}],"items_purged_floors":[2,11,19],"is_endless":false,"potions_floor_spawned":[1,13,18],"killed_by":"Snake Plant","ascension_level":0}