{"gold_per_floor":[117,136,151,169,182,182,28,46,101,101,119,138,161,178,178,275,275,292,262,54,54,73,101,101,101],"floor_reached":25,"playtime":2647,"items_purged":["Defend_R","Strike_R"],"score":217,"play_id":"507cc752-0518-49ee-a75b-89911b856ab1","local_time":"20181019122911","is_ascension_mode":false,"campfire_choices":[{"data":"True Grit","floor":6,"key":"SMITH"},{"data":"Bash","floor":10,"key":"SMITH"},{"floor":15,"key":"REST"}],"neow_cost":"NONE","seed_source_timestamp":6462056383800,"circlet_count":0,"master_deck":["Strike_R","Strike_R","Strike_R","Strike_R","Defend_R","Defend_R","Defend_R","Bash+1","Spot Weakness","True Grit+1","Shrug It Off","Inflame","Rampage","Uppercut","Inflame","Heavy Blade","Pommel Strike","Offering","Heavy Blade+1","Pommel Strike","Battle Trance","Shrug It Off","Feel No Pain"],"relics":["Burning Blood","Oddly Smooth Stone","Odd Mushroom","Philosopher\u0027s Stone","Dodecahedron"],"potions_floor_usage":[14,18,25,25],"damage_taken":[{"damage":6,"enemies":"Cultist","floor":1,"turns":3},{"damage":5,"enemies":"Small Slimes","floor":2,"turns":3},{"damage":7,"enemies":"Jaw Worm","floor":3,"turns":4},{"damage":21,"enemies":"Gremlin Gang","floor":4,"turns":8},{"damage":11,"enemies":"3 Louse","floor":5,"turns":5},{"damage":7,"enemies":"Exordium Wildlife","floor":8,"turns":3},{"damage":24,"enemies":"Lots of Slimes","floor":11,"turns":5},{"damage":9,"enemies":"2 Fungi Beasts","floor":12,"turns":4},{"damage":25,"enemies":"The Mushroom Lair","floor":13,"turns":4},{"damage":10,"enemies":"Large Slime","floor":14,"turns":4},{"damage":52,"enemies":"Hexaghost","floor":16,"turns":8},{"damage":20,"enemies":"Shell Parasite","floor":18,"turns":4},{"damage":12,"enemies":"Spheric Guardian","floor":22,"turns":3},{"damage":60,"enemies":"Slavers","floor":23,"turns":6},{"damage":27,"enemies":"Book of Stabbing","floor":25,"turns":2}],"seed_played":"-4588013261412483184","potions_obtained":[{"floor":1,"key":"Dexterity Potion"},{"floor":2,"key":"Ancient Potion"},{"floor":11,"key":"Block Potion"},{"floor":12,"key":"BloodPotion"},{"floor":16,"key":"SteroidPotion"},{"floor":19,"key":"BloodPotion"},{"floor":19,"key":"Ancient Potion"},{"floor":23,"key":"AttackPotion"}],"is_trial":false,"path_per_floor":["M","M","M","M","M","R","$","M","T","R","M","M","?","M","R","B",null,"M","?","$","?","M","E","?"],"character_chosen":"IRONCLAD","items_purchased":["Rampage","Pommel Strike","Battle Trance"],"campfire_rested":1,"item_purchase_floors":[7,20,20],"current_hp_per_floor":[88,88,87,72,67,67,67,66,66,66,48,45,26,30,56,10,88,74,74,74,74,68,14,14,0],"gold":101,"neow_bonus":"TEN_PERCENT_HP_BONUS","is_prod":false,"is_daily":false,"chose_seed":false,"campfire_upgraded":2,"win_rate":0.0,"timestamp":1539923351,"path_taken":["M","?","M","M","M","R","$","M","T","R","M","M","?","M","R","BOSS","M","?","$","?","M","E","?","E"],"build_version":"2018-10-18","purchased_purges":2,"victory":false,"max_hp_per_floor":[88,88,88,88,88,88,88,88,88,88,88,88,88,88,88,88,88,88,88,88,88,88,88,88,88],"card_choices":[{"not_picked":["Disarm","Second Wind"],"picked":"Spot Weakness","floor":1},{"not_picked":["Feel No Pain","Infernal Blade"],"picked":"True Grit","floor":2},{"not_picked":["Flex","Reckless Charge"],"picked":"Shrug It Off","floor":3},{"not_picked":["Dual Wield","Blood for Blood","Thunderclap"],"picked":"SKIP","floor":4},{"not_picked":["Perfected Strike","Uppercut"],"picked":"Inflame","floor":5},{"not_picked":["Sword Boomerang","Reckless Charge"],"picked":"Uppercut","floor":8},{"not_picked":["Thunderclap","Sword Boomerang"],"picked":"Inflame","floor":11},{"not_picked":["Flex","Warcry"],"picked":"Heavy Blade","floor":12},{"not_picked":["Reckless Charge","Heavy Blade"],"picked":"Pommel Strike","floor":13},{"not_picked":["Infernal Blade","Blood for Blood","Armaments"],"picked":"SKIP","floor":14},{"not_picked":["Juggernaut","Dark Embrace"],"picked":"Offering","floor":16},{"not_picked":["Clash+1","Headbutt+1"],"picked":"Heavy Blade","floor":18},{"not_picked":["Clash","Rage+1"],"picked":"Feel No Pain","floor":22},{"not_picked":["Headbutt","Inflame","Dual Wield+1"],"picked":"SKIP","floor":23}],"player_experience":28545,"relics_obtained":[{"floor":9,"key":"Oddly Smooth Stone"},{"floor":13,"key":"Odd Mushroom"},{"floor":23,"key":"Dodecahedron"}],"event_choices":[{"damage_healed":0,"gold_gain":0,"player_choice":"Fought Mushrooms","damage_taken":0,"max_hp_gain":0,"max_hp_loss":0,"event_name":"Mushrooms","floor":13,"gold_loss":0},{"damage_healed":0,"gold_gain":0,"player_choice":"Bought 2 Potions","damage_taken":0,"max_hp_gain":0,"max_hp_loss":0,"event_name":"The Woman in Blue","floor":19,"gold_loss":0},{"damage_healed":0,"gold_gain":0,"player_choice":"Read","damage_taken":0,"max_hp_gain":0,"max_hp_loss":0,"event_name":"The Library","floor":21,"gold_loss":0,"cards_obtained":["Shrug It Off"]},{"damage_healed":0,"gold_gain":0,"player_choice":"Upgraded","damage_taken":0,"max_hp_gain":0,"max_hp_loss":0,"event_name":"Upgrade Shrine","floor":24,"gold_loss":0,"cards_upgraded":["Heavy Blade"]}],"is_beta":false,"boss_relics":[{"not_picked":["Mark of Pain","Eternal Feather"],"picked":"Philosopher\u0027s Stone"}],"items_purged_floors":[7,20],"is_endless":false,"potions_floor_spawned":[1,2,11,12,16,23],"killed_by":"Book of Stabbing","ascension_level":0}