{"gold_per_floor":[112,62,37,54,69,94,106,125,176,176,176],"floor_reached":11,"playtime":509,"items_purged":[],"score":75,"play_id":"7436ea0b-10ee-4ba7-9283-95d505a774e7","local_time":"20180715222229","is_ascension_mode":false,"campfire_choices":[{"floor":10,"key":"REST"}],"neow_cost":"","seed_source_timestamp":48982087061467,"circlet_count":0,"master_deck":["Strike_R","Strike_R","Strike_R","Strike_R","Strike_R","Defend_R","Defend_R","Defend_R","Bash","Headbutt","Pommel Strike","Heavy Blade","Searing Blow","Dropkick","Heavy Blade","Battle Trance"],"relics":["Burning Blood","Magic Flower","Oddly Smooth Stone"],"potions_floor_usage":[8,8],"damage_taken":[{"damage":5,"enemies":"2 Louse","floor":1,"turns":4},{"damage":0,"enemies":"Cultist","floor":4,"turns":4},{"damage":11,"enemies":"Jaw Worm","floor":5,"turns":2},{"damage":48,"enemies":"3 Sentries","floor":6,"turns":7},{"damage":13,"enemies":"2 Fungi Beasts","floor":7,"turns":3},{"damage":42,"enemies":"Large Slime","floor":8,"turns":7},{"damage":46,"enemies":"Lagavulin","floor":11,"turns":6}],"seed_played":"1963417615641282196","potions_obtained":[{"floor":4,"key":"BloodPotion"},{"floor":5,"key":"FairyPotion"},{"floor":6,"key":"Block Potion"}],"is_trial":false,"path_per_floor":["M","?","$","M","M","E","M","M","T","R"],"character_chosen":"IRONCLAD","items_purchased":["Pommel Strike"],"campfire_rested":1,"item_purchase_floors":[3],"current_hp_per_floor":[80,80,80,80,75,33,29,21,21,45,0],"gold":176,"neow_bonus":"","is_prod":false,"is_daily":false,"chose_seed":false,"campfire_upgraded":0,"win_rate":0.0,"timestamp":1531664549,"path_taken":["M","?","$","M","M","E","M","M","T","R","E"],"build_version":"2018-07-12","purchased_purges":0,"victory":false,"max_hp_per_floor":[80,80,80,80,80,80,80,80,80,80,80],"card_choices":[{"not_picked":["Pommel Strike","Clash"],"picked":"Headbutt","floor":1},{"not_picked":["Twin Strike","Armaments"],"picked":"Heavy Blade","floor":4},{"not_picked":["Pommel Strike","Battle Trance"],"picked":"Searing Blow","floor":5},{"not_picked":["True Grit","Fiend Fire"],"picked":"Dropkick","floor":6},{"not_picked":["Headbutt","Cleave"],"picked":"Heavy Blade","floor":7},{"not_picked":["Body Slam","Carnage"],"picked":"Battle Trance","floor":8}],"player_experience":14518,"relics_obtained":[{"floor":6,"key":"Magic Flower"},{"floor":9,"key":"Oddly Smooth Stone"}],"event_choices":[{"event_name":"The Cleric","player_choice":"Card Removal","floor":2,"damage_taken":0}],"boss_relics":[],"items_purged_floors":[],"is_endless":false,"potions_floor_spawned":[4,5,6],"killed_by":"Lagavulin","ascension_level":0}