{"gold_per_floor":[114,127,52,72,87,116,116,116,116,127,147,47,122,150,150,150],"floor_reached":16,"playtime":1777,"items_purged":["Defend_G","Strike_G"],"score":112,"play_id":"0efba384-fb0e-4ff9-a821-b6eed0154f1c","local_time":"20190206202328","is_ascension_mode":false,"campfire_choices":[{"data":"Cloak And Dagger","floor":7,"key":"SMITH"},{"data":"Finisher","floor":15,"key":"SMITH"}],"neow_cost":"NONE","seed_source_timestamp":1382480606656858,"circlet_count":0,"master_deck":["Defend_G","Defend_G","Defend_G","Defend_G","Strike_G","Strike_G","Strike_G+1","Strike_G","Survivor+1","Neutralize","Finisher+1","Cloak And Dagger+1","Quick Slash","Unload","Noxious Fumes","Blur","Corpse Explosion"],"relics":["Ring of the Snake","Anchor","Pen Nib","Bottled Lightning"],"potions_floor_usage":[6,16],"damage_taken":[{"damage":0,"enemies":"Small Slimes","floor":1,"turns":5},{"damage":3,"enemies":"2 Louse","floor":2,"turns":2},{"damage":0,"enemies":"Jaw Worm","floor":4,"turns":4},{"damage":5,"enemies":"Large Slime","floor":5,"turns":6},{"damage":14,"enemies":"3 Sentries","floor":6,"turns":10},{"damage":0,"enemies":"2 Fungi Beasts","floor":10,"turns":3},{"damage":0,"enemies":"3 Louse","floor":11,"turns":3},{"damage":4,"enemies":"Lagavulin","floor":14,"turns":5},{"damage":27,"enemies":"Slime Boss","floor":16,"turns":7}],"seed_played":"7543061523642136779","potions_obtained":[{"floor":5,"key":"SkillPotion"},{"floor":10,"key":"Weak Potion"}],"is_trial":false,"path_per_floor":["?","?"],"character_chosen":"THE_SILENT","items_purchased":[],"campfire_rested":0,"item_purchase_floors":[],"current_hp_per_floor":[77,74,74,74,69,55,55,40,40,40,40,40,29,25,25,0],"gold":150,"neow_bonus":"TEN_PERCENT_HP_BONUS","is_prod":false,"is_daily":false,"chose_seed":false,"campfire_upgraded":2,"win_rate":0.0,"timestamp":1549481008,"path_taken":["M","M","$","M","M","E","R","?","T","M","M","$","?","E","R","BOSS"],"build_version":"2019-01-23","purchased_purges":2,"victory":false,"max_hp_per_floor":[77,77,77,77,77,77,77,77,77,77,77,77,77,77,77,77],"card_choices":[{"not_picked":["Slice","Cloak And Dagger"],"picked":"Finisher","floor":1},{"not_picked":["Caltrops","Dagger Spray","Underhanded Strike"],"picked":"SKIP","floor":2},{"not_picked":["Catalyst","Endless Agony"],"picked":"Cloak And Dagger","floor":4},{"not_picked":["Dagger Spray","Backstab"],"picked":"Quick Slash","floor":5},{"not_picked":["Flechettes","Bane"],"picked":"Unload","floor":6},{"not_picked":["Predator","Underhanded Strike"],"picked":"Noxious Fumes","floor":10},{"not_picked":["Poisoned Stab","Dodge and Roll"],"picked":"Blur","floor":11},{"not_picked":["Deadly Poison","Well Laid Plans"],"picked":"Corpse Explosion","floor":14}],"player_experience":40413,"relics_obtained":[{"floor":6,"key":"Anchor"},{"floor":9,"key":"Pen Nib"},{"floor":14,"key":"Bottled Lightning"}],"event_choices":[{"damage_healed":0,"gold_gain":0,"player_choice":"Entered Light","damage_taken":15,"max_hp_gain":0,"max_hp_loss":0,"event_name":"Shining Light","floor":8,"gold_loss":0,"cards_upgraded":["Survivor","Strike_G"]},{"damage_healed":0,"gold_gain":75,"player_choice":"Gather Gold","damage_taken":11,"max_hp_gain":0,"max_hp_loss":0,"event_name":"World of Goop","floor":13,"gold_loss":0}],"is_beta":false,"boss_relics":[],"items_purged_floors":[3,12],"is_endless":false,"potions_floor_spawned":[5,10],"killed_by":"Slime Boss","ascension_level":0}