{"gold_per_floor":[114,114,114,128,53,83,83,83,83,83,96,96,121,139,139,240,290,302,320,235,235,252,252,22,40,40,40],"floor_reached":27,"playtime":5374,"items_purged":["Strike_B"],"score":246,"play_id":"ea24a00a-f0dc-4729-934a-6b60ebeb6549","local_time":"20190110195527","is_ascension_mode":false,"campfire_choices":[{"data":"Zap","floor":8,"key":"SMITH"},{"data":"Dualcast","floor":10,"key":"SMITH"},{"data":"Seek","floor":12,"key":"SMITH"},{"floor":15,"key":"REST"},{"data":"Machine Learning","floor":23,"key":"SMITH"}],"neow_cost":"NONE","seed_source_timestamp":38334954573300,"circlet_count":0,"master_deck":["Strike_B","Strike_B","Defend_B+1","Defend_B+1","Defend_B","Defend_B","Zap+1","Dualcast+1","Conserve Battery","Seek+1","Beam Cell","Auto Shields","Conserve Battery","Machine Learning+1","Self Repair","Conserve Battery","Cold Snap","Loop","Compile Driver+1"],"relics":["Cracked Core","NeowsBlessing","Thread and Needle","Bottled Lightning","Anchor","Ice Cream","Tiny House","Bronze Scales","Juzu Bracelet","Ornamental Fan"],"potions_floor_usage":[11,18,18,19,27],"damage_taken":[{"damage":0,"enemies":"Small Slimes","floor":1,"turns":1},{"damage":0,"enemies":"Cultist","floor":4,"turns":1},{"damage":0,"enemies":"Lagavulin","floor":6,"turns":3},{"damage":0,"enemies":"Jaw Worm","floor":11,"turns":3},{"damage":28,"enemies":"3 Sentries","floor":13,"turns":10},{"damage":0,"enemies":"Exordium Wildlife","floor":14,"turns":4},{"damage":24,"enemies":"The Guardian","floor":16,"turns":16},{"damage":0,"enemies":"2 Thieves","floor":18,"turns":4},{"damage":0,"enemies":"Shell Parasite","floor":19,"turns":11},{"damage":2,"enemies":"Snake Plant","floor":22,"turns":5},{"damage":33,"enemies":"3 Cultists","floor":25,"turns":8},{"damage":0,"enemies":"Colosseum Slavers","floor":27,"turns":5},{"damage":62,"enemies":"Colosseum Nobs","floor":27,"turns":3}],"seed_played":"2661882473921373427","potions_obtained":[{"floor":4,"key":"SkillPotion"},{"floor":14,"key":"Energy Potion"},{"floor":16,"key":"PowerPotion"},{"floor":17,"key":"PowerPotion"},{"floor":18,"key":"Swift Potion"},{"floor":25,"key":"SkillPotion"}],"is_trial":false,"path_per_floor":["M","?","?","M","$","E","?","R","T","R","M","R","E","M","R","B",null,"M","M","?","?","M","R","$","M","T","?"],"character_chosen":"DEFECT","items_purchased":["Juzu Bracelet","Loop"],"campfire_rested":1,"item_purchase_floors":[24,24],"current_hp_per_floor":[75,60,60,60,60,60,53,53,53,53,53,53,25,25,47,23,80,80,80,80,80,80,80,80,54,54,0],"gold":40,"neow_bonus":"THREE_ENEMY_KILL","is_prod":false,"is_daily":false,"chose_seed":false,"campfire_upgraded":4,"win_rate":0,"timestamp":1547121327,"path_taken":["M","?","?","?","$","E","?","R","T","R","M","R","E","M","R","BOSS","M","M","?","?","M","R","$","M","T","?"],"build_version":"2019-01-03v4","purchased_purges":1,"victory":false,"max_hp_per_floor":[75,75,75,75,75,75,75,75,75,75,75,75,75,75,75,75,80,80,80,80,80,80,80,80,80,80,80],"card_choices":[{"not_picked":["Barrage","Turbo"],"picked":"Ball Lightning","floor":1},{"not_picked":["Stack","Gash"],"picked":"Conserve Battery","floor":4},{"not_picked":["Barrage","FTL"],"picked":"Seek","floor":6},{"not_picked":["Heatsinks","Gash"],"picked":"Beam Cell","floor":11},{"not_picked":["Rebound","Chaos"],"picked":"Auto Shields","floor":13},{"not_picked":["Beam Cell","Darkness"],"picked":"Conserve Battery","floor":14},{"not_picked":["Multi-Cast","Amplify"],"picked":"Machine Learning","floor":16},{"not_picked":["Go for the Eyes","Compile Driver"],"picked":"Self Repair","floor":17},{"not_picked":["Compile Driver","Steam"],"picked":"Conserve Battery","floor":18},{"not_picked":["Beam Cell","Rip and Tear","Streamline"],"picked":"SKIP","floor":19},{"not_picked":["Sweeping Beam+1","Darkness"],"picked":"Cold Snap","floor":22},{"not_picked":["Turbo+1","Chill"],"picked":"Compile Driver+1","floor":25}],"player_experience":162194,"relics_obtained":[{"floor":6,"key":"Bottled Lightning"},{"floor":9,"key":"Anchor"},{"floor":13,"key":"Ice Cream"},{"floor":26,"key":"Ornamental Fan"}],"event_choices":[{"damage_healed":0,"gold_gain":0,"player_choice":"Entered Light","damage_taken":15,"max_hp_gain":0,"max_hp_loss":0,"event_name":"Shining Light","floor":2,"gold_loss":0,"cards_upgraded":["Ball Lightning","Defend_B"]},{"cards_removed":["Ball Lightning"],"damage_healed":0,"gold_gain":0,"player_choice":"Gave Card","damage_taken":0,"relics_obtained":["Thread and Needle"],"max_hp_gain":0,"max_hp_loss":0,"event_name":"WeMeetAgain","floor":3,"gold_loss":0},{"cards_removed":["Strike_B"],"damage_healed":0,"gold_gain":0,"player_choice":"Card Removal","damage_taken":7,"max_hp_gain":0,"max_hp_loss":0,"event_name":"Golden Wing","floor":7,"gold_loss":0},{"damage_healed":0,"gold_gain":0,"player_choice":"Obtained Relic","damage_taken":0,"relics_obtained":["Bronze Scales"],"max_hp_gain":0,"max_hp_loss":0,"event_name":"Addict","floor":20,"gold_loss":85},{"damage_healed":0,"gold_gain":0,"player_choice":"Ignored","damage_taken":0,"max_hp_gain":0,"max_hp_loss":0,"event_name":"Vampires","floor":21,"gold_loss":0},{"damage_healed":0,"gold_gain":0,"player_choice":"Fight","damage_taken":0,"max_hp_gain":0,"max_hp_loss":0,"event_name":"Colosseum","floor":27,"gold_loss":0},{"damage_healed":0,"gold_gain":0,"player_choice":"Fought Nobs","damage_taken":0,"max_hp_gain":0,"max_hp_loss":0,"event_name":"Colosseum","floor":27,"gold_loss":0}],"is_beta":false,"boss_relics":[{"not_picked":["FrozenCore","Coffee Dripper"],"picked":"Tiny House"}],"items_purged_floors":[5],"is_endless":false,"potions_floor_spawned":[4,14,16,18,25],"killed_by":"Colosseum Nobs","ascension_level":0}