{"gold_per_floor":[119,135,152,164,164,49,49,49,73,73,84,96,108,72,72,146,146,132,144,61,61,71,71,71],"floor_reached":24,"playtime":1320,"items_purged":[],"score":342,"play_id":"8f768522-5947-450f-88fa-52fae68ca78b","local_time":"20181216030908","is_ascension_mode":true,"campfire_choices":[{"floor":7,"key":"REST"},{"data":"Zap","floor":10,"key":"SMITH"},{"floor":15,"key":"REST"},{"data":"Redo","floor":23,"key":"SMITH"}],"neow_cost":"NONE","seed_source_timestamp":336324525037861,"circlet_count":0,"master_deck":["AscendersBane","Strike_B","Strike_B","Defend_B","Defend_B","Defend_B","Defend_B","Zap+1","Dualcast","FTL","Steam","Core Surge","Coolheaded","Gash","Lockon","Streamline","Hologram","Hologram","Reprogram","Machine Learning","Chaos","Glacier","Shame","Redo+1"],"relics":["Nuclear Battery","Bag of Marbles","Runic Pyramid","Vajra"],"potions_floor_usage":[],"damage_taken":[{"damage":16,"enemies":"Small Slimes","floor":1,"turns":4},{"damage":3,"enemies":"2 Louse","floor":2,"turns":3},{"damage":7,"enemies":"Jaw Worm","floor":3,"turns":4},{"damage":22,"enemies":"Large Slime","floor":4,"turns":6},{"damage":15,"enemies":"Exordium Thugs","floor":11,"turns":4},{"damage":0,"enemies":"Looter","floor":12,"turns":3},{"damage":0,"enemies":"Exordium Wildlife","floor":13,"turns":3},{"damage":21,"enemies":"The Guardian","floor":16,"turns":13},{"damage":11,"enemies":"2 Thieves","floor":18,"turns":4},{"damage":8,"enemies":"Shell Parasite","floor":19,"turns":5},{"damage":35,"enemies":"Snake Plant","floor":22,"turns":5},{"damage":9,"enemies":"Book of Stabbing","floor":24,"turns":1}],"seed_played":"3466905537799971345","potions_obtained":[{"floor":1,"key":"Strength Potion"},{"floor":3,"key":"GamblersBrew"}],"is_trial":false,"path_per_floor":["M","M","M","M","?","$","R","?","T","R","M","M","M","$","R","B",null,"M","M","$","?","M","R","E"],"character_chosen":"DEFECT","items_purchased":["Coolheaded","Gash","Reprogram","Glacier"],"campfire_rested":2,"item_purchase_floors":[6,6,14,20],"current_hp_per_floor":[48,45,38,16,9,9,30,30,30,30,15,15,15,15,36,15,57,46,38,38,38,3,3,0],"gold":71,"neow_bonus":"BOSS_RELIC","is_prod":false,"is_daily":false,"chose_seed":false,"campfire_upgraded":2,"win_rate":0,"timestamp":1544947748,"path_taken":["M","M","M","M","?","$","R","?","T","R","M","M","M","$","R","BOSS","M","M","$","?","M","R","E"],"build_version":"2018-12-13","purchased_purges":0,"victory":false,"max_hp_per_floor":[71,71,71,71,71,71,71,71,71,71,71,71,71,71,71,71,71,71,71,71,71,71,71,71],"card_choices":[{"not_picked":["Compile Driver","Rebound"],"picked":"FTL","floor":1},{"not_picked":["Double Energy","BootSequence","Force Field"],"picked":"SKIP","floor":2},{"not_picked":["Go for the Eyes","Compile Driver"],"picked":"Steam","floor":3},{"not_picked":["Genetic Algorithm","Melter"],"picked":"Core Surge","floor":4},{"not_picked":["Leap","Cold Snap"],"picked":"Streamline","floor":11},{"not_picked":["Conserve Battery","Turbo"],"picked":"Hologram","floor":12},{"not_picked":["Blizzard","Loop"],"picked":"Hologram","floor":13},{"not_picked":["Buffer","Rainbow"],"picked":"Machine Learning","floor":16},{"not_picked":["Aggregate","Barrage","Steam"],"picked":"SKIP","floor":18},{"not_picked":["Cold Snap","Beam Cell"],"picked":"Chaos","floor":19},{"not_picked":["Turbo","Sweeping Beam"],"picked":"Redo","floor":22}],"player_experience":793643,"relics_obtained":[{"floor":9,"key":"Bag of Marbles"}],"event_choices":[{"cards_removed":["Strike_B"],"damage_healed":0,"gold_gain":0,"player_choice":"Card Removal","damage_taken":7,"max_hp_gain":0,"max_hp_loss":0,"event_name":"Golden Wing","floor":5,"gold_loss":0},{"damage_healed":0,"gold_gain":0,"cards_transformed":["Strike_B"],"player_choice":"Change","damage_taken":0,"max_hp_gain":0,"max_hp_loss":0,"event_name":"Living Wall","floor":8,"gold_loss":0,"cards_obtained":["Lockon"]},{"damage_healed":0,"gold_gain":0,"player_choice":"Stole Relic","damage_taken":0,"relics_obtained":["Vajra"],"max_hp_gain":0,"max_hp_loss":0,"event_name":"Addict","floor":21,"gold_loss":0,"cards_obtained":["Shame"]}],"is_beta":false,"boss_relics":[{"not_picked":["Velvet Choker","Philosopher\u0027s Stone"],"picked":"Runic Pyramid"}],"items_purged_floors":[],"is_endless":false,"potions_floor_spawned":[1,3,4],"killed_by":"Book of Stabbing","ascension_level":16}