{"gold_per_floor":[119,129,129,129,146,146,178,12,12,32,50,50,50,78,78,191,203,228,240,265,277,289,301,313],"floor_reached":24,"playtime":968,"items_purged":["Strike_B"],"score":306,"play_id":"b80dc821-eef1-4eab-a15a-e69c04064064","local_time":"20181202202720","is_ascension_mode":true,"campfire_choices":[{"floor":6.0,"key":"DIG"},{"floor":13.0,"key":"REST"},{"floor":15.0,"key":"DIG"},{"floor":23,"key":"DIG"}],"neow_cost":"NONE","seed_source_timestamp":0,"circlet_count":0,"master_deck":["AscendersBane","Strike_B","Strike_B","Defend_B","Defend_B","Defend_B","Defend_B","Zap","Dualcast","Rip and Tear","Beam Cell","Compile Driver","Reinforced Body","Coolheaded","Rip and Tear","Defragment","Auto Shields","Rainbow","Buffer","Tempest","Coolheaded+1"],"special_seed":0,"relics":["Cracked Core","Shovel","Du-Vu Doll","Bag of Preparation","Matryoshka","Oddly Smooth Stone","The Courier","Girya","MawBank","Cursed Key","Bottled Flame"],"potions_floor_usage":[24,24],"damage_taken":[{"damage":0.0,"enemies":"Cultist","floor":1.0,"turns":3.0},{"damage":0.0,"enemies":"Small Slimes","floor":2.0,"turns":3.0},{"damage":12.0,"enemies":"Jaw Worm","floor":5.0,"turns":2.0},{"damage":18.0,"enemies":"Gremlin Nob","floor":7.0,"turns":3.0},{"damage":0.0,"enemies":"Exordium Thugs","floor":10.0,"turns":4.0},{"damage":10.0,"enemies":"Lots of Slimes","floor":11.0,"turns":4.0},{"damage":22.0,"enemies":"Lagavulin","floor":14.0,"turns":5.0},{"damage":14.0,"enemies":"Hexaghost","floor":16.0,"turns":9.0},{"damage":21.0,"enemies":"2 Thieves","floor":18.0,"turns":4.0},{"damage":9.0,"enemies":"Shell Parasite","floor":20.0,"turns":5.0},{"damage":78,"enemies":"Gremlin Leader","floor":24,"turns":9}],"seed_played":"1501377109950119241","potions_obtained":[{"floor":0.0,"key":"Strength Potion"},{"floor":0.0,"key":"Energy Potion"},{"floor":0.0,"key":"Weak Potion"},{"floor":7.0,"key":"Regen Potion"},{"floor":14.0,"key":"Regen Potion"},{"floor":20.0,"key":"Block Potion"}],"is_trial":false,"path_per_floor":["M","M","?","T","M","R","E","$","T","M","M","T","R","E","R","B",null,"M","?","M","?","?","R","E"],"character_chosen":"DEFECT","items_purchased":["Coolheaded","Rip and Tear"],"campfire_rested":1,"item_purchase_floors":[8,8],"current_hp_per_floor":[68,68,73,73,61,61,43,43,43,43,33,33,57,47,47,48,72,51,51,42,42,68,68,0],"gold":313,"neow_bonus":"THREE_SMALL_POTIONS","is_prod":false,"is_daily":false,"chose_seed":false,"campfire_upgraded":0,"win_rate":0,"timestamp":1543800440,"path_taken":["M","?","?","?","?","R","E","$","T","M","M","?","R","E","R","BOSS","M","?","?","?","?","R","E"],"build_version":"2018-11-15","purchased_purges":1,"victory":false,"max_hp_per_floor":[75,75,80,80,80,80,80,80,80,80,80,80,80,80,80,80,80,80,80,80,80,80,80,80],"card_choices":[{"not_picked":["Compile Driver","Blizzard"],"picked":"Rip and Tear","floor":1.0},{"not_picked":["Fusion","Tempest"],"picked":"Beam Cell","floor":2.0},{"not_picked":["Turbo","Darkness"],"picked":"Compile Driver","floor":5.0},{"not_picked":["Genetic Algorithm","Turbo"],"picked":"Reinforced Body","floor":7.0},{"not_picked":["Capacitor","Static Discharge"],"picked":"Defragment","floor":10.0},{"not_picked":["Genetic Algorithm","Streamline"],"picked":"Auto Shields","floor":11.0},{"not_picked":["Fusion","Beam Cell"],"picked":"Rainbow","floor":14.0},{"not_picked":["Fission","Amplify"],"picked":"Buffer","floor":16.0},{"not_picked":["Fusion","Skim"],"picked":"Tempest","floor":18.0},{"not_picked":["Turbo","Redo"],"picked":"Coolheaded+1","floor":20.0}],"player_experience":646201,"relics_obtained":[{"floor":4.0,"key":"Shovel"},{"floor":6.0,"key":"Du-Vu Doll"},{"floor":7.0,"key":"Bag of Preparation"},{"floor":9.0,"key":"Matryoshka"},{"floor":12.0,"key":"Oddly Smooth Stone"},{"floor":12.0,"key":"The Courier"},{"floor":14.0,"key":"Girya"},{"floor":15.0,"key":"MawBank"},{"floor":23,"key":"Bottled Flame"}],"event_choices":[{"damage_healed":0.0,"max_hp_gain":5.0,"max_hp_loss":0.0,"gold_gain":0.0,"event_name":"Big Fish","player_choice":"Donut","floor":3.0,"gold_loss":0.0,"damage_taken":0.0},{"cards_removed":["Strike_B"],"damage_healed":0.0,"max_hp_gain":0.0,"max_hp_loss":0.0,"gold_gain":0.0,"event_name":"Purifier","player_choice":"Purged","floor":19.0,"gold_loss":0.0,"damage_taken":0.0},{"damage_healed":0.0,"max_hp_gain":0.0,"max_hp_loss":0.0,"gold_gain":0.0,"event_name":"The Mausoleum","player_choice":"Ignored","floor":21.0,"gold_loss":0.0,"damage_taken":0.0},{"damage_healed":26.0,"max_hp_gain":0.0,"max_hp_loss":0.0,"gold_gain":0.0,"event_name":"The Library","player_choice":"Heal","floor":22.0,"gold_loss":0.0,"damage_taken":0.0}],"is_beta":false,"boss_relics":[{"not_picked":["Philosopher\u0027s Stone","Pandora\u0027s Box"],"picked":"Cursed Key"}],"items_purged_floors":[8],"is_endless":false,"potions_floor_spawned":[7,10,14,20],"killed_by":"Gremlin Leader","ascension_level":10}