{"gold_per_floor":[112,112,18,33,48,48,72,115,195,209,18,31,31,45,45,164,164,178,2,21,21,37,37,3,3,29,29,65,42,60,93,93,214,214,229,562,43,0,11,38,138,138,138,59,113,131,144,144,144,144],"floor_reached":51,"playtime":5145,"items_purged":["Strike_B","Strike_B","Static Discharge"],"score":740,"play_id":"e5d9b2a7-eff3-4c49-8011-0940a809a444","local_time":"20190110222832","is_ascension_mode":false,"campfire_choices":[{"data":"Strike_B","floor":6,"key":"PURGE"},{"floor":13,"key":"REST"},{"floor":15,"key":"REST"},{"data":"Pain","floor":23,"key":"PURGE"},{"floor":25,"key":"REST"},{"data":"Strike_B","floor":27,"key":"PURGE"},{"floor":32,"key":"REST"},{"floor":42,"key":"REST"},{"floor":49,"key":"REST"}],"neow_cost":"NONE","seed_source_timestamp":47738481386500,"circlet_count":0,"master_deck":["Defend_B+1","Zap+1","Dualcast","Conserve Battery","Compile Driver","Conserve Battery","Turbo","Coolheaded","Barrage","Defragment","Steam","Defragment","Machine Learning","Go for the Eyes","Coolheaded","Conserve Battery","Cold Snap+1","BootSequence+1","Ball Lightning","White Noise+1","Defragment+1","Biased Cognition","Sweeping Beam+1","Creative AI+1","Sunder+1","Dramatic Entrance","Chill","White Noise+1","Turbo","Secret Technique"],"relics":["Cracked Core","War Paint","Peace Pipe","Art of War","Dodecahedron","Sozu","WarpedTongs","Bag of Marbles","Strawberry","Bronze Scales","Astrolabe","Vajra","Regal Pillow","Red Mask","Thread and Needle","Prayer Wheel","Shuriken","Mango"],"potions_floor_usage":[16,16,20,20],"damage_taken":[{"damage":1,"enemies":"Jaw Worm","floor":1,"turns":2},{"damage":1,"enemies":"Cultist","floor":4,"turns":3},{"damage":0,"enemies":"Small Slimes","floor":5,"turns":3},{"damage":0,"enemies":"Blue Slaver","floor":7,"turns":3},{"damage":37,"enemies":"Lagavulin","floor":8,"turns":8},{"damage":0,"enemies":"2 Fungi Beasts","floor":10,"turns":4},{"damage":0,"enemies":"Large Slime","floor":12,"turns":4},{"damage":13,"enemies":"3 Louse","floor":14,"turns":5},{"damage":22,"enemies":"Slime Boss","floor":16,"turns":13},{"damage":8,"enemies":"Spheric Guardian","floor":18,"turns":5},{"damage":14,"enemies":"2 Thieves","floor":20,"turns":5},{"damage":22,"enemies":"3 Cultists","floor":22,"turns":8},{"damage":0,"enemies":"Book of Stabbing","floor":28,"turns":8},{"damage":6,"enemies":"Snake Plant","floor":30,"turns":5},{"damage":30,"enemies":"Slavers","floor":31,"turns":7},{"damage":23,"enemies":"Champ","floor":33,"turns":12},{"damage":8,"enemies":"3 Shapes","floor":35,"turns":3},{"damage":14,"enemies":"3 Darklings","floor":39,"turns":5},{"damage":46,"enemies":"Reptomancer","floor":40,"turns":7},{"damage":9,"enemies":"Mind Bloom Boss Battle","floor":41,"turns":5},{"damage":0,"enemies":"2 Orb Walkers","floor":45,"turns":4},{"damage":4,"enemies":"Maw","floor":46,"turns":7},{"damage":0,"enemies":"Transient","floor":47,"turns":5},{"damage":13,"enemies":"Awakened One","floor":50,"turns":10}],"seed_played":"-3595878043076476646","potions_obtained":[{"floor":7,"key":"SteroidPotion"},{"floor":8,"key":"SteroidPotion"},{"floor":14,"key":"SkillPotion"},{"floor":16,"key":"Poison Potion"}],"is_trial":false,"path_per_floor":["M","?","?","M","M","R","M","E","T","M","$","M","R","M","R","B",null,"M","$","M","?","M","R","$","R","T","R","E","$","M","E","R","B",null,"M","?","$","?","M","E","?","R","T","$","?","M","M","?","R","B",null],"character_chosen":"DEFECT","items_purchased":["Defragment","Steam","Coolheaded","Conserve Battery","Static Discharge","Ball Lightning","Vajra","Dramatic Entrance","Regal Pillow","Chill"],"campfire_rested":6,"item_purchase_floors":[11,11,19,19,24,29,37,37,37,44],"current_hp_per_floor":[74,56,56,55,55,55,55,18,18,18,18,18,40,27,49,27,75,67,67,53,53,31,31,31,53,53,53,60,60,54,24,48,25,82,74,74,74,74,60,14,5,44,44,44,58,54,54,54,96,83],"gold":144,"neow_bonus":"RANDOM_COMMON_RELIC","is_prod":false,"is_daily":false,"chose_seed":false,"campfire_upgraded":0,"win_rate":0,"timestamp":1547130512,"path_taken":["M","?","?","M","M","R","M","E","T","?","$","M","R","M","R","BOSS","M","$","M","?","?","R","$","R","T","R","E","?","?","E","R","BOSS","M","?","$","?","M","E","?","R","T","$","?","M","M","?","R","BOSS"],"build_version":"2019-01-03v4","purchased_purges":3,"victory":true,"max_hp_per_floor":[75,75,75,75,75,75,75,75,75,75,75,75,75,75,75,75,75,75,75,75,75,75,75,75,75,75,75,82,82,82,82,82,82,82,82,82,82,82,82,82,82,82,82,82,96,96,96,96,96,96],"card_choices":[{"not_picked":["Rebound","Doom and Gloom"],"picked":"Conserve Battery","floor":1},{"not_picked":["Storm","Redo"],"picked":"Compile Driver","floor":4},{"not_picked":["Streamline","Reprogram"],"picked":"Conserve Battery","floor":5},{"not_picked":["Capacitor","Barrage"],"picked":"Turbo","floor":7},{"not_picked":["Skim","Undo"],"picked":"Coolheaded","floor":8},{"not_picked":["Consume","Lockon"],"picked":"Barrage","floor":10},{"not_picked":["Steam","Gash"],"picked":"Defragment","floor":12},{"not_picked":["Force Field","Multi-Cast","Beam Cell"],"picked":"SKIP","floor":14},{"not_picked":["Reboot","Fission"],"picked":"Machine Learning","floor":16},{"not_picked":["Darkness","Beam Cell"],"picked":"Go for the Eyes","floor":18},{"not_picked":["White Noise","Steam Power"],"picked":"Cold Snap+1","floor":20},{"not_picked":["Rebound","Ball Lightning","Barrage+1"],"picked":"SKIP","floor":22},{"not_picked":["Stack","Barrage"],"picked":"BootSequence+1","floor":28},{"not_picked":["Go for the Eyes","Consume"],"picked":"White Noise+1","floor":30},{"not_picked":["Darkness","Coolheaded"],"picked":"Defragment+1","floor":31},{"not_picked":["Amplify","Creative AI"],"picked":"Biased Cognition","floor":33},{"not_picked":["Rebound","Redo","Barrage+1"],"picked":"SKIP","floor":35},{"not_picked":["Coolheaded","Go for the Eyes","Barrage"],"picked":"SKIP","floor":39},{"not_picked":["Fission","Consume","Gash+1"],"picked":"SKIP","floor":40},{"not_picked":["Hologram+1","Ball Lightning+1"],"picked":"White Noise+1","floor":46},{"not_picked":["Aggregate+1","White Noise","Sunder"],"picked":"SKIP","floor":46},{"not_picked":["Conserve Battery+1","Self Repair+1"],"picked":"Turbo","floor":47},{"not_picked":["Coolheaded+1","Darkness","Go for the Eyes"],"picked":"SKIP","floor":47},{"not_picked":["Magnetism","Forethought"],"picked":"Secret Technique","floor":48}],"player_experience":171556,"relics_obtained":[{"floor":8,"key":"Art of War"},{"floor":9,"key":"Dodecahedron"},{"floor":26,"key":"Bag of Marbles"},{"floor":28,"key":"Strawberry"},{"floor":31,"key":"Bronze Scales"},{"floor":40,"key":"Thread and Needle"},{"floor":41,"key":"Prayer Wheel"},{"floor":43,"key":"Shuriken"},{"floor":45,"key":"Mango"}],"event_choices":[{"damage_healed":0,"gold_gain":0,"player_choice":"Take Damage","damage_taken":18,"relics_obtained":["Golden Idol"],"max_hp_gain":0,"max_hp_loss":0,"event_name":"Golden Idol","floor":2,"gold_loss":0},{"damage_healed":0,"gold_gain":0,"player_choice":"Paid Gold","damage_taken":0,"relics_obtained":["Peace Pipe"],"max_hp_gain":0,"max_hp_loss":0,"event_name":"WeMeetAgain","floor":3,"gold_loss":94},{"damage_healed":0,"gold_gain":0,"player_choice":"Rummage","damage_taken":0,"relics_obtained":["WarpedTongs"],"max_hp_gain":0,"max_hp_loss":0,"event_name":"Accursed Blacksmith","floor":21,"gold_loss":0,"cards_obtained":["Pain"]},{"damage_healed":0,"gold_gain":333,"player_choice":"Gave Idol","damage_taken":0,"max_hp_gain":0,"max_hp_loss":0,"event_name":"The Moai Head","floor":36,"relics_lost":["Golden Idol"],"gold_loss":0},{"damage_healed":0,"gold_gain":0,"player_choice":"Paid","damage_taken":0,"relics_obtained":["Red Mask"],"max_hp_gain":0,"max_hp_loss":0,"event_name":"Tomb of Lord Red Mask","floor":38,"gold_loss":43},{"damage_healed":0,"gold_gain":0,"player_choice":"Fight","damage_taken":0,"max_hp_gain":0,"max_hp_loss":0,"event_name":"MindBloom","floor":41,"gold_loss":0},{"damage_healed":0,"gold_gain":0,"player_choice":"Fight","damage_taken":0,"max_hp_gain":0,"max_hp_loss":0,"event_name":"Mysterious Sphere","floor":45,"gold_loss":0},{"damage_healed":0,"gold_gain":0,"player_choice":"Memory 1","damage_taken":0,"max_hp_gain":0,"max_hp_loss":0,"event_name":"SensoryStone","floor":48,"gold_loss":0}],"is_beta":false,"boss_relics":[{"not_picked":["Fusion Hammer","Philosopher\u0027s Stone"],"picked":"Sozu"},{"not_picked":["Velvet Choker","Tiny House"],"picked":"Astrolabe"}],"items_purged_floors":[11,19,37],"is_endless":false,"potions_floor_spawned":[7,8,14,16,18,20,28,31,35,41,46],"ascension_level":0}