{"gold_per_floor":[111,124,144,155,174,174,207,3,3,3,3,31,54,76,88,175,187,219,243,269,281,38,38,88,88,138,138,138,172,192,192],"floor_reached":31,"playtime":1991,"items_purged":["Shame"],"score":466,"play_id":"0ccb13f5-0f80-4d52-987e-123fd7d772a6","local_time":"20181215225042","is_ascension_mode":true,"campfire_choices":[{"data":"Zap","floor":6.0,"key":"SMITH"},{"data":"Consume","floor":10.0,"key":"SMITH"},{"data":"Defragment","floor":15.0,"key":"SMITH"},{"data":"Rainbow","floor":23.0,"key":"SMITH"},{"data":"Lockon","floor":25.0,"key":"SMITH"}],"neow_cost":"NONE","seed_source_timestamp":0,"circlet_count":0,"master_deck":["AscendersBane","Strike_B","Strike_B","Strike_B","Defend_B","Defend_B","Defend_B","Defend_B","Zap+1","Dualcast","Ball Lightning","Chill","Go for the Eyes","Consume+1","Glacier","Defragment+1","Steam","Rainbow+1","Ball Lightning","Lockon+1"],"special_seed":0,"relics":["Cracked Core","Centennial Puzzle","Regal Pillow","Anchor","MawBank","Busted Crown","The Courier","Oddly Smooth Stone","Art of War","Nloth\u0027s Gift","Unceasing Top"],"potions_floor_usage":[29,29],"damage_taken":[{"damage":1.0,"enemies":"Cultist","floor":1.0,"turns":3.0},{"damage":4.0,"enemies":"Jaw Worm","floor":2.0,"turns":3.0},{"damage":7.0,"enemies":"Small Slimes","floor":3.0,"turns":2.0},{"damage":4.0,"enemies":"Looter","floor":4.0,"turns":3.0},{"damage":9.0,"enemies":"3 Louse","floor":5.0,"turns":4.0},{"damage":5.0,"enemies":"Lagavulin","floor":7.0,"turns":5.0},{"damage":0.0,"enemies":"Lots of Slimes","floor":12.0,"turns":4.0},{"damage":0.0,"enemies":"Looter","floor":13.0,"turns":3.0},{"damage":0.0,"enemies":"Blue Slaver","floor":14.0,"turns":3.0},{"damage":17.0,"enemies":"Hexaghost","floor":16.0,"turns":13.0},{"damage":4.0,"enemies":"Shell Parasite","floor":18.0,"turns":8.0},{"damage":0.0,"enemies":"Spheric Guardian","floor":19.0,"turns":4.0},{"damage":15.0,"enemies":"Snake Plant","floor":20.0,"turns":6.0},{"damage":28,"enemies":"Slavers","floor":29,"turns":6},{"damage":6,"enemies":"Cultist and Chosen","floor":30,"turns":6},{"damage":6,"enemies":"3 Cultists","floor":31,"turns":3}],"seed_played":"1102671075814903484","potions_obtained":[{"floor":2.0,"key":"PowerPotion"},{"floor":4.0,"key":"SkillPotion"},{"floor":13.0,"key":"GamblersBrew"},{"floor":16.0,"key":"Poison Potion"},{"floor":20.0,"key":"PowerPotion"},{"floor":29,"key":"GamblersBrew"}],"is_trial":false,"path_per_floor":["M","M","M","M","M","R","E","$","T","R","?","M","M","M","R","B",null,"M","M","M","?","$","R","?","R","T","?","?","E","M","M"],"character_chosen":"DEFECT","items_purchased":["Anchor","Self Repair","Oddly Smooth Stone","Lockon"],"campfire_rested":0,"item_purchase_floors":[8,8,22,22],"current_hp_per_floor":[63,59,52,48,39,39,34,34,34,34,34,34,34,34,34,17,58,54,54,39,39,39,39,39,39,39,39,39,11,5,0],"gold":192,"neow_bonus":"RANDOM_COMMON_RELIC","is_prod":false,"is_daily":false,"chose_seed":false,"campfire_upgraded":5,"win_rate":0,"timestamp":1544932242,"path_taken":["M","M","M","M","M","R","E","$","T","R","?","M","?","M","R","BOSS","M","M","M","?","$","R","?","R","T","?","?","E","M","?"],"build_version":"2018-12-13","purchased_purges":1,"victory":false,"max_hp_per_floor":[71,71,71,71,71,71,71,71,71,71,71,71,71,71,71,71,71,71,71,71,71,71,71,71,71,71,71,71,71,71,71],"card_choices":[{"not_picked":["Reinforced Body","Streamline"],"picked":"Ball Lightning","floor":1.0},{"not_picked":["Sweeping Beam","Double Energy","Cold Snap"],"picked":"SKIP","floor":2.0},{"not_picked":["Static Discharge","Turbo"],"picked":"Chill","floor":3.0},{"not_picked":["Heatsinks","Compile Driver"],"picked":"Go for the Eyes","floor":4.0},{"not_picked":["Aggregate","Rebound","Scrape"],"picked":"SKIP","floor":5.0},{"not_picked":["Meteor Strike","Cold Snap"],"picked":"Consume","floor":7.0},{"not_picked":["Barrage","Loop"],"picked":"Glacier","floor":12.0},{"not_picked":["Loop","Gash"],"picked":"Defragment","floor":13.0},{"not_picked":["Turbo","Redo"],"picked":"Steam","floor":14.0},{"not_picked":["Meteor Strike","Creative AI"],"picked":"Rainbow","floor":16.0},{"not_picked":["Streamline"],"picked":"SKIP","floor":18.0},{"not_picked":["Stack"],"picked":"SKIP","floor":19.0},{"not_picked":[],"picked":"Ball Lightning","floor":20.0},{"not_picked":["Hologram"],"picked":"SKIP","floor":30}],"player_experience":791652,"relics_obtained":[{"floor":7.0,"key":"Regal Pillow"},{"floor":9.0,"key":"PreservedInsect"},{"floor":26.0,"key":"Art of War"},{"floor":29,"key":"Unceasing Top"}],"event_choices":[{"cards_removed":["Self Repair"],"damage_healed":0.0,"max_hp_gain":0.0,"max_hp_loss":0.0,"gold_gain":0.0,"event_name":"WeMeetAgain","player_choice":"Gave Card","floor":11.0,"gold_loss":0.0,"damage_taken":0.0,"relics_obtained":["MawBank"]},{"damage_healed":0.0,"max_hp_gain":0.0,"max_hp_loss":0.0,"gold_gain":0.0,"event_name":"Addict","player_choice":"Stole Relic","floor":21.0,"gold_loss":0.0,"damage_taken":0.0,"relics_obtained":["The Courier"],"cards_obtained":["Shame"]},{"damage_healed":0.0,"max_hp_gain":0.0,"max_hp_loss":0.0,"gold_gain":50.0,"event_name":"Nest","player_choice":"Stole From Cult","floor":24.0,"gold_loss":0.0,"damage_taken":0.0},{"cards_removed":["Strike_B"],"damage_healed":0.0,"max_hp_gain":0.0,"max_hp_loss":0.0,"gold_gain":0.0,"event_name":"Back to Basics","player_choice":"Elegance","floor":27.0,"gold_loss":0.0,"damage_taken":0.0},{"damage_healed":0.0,"max_hp_gain":0.0,"max_hp_loss":0.0,"gold_gain":0.0,"event_name":"N\u0027loth","player_choice":"Traded Relic","floor":28.0,"relics_lost":["PreservedInsect"],"gold_loss":0.0,"damage_taken":0.0,"relics_obtained":["Nloth\u0027s Gift"]}],"is_beta":false,"boss_relics":[{"not_picked":["Lizard Tail","FrozenCore"],"picked":"Busted Crown"}],"items_purged_floors":[22],"is_endless":false,"potions_floor_spawned":[2,4,13,16,20,29],"killed_by":"3 Cultists","ascension_level":16}