{"gold_per_floor":[109,109,27,27,27,27,56,70,151,151,226,226,238,249,249,325,325,341,358,283,283,45,45,62,62,116,146,48,48,147,147,147,225,225,243,254,254,273,147,147,160,160,233,233,259,272,172,9,9,9],"floor_reached":51,"playtime":3428,"items_purged":["Writhe","Parasite","Strike_B"],"score":1146,"play_id":"c49874a7-4dd9-4598-b06f-90aa937bac37","local_time":"20181210180018","is_ascension_mode":true,"campfire_choices":[{"data":"Chaos","floor":6.0,"key":"SMITH"},{"data":"Electrodynamics","floor":10.0,"key":"SMITH"},{"data":"White Noise","floor":15,"key":"SMITH"},{"data":"Capacitor","floor":23,"key":"SMITH"},{"data":"Echo Form","floor":25,"key":"SMITH"},{"data":"Loop","floor":29,"key":"SMITH"},{"data":"Ghostly","floor":32,"key":"SMITH"},{"data":"Self Repair","floor":40,"key":"SMITH"},{"data":"Undo","floor":42,"key":"SMITH"},{"data":"Ghostly","floor":44,"key":"SMITH"},{"data":"Storm","floor":49,"key":"SMITH"}],"neow_cost":"NONE","seed_source_timestamp":0,"circlet_count":0,"master_deck":["AscendersBane","Strike_B","Strike_B","Defend_B+1","Defend_B","Defend_B","Defend_B","Zap+1","Dualcast+1","Capacitor+1","Chaos+1","Electrodynamics+1","Go for the Eyes+1","Cold Snap+1","White Noise+1","Echo Form+1","Go for the Eyes+1","Undo+1","Ghostly+1","Ghostly+1","Ghostly","Ghostly","Ghostly","Barrage+1","Loop+1","Steam","Creative AI","Cold Snap+1","Ghostly+1","Self Repair+1","Leap","Storm+1"],"special_seed":0,"relics":["Cracked Core","NeowsBlessing","Molten Egg 2","Shuriken","Cursed Key","Mummified Hand","Art of War","Matryoshka","Runic Pyramid","Blood Vial","Symbiotic Virus","Ice Cream"],"potions_floor_usage":[16,18,24],"damage_taken":[{"damage":0.0,"enemies":"2 Louse","floor":1.0,"turns":1.0},{"damage":0.0,"enemies":"Lagavulin","floor":7.0,"turns":1.0},{"damage":0.0,"enemies":"Jaw Worm","floor":8.0,"turns":1.0},{"damage":0.0,"enemies":"Small Slimes","floor":13.0,"turns":2.0},{"damage":13,"enemies":"Exordium Wildlife","floor":14,"turns":2},{"damage":14,"enemies":"Hexaghost","floor":16,"turns":9},{"damage":7,"enemies":"3 Byrds","floor":18,"turns":2},{"damage":11,"enemies":"Spheric Guardian","floor":19,"turns":4},{"damage":21,"enemies":"Centurion and Healer","floor":24,"turns":7},{"damage":15,"enemies":"Gremlin Leader","floor":27,"turns":8},{"damage":1,"enemies":"Champ","floor":33,"turns":10},{"damage":4,"enemies":"3 Darklings","floor":35,"turns":7},{"damage":0,"enemies":"3 Shapes","floor":36,"turns":3},{"damage":3,"enemies":"Jaw Worm Horde","floor":38,"turns":7},{"damage":0,"enemies":"4 Shapes","floor":41,"turns":5},{"damage":26,"enemies":"Nemesis","floor":45,"turns":9},{"damage":1,"enemies":"Maw","floor":46,"turns":8},{"damage":9,"enemies":"Time Eater","floor":50,"turns":10}],"seed_played":"-7610698876652805897","potions_obtained":[{"floor":7.0,"key":"Regen Potion"},{"floor":8.0,"key":"LiquidBronze"},{"floor":19,"key":"Regen Potion"},{"floor":27,"key":"SpeedPotion"},{"floor":38,"key":"Strength Potion"}],"is_trial":false,"path_per_floor":["M","?","$","$","?","R","E","M","T","R","?","?","M","M","R","B",null,"M","M","?","?","$","R","M","R","T","E","$","R","?","?","R","B",null,"M","M","?","M","$","R","M","R","T","R","E","M","$","$","R","B",null],"character_chosen":"DEFECT","items_purchased":["Chaos","Mummified Hand","Steam","Self Repair","Dexterity Potion","Storm"],"campfire_rested":0,"item_purchase_floors":[3,22,28,39,39,48],"current_hp_per_floor":[68,68,68,68,68,68,68,68,68,68,57,42,42,29,29,30,64,57,46,46,37,37,37,30,30,30,15,15,15,15,15,15,14,31,27,27,27,24,24,24,34,34,34,34,30,37,34,34,34,34],"gold":9,"neow_bonus":"THREE_ENEMY_KILL","is_prod":false,"is_daily":false,"chose_seed":false,"campfire_upgraded":11,"win_rate":0,"timestamp":1544482818,"path_taken":["M","?","?","$","?","R","E","?","T","R","?","?","M","M","R","BOSS","M","M","?","?","$","R","M","R","T","E","$","R","?","?","R","BOSS","M","M","?","M","$","R","M","R","T","R","E","M","?","$","R","BOSS"],"build_version":"2018-12-06","purchased_purges":3,"victory":true,"max_hp_per_floor":[75,75,75,75,75,75,75,75,75,75,75,75,75,75,75,75,75,75,75,75,37,37,37,37,37,37,37,37,37,37,37,37,37,37,37,37,37,37,37,37,37,37,37,37,37,37,34,34,34,34],"card_choices":[{"not_picked":["Coolheaded","Doom and Gloom"],"picked":"Capacitor","floor":1.0},{"not_picked":["Sweeping Beam","Steam"],"picked":"Electrodynamics","floor":7.0},{"not_picked":["Steam","Streamline+1"],"picked":"Go for the Eyes+1","floor":8.0},{"not_picked":["Leap","Rebound+1"],"picked":"Cold Snap+1","floor":13.0},{"not_picked":["Rebound+1","Chaos"],"picked":"White Noise","floor":14},{"not_picked":["Meteor Strike+1","Seek"],"picked":"Echo Form","floor":16},{"not_picked":["Gash+1","Compile Driver+1"],"picked":"Go for the Eyes+1","floor":18},{"not_picked":["White Noise","Beam Cell+1"],"picked":"Undo","floor":19},{"not_picked":["Recycle","Multi-Cast"],"picked":"Barrage+1","floor":24},{"not_picked":["Leap","Fusion"],"picked":"Loop","floor":27},{"not_picked":["Fission","Multi-Cast"],"picked":"Creative AI","floor":33},{"not_picked":["Turbo+1","Gash+1","Go for the Eyes+1"],"picked":"SKIP","floor":35},{"not_picked":["Leap","Melter+1"],"picked":"Cold Snap+1","floor":36},{"not_picked":["Electrodynamics","Turbo","Rebound+1"],"picked":"SKIP","floor":38},{"not_picked":["Turbo","Hyperbeam+1","Beam Cell+1"],"picked":"SKIP","floor":41},{"not_picked":["Compile Driver+1","Genetic Algorithm"],"picked":"Leap","floor":45},{"not_picked":["Steam Power","Capacitor","Stack"],"picked":"SKIP","floor":46}],"player_experience":733641,"relics_obtained":[{"floor":7.0,"key":"Molten Egg 2"},{"floor":9.0,"key":"Shuriken"},{"floor":26,"key":"Art of War"},{"floor":27,"key":"Matryoshka"},{"floor":43,"key":"Blood Vial"},{"floor":43,"key":"Symbiotic Virus"},{"floor":45,"key":"Ice Cream"}],"event_choices":[{"damage_healed":0.0,"max_hp_gain":0.0,"max_hp_loss":0.0,"gold_gain":0.0,"event_name":"Living Wall","player_choice":"Grow","floor":2.0,"gold_loss":0.0,"damage_taken":0.0,"cards_upgraded":["Zap"]},{"damage_healed":0.0,"max_hp_gain":0.0,"max_hp_loss":0.0,"gold_gain":0.0,"event_name":"The Cleric","player_choice":"Leave","floor":5.0,"gold_loss":0.0,"damage_taken":0.0},{"damage_healed":0.0,"max_hp_gain":0.0,"max_hp_loss":0.0,"gold_gain":75.0,"event_name":"World of Goop","player_choice":"Gather Gold","floor":11.0,"gold_loss":0.0,"damage_taken":11.0},{"damage_healed":0.0,"max_hp_gain":0.0,"max_hp_loss":0.0,"gold_gain":0.0,"event_name":"Shining Light","player_choice":"Entered Light","floor":12.0,"gold_loss":0.0,"damage_taken":15.0,"cards_upgraded":["Dualcast","Defend_B"]},{"cards_removed":["Strike_B"],"damage_healed":0,"gold_gain":0,"player_choice":"Gave Gold","damage_taken":0,"max_hp_gain":0,"max_hp_loss":0,"event_name":"Beggar","floor":20,"gold_loss":75},{"damage_healed":0,"gold_gain":0,"player_choice":"Became a Ghost","damage_taken":0,"max_hp_gain":0,"max_hp_loss":38,"event_name":"Ghosts","floor":21,"gold_loss":0,"cards_obtained":["Ghostly","Ghostly","Ghostly","Ghostly","Ghostly"]},{"damage_healed":0,"gold_gain":99,"player_choice":"Stole From Cult","damage_taken":0,"max_hp_gain":0,"max_hp_loss":0,"event_name":"Nest","floor":30,"gold_loss":0},{"damage_healed":0,"gold_gain":0,"player_choice":"Ignored","damage_taken":0,"max_hp_gain":0,"max_hp_loss":0,"event_name":"Cursed Tome","floor":31,"gold_loss":0},{"damage_healed":0,"gold_gain":0,"player_choice":"Copied","damage_taken":0,"max_hp_gain":0,"max_hp_loss":0,"event_name":"Duplicator","floor":37,"gold_loss":0,"cards_obtained":["Ghostly"]}],"is_beta":false,"boss_relics":[{"not_picked":["Philosopher\u0027s Stone","White Beast Statue"],"picked":"Cursed Key"},{"not_picked":["Snecko Eye","Empty Cage"],"picked":"Runic Pyramid"}],"items_purged_floors":[28,47,48],"is_endless":false,"potions_floor_spawned":[7,8,14,19,27,38,45],"ascension_level":13}