{"gold_per_floor":[115,127,77,77,92,92,109,109,109,120,120,66,166,197,197,270,270,288,308,258,32,48,66,66,76,76,76],"floor_reached":27,"playtime":1651,"items_purged":[],"score":366,"play_id":"a40b3655-e1d6-4a64-99f1-1cf28bd5ce0d","local_time":"20181210212754","is_ascension_mode":true,"campfire_choices":[{"data":"Self Repair","floor":6,"key":"SMITH"},{"data":"Streamline","floor":8,"key":"SMITH"},{"data":"Dualcast","floor":11,"key":"SMITH"},{"data":"Loop","floor":15,"key":"SMITH"},{"floor":24,"key":"REST"}],"neow_cost":"NONE","seed_source_timestamp":123086722409986,"circlet_count":0,"master_deck":["AscendersBane","Strike_B","Strike_B","Strike_B","Defend_B","Defend_B","Defend_B","Defend_B","Zap+1","Dualcast+1","Self Repair+1","Gash","Streamline+1","Gash","Ball Lightning","Loop+1","Machine Learning","Loop","FTL","Leap","Gash"],"relics":["Cracked Core","Symbiotic Virus","Dead Branch","Cursed Key","Omamori","Cables"],"potions_floor_usage":[18,23],"damage_taken":[{"damage":0,"enemies":"2 Louse","floor":1,"turns":2},{"damage":0,"enemies":"Small Slimes","floor":2,"turns":2},{"damage":1,"enemies":"Cultist","floor":5,"turns":3},{"damage":11,"enemies":"Blue Slaver","floor":7,"turns":3},{"damage":0,"enemies":"Gremlin Gang","floor":10,"turns":4},{"damage":10,"enemies":"Gremlin Nob","floor":14,"turns":3},{"damage":38,"enemies":"Slime Boss","floor":16,"turns":4},{"damage":16,"enemies":"3 Byrds","floor":18,"turns":3},{"damage":23,"enemies":"Shell Parasite","floor":19,"turns":4},{"damage":25,"enemies":"Snecko","floor":22,"turns":4},{"damage":22,"enemies":"Shelled Parasite and Fungi","floor":23,"turns":5},{"damage":31,"enemies":"Chosen and Byrds","floor":25,"turns":6},{"damage":44,"enemies":"Snecko","floor":27,"turns":5}],"seed_played":"2194635392193116174","potions_obtained":[{"floor":2,"key":"FairyPotion"},{"floor":4,"key":"LiquidBronze"},{"floor":19,"key":"Block Potion"}],"is_trial":false,"path_per_floor":["M","M","?","?","M","R","M","R","T","M","R","$","?","E","R","B",null,"M","M","?","$","M","M","R","M","T","M"],"character_chosen":"DEFECT","items_purchased":["Ball Lightning","Omamori","FTL"],"campfire_rested":1,"item_purchase_floors":[12,21,21],"current_hp_per_floor":[64,64,64,64,70,70,69,69,69,71,71,71,71,71,71,43,64,58,45,45,45,30,18,39,18,18,0],"gold":76,"neow_bonus":"UPGRADE_CARD","is_prod":false,"is_daily":false,"chose_seed":false,"campfire_upgraded":4,"win_rate":0,"timestamp":1544495274,"path_taken":["M","M","?","?","?","R","M","R","T","M","R","$","?","E","R","BOSS","M","?","?","$","M","M","R","?","T","M"],"build_version":"2018-12-06","purchased_purges":0,"victory":false,"max_hp_per_floor":[71,71,71,71,71,71,71,71,71,71,71,71,71,71,71,71,71,71,71,71,71,71,71,71,71,71,71],"card_choices":[{"not_picked":["Barrage","Redo","Skim"],"picked":"SKIP","floor":1},{"not_picked":["Go for the Eyes","Hologram"],"picked":"Self Repair","floor":2},{"not_picked":["Streamline","Go for the Eyes"],"picked":"Gash","floor":5},{"not_picked":["Capacitor","Melter"],"picked":"Streamline","floor":7},{"not_picked":["Compile Driver","Fusion"],"picked":"Gash","floor":10},{"not_picked":["Melter","Steam"],"picked":"Loop","floor":14},{"not_picked":["Core Surge","Hyperbeam"],"picked":"Machine Learning","floor":16},{"not_picked":["Aggregate","Barrage"],"picked":"Loop","floor":18},{"not_picked":["Redo","Storm","Blizzard"],"picked":"SKIP","floor":19},{"not_picked":["Go for the Eyes","White Noise"],"picked":"Leap","floor":22},{"not_picked":["Cold Snap","Rebound"],"picked":"Gash","floor":23},{"not_picked":["Skim","Heatsinks","Turbo"],"picked":"SKIP","floor":25}],"player_experience":745320,"relics_obtained":[{"floor":9,"key":"Symbiotic Virus"},{"floor":14,"key":"Dead Branch"},{"floor":26,"key":"Cables"}],"event_choices":[{"cards_removed":["Strike_B"],"damage_healed":0,"gold_gain":0,"player_choice":"Card Removal","damage_taken":0,"max_hp_gain":0,"max_hp_loss":0,"event_name":"The Cleric","floor":3,"gold_loss":50},{"damage_healed":0,"gold_gain":0,"player_choice":"Got Potions","damage_taken":0,"max_hp_gain":0,"max_hp_loss":0,"event_name":"Lab","floor":4,"gold_loss":0},{"damage_healed":0,"gold_gain":100,"player_choice":"Pray","damage_taken":0,"max_hp_gain":0,"max_hp_loss":0,"event_name":"Golden Shrine","floor":13,"gold_loss":0},{"damage_healed":0,"gold_gain":0,"player_choice":"Bet on Owner","damage_taken":0,"max_hp_gain":0,"max_hp_loss":0,"event_name":"The Joust","floor":20,"gold_loss":50}],"is_beta":false,"boss_relics":[{"not_picked":["Fusion Hammer","Black Star"],"picked":"Cursed Key"}],"items_purged_floors":[],"is_endless":false,"potions_floor_spawned":[2,5,16,19,22],"killed_by":"Snecko","ascension_level":14}