{"gold_per_floor":[111,111,123,138,138,138,165,165,191,210,225,28,42,42],"floor_reached":14,"playtime":548,"items_purged":["Defend_B"],"score":92,"play_id":"7644b01f-3e75-4270-94c1-3a4e96256cea","local_time":"20190130123855","is_ascension_mode":false,"campfire_choices":[{"data":"Zap","floor":6,"key":"SMITH"}],"neow_cost":"NONE","seed_source_timestamp":17008323251300,"circlet_count":0,"master_deck":["Strike_B+1","Defend_B","Defend_B","Defend_B+1","Zap+1","Dualcast","Steam","Capacitor","Defragment","Turbo","Compile Driver","Ball Lightning","Bandage Up","Go for the Eyes","Consume"],"relics":["Cracked Core","Pen Nib"],"potions_floor_usage":[7,13,14],"damage_taken":[{"damage":4,"enemies":"2 Louse","floor":1,"turns":3},{"damage":2,"enemies":"Jaw Worm","floor":3,"turns":4},{"damage":0,"enemies":"Small Slimes","floor":4,"turns":3},{"damage":26,"enemies":"Lagavulin","floor":7,"turns":8},{"damage":10,"enemies":"Exordium Thugs","floor":10,"turns":5},{"damage":7,"enemies":"Red Slaver","floor":11,"turns":4},{"damage":14,"enemies":"2 Fungi Beasts","floor":13,"turns":3},{"damage":9,"enemies":"Large Slime","floor":14,"turns":3}],"seed_played":"-1960623960361704750","potions_obtained":[{"floor":1,"key":"Ancient Potion"},{"floor":11,"key":"Regen Potion"},{"floor":13,"key":"Block Potion"}],"is_trial":false,"path_per_floor":["M","?","M","M","?","R","E","?","T","M","M","$","M","M"],"character_chosen":"DEFECT","items_purchased":["Bandage Up","Go for the Eyes"],"campfire_rested":0,"item_purchase_floors":[12,12],"current_hp_per_floor":[71,56,54,54,47,47,21,21,21,11,4,4,3,0],"gold":42,"neow_bonus":"REMOVE_CARD","is_prod":false,"is_daily":false,"chose_seed":false,"campfire_upgraded":1,"win_rate":0,"timestamp":1548823135,"path_taken":["M","?","M","M","?","R","E","?","T","M","?","?","M","M"],"build_version":"2019-01-23","purchased_purges":1,"victory":false,"max_hp_per_floor":[75,75,75,75,75,75,75,75,75,75,75,75,75,75],"card_choices":[{"not_picked":["Steam Power","Darkness"],"picked":"Steam","floor":1},{"not_picked":["Hologram","Cold Snap"],"picked":"Capacitor","floor":3},{"not_picked":["Reprogram","Blizzard"],"picked":"Defragment","floor":4},{"not_picked":["Recycle","Static Discharge"],"picked":"Turbo","floor":7},{"not_picked":["Steam","Rebound"],"picked":"Compile Driver","floor":10},{"not_picked":["Beam Cell","Recycle"],"picked":"Ball Lightning","floor":11},{"not_picked":["Gash","Rebound"],"picked":"Consume","floor":13}],"player_experience":300489,"relics_obtained":[{"floor":7,"key":"Pen Nib"}],"event_choices":[{"damage_healed":0,"gold_gain":0,"player_choice":"Entered Light","damage_taken":15,"max_hp_gain":0,"max_hp_loss":0,"event_name":"Shining Light","floor":2,"gold_loss":0,"cards_upgraded":["Defend_B","Strike_B"]},{"cards_removed":["Strike_B"],"damage_healed":0,"gold_gain":0,"player_choice":"Card Removal","damage_taken":7,"max_hp_gain":0,"max_hp_loss":0,"event_name":"Golden Wing","floor":5,"gold_loss":0},{"cards_removed":["Strike_B"],"damage_healed":0,"gold_gain":0,"player_choice":"Purged","damage_taken":0,"max_hp_gain":0,"max_hp_loss":0,"event_name":"Purifier","floor":8,"gold_loss":0}],"is_beta":false,"boss_relics":[],"items_purged_floors":[12],"is_endless":false,"potions_floor_spawned":[1,11,13],"killed_by":"Large Slime","ascension_level":0}