{"gold_per_floor":[116,136,150,163,128,154,177,177,177,189,189,204,221,232,232,330,330,349,28,28,38,58,58,71,83,83,83],"floor_reached":27,"playtime":1533,"items_purged":[],"score":221,"play_id":"9693eee5-90ea-4e0a-99d6-d953ff7ee71a","local_time":"20181223070248","is_ascension_mode":false,"campfire_choices":[{"data":"Zap","floor":8,"key":"SMITH"},{"data":"Darkness","floor":11,"key":"SMITH"},{"data":"Dualcast","floor":15,"key":"SMITH"},{"data":"Electrodynamics","floor":23,"key":"SMITH"}],"neow_cost":"NONE","seed_source_timestamp":161481828195517,"circlet_count":0,"master_deck":["Strike_B","Strike_B","Strike_B","Strike_B","Defend_B","Defend_B","Defend_B","Defend_B","Zap+1","Dualcast+1","Chill","Darkness+1","Rebound","Sweeping Beam","FTL","Sweeping Beam","Rebound","Leap","FTL","Loop","Ball Lightning","Electrodynamics+1","Loop","FTL","Finesse","Conserve Battery","Compile Driver","Ball Lightning","Rainbow"],"relics":["Cracked Core","Gremlin Horn","Odd Mushroom","Shovel","Black Star","Ancient Tea Set","Calipers"],"potions_floor_usage":[12,16,24,27],"damage_taken":[{"damage":6,"enemies":"Jaw Worm","floor":1,"turns":3},{"damage":0,"enemies":"Small Slimes","floor":2,"turns":2},{"damage":0,"enemies":"2 Louse","floor":3,"turns":3},{"damage":12,"enemies":"2 Fungi Beasts","floor":4,"turns":3},{"damage":20,"enemies":"3 Sentries","floor":6,"turns":6},{"damage":3,"enemies":"The Mushroom Lair","floor":7,"turns":4},{"damage":4,"enemies":"Blue Slaver","floor":10,"turns":3},{"damage":4,"enemies":"Exordium Thugs","floor":12,"turns":4},{"damage":1,"enemies":"2 Fungi Beasts","floor":13,"turns":2},{"damage":12,"enemies":"Blue Slaver","floor":14,"turns":3},{"damage":12,"enemies":"Slime Boss","floor":16,"turns":7},{"damage":5,"enemies":"3 Byrds","floor":18,"turns":2},{"damage":0,"enemies":"Chosen","floor":21,"turns":4},{"damage":17,"enemies":"Centurion and Healer","floor":22,"turns":4},{"damage":21,"enemies":"Snake Plant","floor":24,"turns":4},{"damage":12,"enemies":"3 Cultists","floor":25,"turns":3},{"damage":20,"enemies":"Centurion and Healer","floor":27,"turns":3}],"seed_played":"-7960730387593484484","potions_obtained":[{"floor":1,"key":"Block Potion"},{"floor":2,"key":"AttackPotion"},{"floor":10,"key":"Strength Potion"},{"floor":12,"key":"Ancient Potion"},{"floor":22,"key":"EssenceOfSteel"},{"floor":24,"key":"LiquidBronze"}],"is_trial":false,"path_per_floor":["M","M","M","M","?","E","?","R","T","M","R","M","M","M","R","B",null,"M","$","?","M","M","R","M","M","T","M"],"character_chosen":"DEFECT","items_purchased":["FTL","Finesse","Ancient Tea Set"],"campfire_rested":0,"item_purchase_floors":[19,19,19],"current_hp_per_floor":[69,69,69,57,75,55,52,52,52,48,48,44,43,31,31,19,75,70,70,70,70,53,53,32,20,20,0],"gold":83,"neow_bonus":"THREE_CARDS","is_prod":false,"is_daily":false,"chose_seed":false,"campfire_upgraded":4,"win_rate":0.0,"timestamp":1545516168,"path_taken":["M","M","M","M","?","E","?","R","T","M","R","M","M","M","R","BOSS","M","$","?","M","M","R","M","M","T","M"],"build_version":"2018-12-20","purchased_purges":0,"victory":false,"max_hp_per_floor":[75,75,75,75,75,75,75,75,75,75,75,75,75,75,75,75,75,75,75,75,75,75,75,75,75,75,75],"card_choices":[{"not_picked":["Coolheaded","Hologram"],"picked":"Chill","floor":0},{"not_picked":["Coolheaded","Loop"],"picked":"Darkness","floor":1},{"not_picked":["Hologram","Conserve Battery"],"picked":"Rebound","floor":2},{"not_picked":["Streamline","Steam"],"picked":"Sweeping Beam","floor":3},{"not_picked":["Gash","Loop"],"picked":"FTL","floor":4},{"not_picked":["Go for the Eyes","Coolheaded"],"picked":"Sweeping Beam","floor":6},{"not_picked":["Hologram","Blizzard"],"picked":"Rebound","floor":7},{"not_picked":["Storm","Hologram"],"picked":"Leap","floor":10},{"not_picked":["Consume","Reprogram"],"picked":"FTL","floor":12},{"not_picked":["Hologram","Blizzard"],"picked":"Loop","floor":13},{"not_picked":["Echo Form","Gash"],"picked":"Ball Lightning","floor":14},{"not_picked":["Amplify","Rainbow"],"picked":"Electrodynamics","floor":16},{"not_picked":["Rip and Tear","Cold Snap"],"picked":"Loop","floor":18},{"not_picked":["Beam Cell","Stack+1"],"picked":"Conserve Battery","floor":21},{"not_picked":["Coolheaded","Steam+1"],"picked":"Compile Driver","floor":22},{"not_picked":["Rebound","FTL"],"picked":"Ball Lightning","floor":24},{"not_picked":["Melter","Genetic Algorithm+1"],"picked":"Rainbow","floor":25}],"player_experience":20103,"relics_obtained":[{"floor":6,"key":"Gremlin Horn"},{"floor":7,"key":"Odd Mushroom"},{"floor":9,"key":"Shovel"},{"floor":26,"key":"Calipers"}],"event_choices":[{"damage_healed":18,"gold_gain":0,"player_choice":"Healed","damage_taken":0,"max_hp_gain":0,"max_hp_loss":0,"event_name":"The Cleric","floor":5,"gold_loss":35},{"damage_healed":0,"gold_gain":0,"player_choice":"Fought Mushrooms","damage_taken":0,"max_hp_gain":0,"max_hp_loss":0,"event_name":"Mushrooms","floor":7,"gold_loss":0},{"damage_healed":0,"gold_gain":0,"player_choice":"Ignored","damage_taken":0,"max_hp_gain":0,"max_hp_loss":0,"event_name":"Ghosts","floor":20,"gold_loss":0}],"is_beta":false,"boss_relics":[{"not_picked":["Velvet Choker","Empty Cage"],"picked":"Black Star"}],"items_purged_floors":[],"is_endless":false,"potions_floor_spawned":[1,2,10,12,22,24],"killed_by":"Centurion and Healer","ascension_level":0}