{"gold_per_floor":[115,40,56,70,80,80,110,129,129,129,147,147,147,55,55,155,155,173,185,110,25,43,43,58,58,83,83,110,110,126,144,144,245,245,255,355,355,455,471,471,471,484,508,508,528,528,528,546,546,546],"floor_reached":51,"playtime":2775,"items_purged":["Defend_B"],"score":654,"play_id":"3ebc1ef2-d81b-4f49-94ed-140d6d861944","local_time":"20190113012354","is_ascension_mode":true,"campfire_choices":[{"data":"Zap","floor":6,"key":"SMITH"},{"data":"Dualcast","floor":12,"key":"SMITH"},{"data":"Compile Driver","floor":15,"key":"SMITH"},{"data":"Electrodynamics","floor":23,"key":"SMITH"},{"data":"Conserve Battery","floor":25,"key":"SMITH"},{"data":"Rebound","floor":27,"key":"SMITH"},{"data":"Go for the Eyes","floor":29,"key":"SMITH"},{"data":"Ball Lightning","floor":32,"key":"SMITH"},{"data":"FTL","floor":40,"key":"SMITH"},{"data":"Leap","floor":46,"key":"SMITH"},{"data":"Steam Power","floor":49,"key":"SMITH"}],"neow_cost":"NONE","seed_source_timestamp":81540025765895,"circlet_count":0,"master_deck":["Strike_B","Strike_B","Defend_B","Defend_B","Defend_B","Zap+1","Dualcast+1","Conserve Battery+1","Chill","Steam","Go for the Eyes+1","Sweeping Beam+1","Compile Driver+1","Steam Power+1","Electrodynamics+1","Hologram+1","Rebound+1","Stack+1","Cold Snap+1","Ball Lightning+1","Go for the Eyes+1","FTL+1","Leap+1","Ball Lightning+1","Sweeping Beam+1"],"relics":["Cracked Core","Potion Belt","Ornamental Fan","Eternal Feather","Kunai","Juzu Bracelet","Blood Vial","Sozu","FossilizedHelix","Boot"],"potions_floor_usage":[16,33,45,50,50,50],"damage_taken":[{"damage":0,"enemies":"Small Slimes","floor":1,"turns":3},{"damage":4,"enemies":"Jaw Worm","floor":3,"turns":3},{"damage":1,"enemies":"Cultist","floor":4,"turns":3},{"damage":3,"enemies":"Large Slime","floor":5,"turns":5},{"damage":5,"enemies":"3 Sentries","floor":7,"turns":7},{"damage":0,"enemies":"Blue Slaver","floor":8,"turns":3},{"damage":0,"enemies":"2 Fungi Beasts","floor":11,"turns":3},{"damage":2,"enemies":"Slime Boss","floor":16,"turns":7},{"damage":0,"enemies":"3 Byrds","floor":18,"turns":2},{"damage":0,"enemies":"Spheric Guardian","floor":19,"turns":3},{"damage":18,"enemies":"Centurion and Healer","floor":22,"turns":6},{"damage":0,"enemies":"3 Cultists","floor":24,"turns":3},{"damage":6,"enemies":"Cultist and Chosen","floor":30,"turns":4},{"damage":0,"enemies":"Snake Plant","floor":31,"turns":3},{"damage":32,"enemies":"Automaton","floor":33,"turns":12},{"damage":0,"enemies":"3 Darklings","floor":35,"turns":3},{"damage":16,"enemies":"Mind Bloom Boss Battle","floor":38,"turns":9},{"damage":0,"enemies":"3 Shapes","floor":39,"turns":3},{"damage":0,"enemies":"Spire Growth","floor":42,"turns":5},{"damage":5,"enemies":"Jaw Worm Horde","floor":45,"turns":4},{"damage":0,"enemies":"4 Shapes","floor":48,"turns":5},{"damage":21,"enemies":"Donu and Deca","floor":50,"turns":10}],"seed_played":"2391866664876471694","potions_obtained":[{"floor":5,"key":"Dexterity Potion"},{"floor":7,"key":"Explosive Potion"},{"floor":16,"key":"LiquidBronze"},{"floor":19,"key":"FearPotion"},{"floor":24,"key":"Weak Potion"},{"floor":30,"key":"Poison Potion"},{"floor":31,"key":"Strength Potion"}],"is_trial":false,"path_per_floor":["M","$","M","M","M","R","E","M","T","?","M","R","?","$","R","B",null,"M","M","?","?","M","R","M","R","T","R","T","R","M","M","R","B",null,"M","?","?","?","M","R","?","M","T","?","M","R","?","M","R","B",null],"character_chosen":"DEFECT","items_purchased":["Compile Driver","Steam Power"],"campfire_rested":0,"item_purchase_floors":[14,14],"current_hp_per_floor":[82,82,78,77,74,74,69,69,69,62,62,62,62,62,62,60,82,82,82,82,82,64,73,73,82,82,82,82,82,76,78,82,50,82,82,82,82,66,68,80,80,82,82,82,77,82,82,82,82,61],"gold":546,"neow_bonus":"TEN_PERCENT_HP_BONUS","is_prod":false,"is_daily":false,"chose_seed":false,"campfire_upgraded":11,"win_rate":0,"timestamp":1547310234,"path_taken":["M","$","M","M","M","R","E","M","T","?","M","R","?","$","R","BOSS","M","M","?","?","M","R","M","R","T","R","?","R","M","M","R","BOSS","M","?","?","?","M","R","?","M","T","?","M","R","?","M","R","BOSS"],"build_version":"2019-01-10","purchased_purges":1,"victory":true,"max_hp_per_floor":[82,82,82,82,82,82,82,82,82,82,82,82,82,82,82,82,82,82,82,82,82,82,82,82,82,82,82,82,82,82,82,82,82,82,82,82,82,82,82,82,82,82,82,82,82,82,82,82,82,82],"card_choices":[{"not_picked":["Cold Snap","Sweeping Beam"],"picked":"Conserve Battery","floor":1},{"not_picked":["Turbo","Gash"],"picked":"FTL","floor":3},{"not_picked":["Turbo","Chaos"],"picked":"Chill","floor":4},{"not_picked":["Compile Driver","Hologram"],"picked":"Steam","floor":5},{"not_picked":["Lockon","Scrape"],"picked":"Go for the Eyes","floor":7},{"not_picked":["Chaos","Streamline"],"picked":"Sweeping Beam","floor":8},{"not_picked":["Turbo","Coolheaded","Gash"],"picked":"SKIP","floor":11},{"not_picked":["Amplify","Buffer"],"picked":"Electrodynamics","floor":16},{"not_picked":["Streamline+1","Turbo"],"picked":"Hologram+1","floor":18},{"not_picked":["Self Repair+1","Cold Snap+1"],"picked":"Rebound","floor":19},{"not_picked":["Creative AI","Go for the Eyes"],"picked":"Stack+1","floor":22},{"not_picked":["Gash","Turbo+1"],"picked":"Cold Snap+1","floor":24},{"not_picked":["Chaos+1","Steam"],"picked":"Ball Lightning","floor":30},{"not_picked":["Auto Shields","Redo"],"picked":"Go for the Eyes+1","floor":31},{"not_picked":["Self Repair","Loop"],"picked":"FTL+1","floor":35},{"not_picked":["Fusion","Streamline+1","Genetic Algorithm"],"picked":"SKIP","floor":39},{"not_picked":["Ball Lightning","Force Field"],"picked":"Leap","floor":42},{"not_picked":["Recycle+1","Compile Driver"],"picked":"Ball Lightning+1","floor":45},{"not_picked":["Skim","BootSequence+1"],"picked":"Sweeping Beam+1","floor":48}],"player_experience":129693,"relics_obtained":[{"floor":7,"key":"Potion Belt"},{"floor":9,"key":"Ornamental Fan"},{"floor":26,"key":"Juzu Bracelet"},{"floor":28,"key":"Blood Vial"},{"floor":38,"key":"FossilizedHelix"},{"floor":43,"key":"Boot"}],"event_choices":[{"cards_removed":["Strike_B"],"damage_healed":0,"gold_gain":0,"player_choice":"Card Removal","damage_taken":7,"max_hp_gain":0,"max_hp_loss":0,"event_name":"Golden Wing","floor":10,"gold_loss":0},{"damage_healed":0,"gold_gain":0,"player_choice":"Upgraded","damage_taken":0,"max_hp_gain":0,"max_hp_loss":0,"event_name":"Upgrade Shrine","floor":13,"gold_loss":0,"cards_upgraded":["Sweeping Beam"]},{"cards_removed":["Strike_B"],"damage_healed":0,"gold_gain":0,"player_choice":"Gave Gold","damage_taken":0,"max_hp_gain":0,"max_hp_loss":0,"event_name":"Beggar","floor":20,"gold_loss":75},{"damage_healed":0,"gold_gain":0,"player_choice":"Obtained Relic","damage_taken":0,"relics_obtained":["Kunai"],"max_hp_gain":0,"max_hp_loss":0,"event_name":"Addict","floor":21,"gold_loss":85},{"damage_healed":0,"gold_gain":100,"player_choice":"Pray","damage_taken":0,"max_hp_gain":0,"max_hp_loss":0,"event_name":"Golden Shrine","floor":36,"gold_loss":0},{"damage_healed":0,"gold_gain":0,"player_choice":"Ignored","damage_taken":0,"max_hp_gain":0,"max_hp_loss":0,"event_name":"Mysterious Sphere","floor":37,"gold_loss":0},{"damage_healed":0,"gold_gain":0,"player_choice":"Fight","damage_taken":0,"max_hp_gain":0,"max_hp_loss":0,"event_name":"MindBloom","floor":38,"gold_loss":0},{"damage_healed":0,"gold_gain":0,"player_choice":"Leave","damage_taken":0,"max_hp_gain":0,"max_hp_loss":0,"event_name":"FaceTrader","floor":41,"gold_loss":0},{"cards_removed":["FTL"],"damage_healed":0,"gold_gain":0,"player_choice":"Removed Attack","damage_taken":0,"max_hp_gain":0,"max_hp_loss":0,"event_name":"Falling","floor":44,"gold_loss":0},{"damage_healed":0,"gold_gain":0,"player_choice":"Ignored","damage_taken":0,"max_hp_gain":0,"max_hp_loss":0,"event_name":"Tomb of Lord Red Mask","floor":47,"gold_loss":0}],"is_beta":false,"boss_relics":[{"not_picked":["Astrolabe","Cursed Key"],"picked":"Eternal Feather"},{"not_picked":["Orrery","Calling Bell"],"picked":"Sozu"}],"items_purged_floors":[2],"is_endless":false,"potions_floor_spawned":[5,7,16,19,24,30,31,39,45],"ascension_level":1}