{"gold_per_floor":[111,85,35,58,158,158,189,189,243,243,50,64,64,78,78,150,150,164,14,29,41,0,31,31],"floor_reached":24,"playtime":964,"items_purged":[],"score":360,"play_id":"7cd6060f-72f0-4e95-9a96-18f9e5dc9a6b","local_time":"20181210204057","is_ascension_mode":true,"campfire_choices":[{"data":"Zap","floor":6,"key":"SMITH"},{"data":"Sunder","floor":8,"key":"SMITH"},{"data":"Hologram","floor":10,"key":"SMITH"},{"data":"Beam Cell","floor":13,"key":"SMITH"},{"data":"Capacitor","floor":15,"key":"SMITH"}],"neow_cost":"NONE","seed_source_timestamp":120955795365088,"circlet_count":0,"master_deck":["AscendersBane","Strike_B","Strike_B","Strike_B","Defend_B","Defend_B","Defend_B","Defend_B","Zap+1","Dualcast","Sunder+1","Hologram+1","Sweeping Beam","Beam Cell+1","Capacitor+1","Core Surge","Go for the Eyes","Glacier","Chill","Rainbow"],"relics":["Cracked Core","Orichalcum","Centennial Puzzle","Tiny Chest","PreservedInsect","Sozu","Anchor","Vajra"],"potions_floor_usage":[16],"damage_taken":[{"damage":8,"enemies":"Small Slimes","floor":1,"turns":4},{"damage":21,"enemies":"Lagavulin","floor":7,"turns":5},{"damage":2,"enemies":"Jaw Worm","floor":12,"turns":2},{"damage":0,"enemies":"Cultist","floor":14,"turns":3},{"damage":28,"enemies":"Hexaghost","floor":16,"turns":8},{"damage":5,"enemies":"Spheric Guardian","floor":18,"turns":3},{"damage":0,"enemies":"2 Thieves","floor":20,"turns":3},{"damage":22,"enemies":"Shelled Parasite and Fungi","floor":21,"turns":5},{"damage":37,"enemies":"Book of Stabbing","floor":23,"turns":7},{"damage":1,"enemies":"Chosen and Byrds","floor":24,"turns":1}],"seed_played":"-3277088015541844380","potions_obtained":[{"floor":12,"key":"Regen Potion"},{"floor":14,"key":"Energy Potion"}],"is_trial":false,"path_per_floor":["M","$","?","T","?","R","E","R","T","R","$","M","R","M","R","B",null,"M","$","M","M","?","E","M"],"character_chosen":"DEFECT","items_purchased":["Hologram","PreservedInsect","Sweeping Beam","Anchor"],"campfire_rested":0,"item_purchase_floors":[2,11,11,19],"current_hp_per_floor":[63,63,63,63,63,63,42,42,42,42,42,40,40,40,40,27,65,60,60,60,38,38,1,0],"gold":31,"neow_bonus":"TEN_PERCENT_HP_BONUS","is_prod":false,"is_daily":false,"chose_seed":false,"campfire_upgraded":5,"win_rate":0,"timestamp":1544492457,"path_taken":["M","$","?","?","?","R","E","R","T","R","$","M","R","M","R","BOSS","M","$","?","M","?","E","M"],"build_version":"2018-12-06","purchased_purges":0,"victory":false,"max_hp_per_floor":[78,78,78,78,78,78,78,78,78,78,78,78,78,78,78,78,78,78,78,78,78,78,78,78],"card_choices":[{"not_picked":["Stack","Cold Snap"],"picked":"Sunder","floor":1},{"not_picked":["Sunder","Redo","Lockon"],"picked":"SKIP","floor":7},{"not_picked":["Gash","Stack"],"picked":"Beam Cell","floor":12},{"not_picked":["Rebound","Turbo"],"picked":"Capacitor","floor":14},{"not_picked":["Rainbow","Meteor Strike"],"picked":"Core Surge","floor":16},{"not_picked":["Turbo","Melter"],"picked":"Go for the Eyes","floor":18},{"not_picked":["Storm","Go for the Eyes"],"picked":"Glacier","floor":20},{"not_picked":["Leap","Gash"],"picked":"Chill","floor":21},{"not_picked":["Barrage+1","Buffer"],"picked":"Rainbow","floor":23}],"player_experience":744356,"relics_obtained":[{"floor":4,"key":"Orichalcum"},{"floor":7,"key":"Centennial Puzzle"},{"floor":9,"key":"Tiny Chest"},{"floor":23,"key":"Vajra"}],"event_choices":[{"cards_removed":["Strike_B"],"damage_healed":0,"gold_gain":0,"player_choice":"Card Removal","damage_taken":0,"max_hp_gain":0,"max_hp_loss":0,"event_name":"The Cleric","floor":3,"gold_loss":50},{"damage_healed":0,"gold_gain":100,"player_choice":"Pray","damage_taken":0,"max_hp_gain":0,"max_hp_loss":0,"event_name":"Golden Shrine","floor":5,"gold_loss":0},{"damage_healed":0,"gold_gain":0,"player_choice":"Paid Fearfully","damage_taken":0,"max_hp_gain":0,"max_hp_loss":0,"event_name":"Masked Bandits","floor":22,"gold_loss":41}],"is_beta":false,"boss_relics":[{"not_picked":["Runic Pyramid","Calling Bell"],"picked":"Sozu"}],"items_purged_floors":[],"is_endless":false,"potions_floor_spawned":[12,14,18,23],"killed_by":"Chosen and Byrds","ascension_level":14}