{"gold_per_floor":[112,112,128,140,44,44,70,70,70,70,70,18,28,28,28,131,131,56,70,70,17,41,41,54,80,80,80,80,93,112,122,122,227,227,242,252,352,369,369,369],"floor_reached":40,"playtime":4117,"items_purged":[],"score":454,"play_id":"30ac9766-55a1-4d42-a79f-096c7d76be84","local_time":"20181224133621","is_ascension_mode":false,"campfire_choices":[{"data":"Backflip","floor":6,"key":"SMITH"},{"data":"Flying Knee","floor":8,"key":"SMITH"},{"data":"Leg Sweep","floor":10,"key":"SMITH"},{"data":"Blur","floor":15,"key":"SMITH"},{"data":"Blade Dance","floor":23,"key":"SMITH"},{"floor":27,"key":"REST"},{"data":"Bullet Time","floor":32,"key":"SMITH"}],"neow_cost":"NONE","seed_source_timestamp":268914250393550,"circlet_count":0,"master_deck":["Defend_G","Defend_G","Defend_G","Defend_G","Defend_G","Survivor","Neutralize","Leg Sweep+1","Endless Agony","Backflip+1","Flying Knee+1","Prepared","Footwork","Flying Knee","Deflect","Blur+1","Bullet Time+1","Blade Dance+1","Sucker Punch+1","Deflect","Deflect","Terror+1","Bite","Bite","Bite","Bite","Bite","Dagger Spray","Slice","Distraction+1","Venomology","Dagger Throw+1","Endless Agony+1","Blade Dance+1","Blur+1"],"relics":["Ring of the Snake","Centennial Puzzle","Mummified Hand","Pantograph","Bottled Tornado","Black Star","Lantern","Ginger","Question Card","Kunai","Lizard Tail","Mango"],"potions_floor_usage":[16,25,25,25,33,37,38,38,40],"damage_taken":[{"damage":2,"enemies":"2 Louse","floor":1,"turns":3},{"damage":1,"enemies":"Cultist","floor":3,"turns":4},{"damage":0,"enemies":"Jaw Worm","floor":4,"turns":5},{"damage":8,"enemies":"Lagavulin","floor":7,"turns":15},{"damage":15,"enemies":"Exordium Wildlife","floor":13,"turns":4},{"damage":32,"enemies":"The Guardian","floor":16,"turns":21},{"damage":5,"enemies":"2 Thieves","floor":18,"turns":5},{"damage":9,"enemies":"Shell Parasite","floor":19,"turns":10},{"damage":6,"enemies":"Snecko","floor":24,"turns":10},{"damage":37,"enemies":"Book of Stabbing","floor":25,"turns":12},{"damage":0,"enemies":"Shelled Parasite and Fungi","floor":29,"turns":12},{"damage":7,"enemies":"Snake Plant","floor":30,"turns":5},{"damage":16,"enemies":"Snecko","floor":31,"turns":5},{"damage":55,"enemies":"Automaton","floor":33,"turns":26},{"damage":59,"enemies":"3 Shapes","floor":35,"turns":11},{"damage":5,"enemies":"Orb Walker","floor":36,"turns":4},{"damage":18,"enemies":"Mind Bloom Boss Battle","floor":37,"turns":9},{"damage":6,"enemies":"3 Darklings","floor":38,"turns":5},{"damage":121,"enemies":"Giant Head","floor":40,"turns":13}],"seed_played":"440469693436684720","potions_obtained":[{"floor":1,"key":"SpeedPotion"},{"floor":4,"key":"Regen Potion"},{"floor":13,"key":"AttackPotion"},{"floor":16,"key":"EssenceOfSteel"},{"floor":19,"key":"GhostInAJar"},{"floor":29,"key":"Regen Potion"},{"floor":30,"key":"Energy Potion"},{"floor":37,"key":"Strength Potion"}],"is_trial":false,"path_per_floor":["M","?","M","M","$","R","E","R","T","R","?","$","M","T","R","B",null,"M","M","?","$","T","R","M","E","T","R","?","M","M","M","R","B",null,"M","M","?","M","?","E"],"character_chosen":"THE_SILENT","items_purchased":["Prepared","Footwork","Deflect","Deflect"],"campfire_rested":1,"item_purchase_floors":[5,5,12,21],"current_hp_per_floor":[68,68,67,67,67,67,59,59,59,59,59,59,44,44,44,37,70,65,56,56,56,56,56,50,18,18,39,39,49,48,35,35,42,49,6,11,58,60,60,0],"gold":369,"neow_bonus":"RANDOM_COMMON_RELIC","is_prod":false,"is_daily":false,"chose_seed":false,"campfire_upgraded":6,"win_rate":0,"timestamp":1545626181,"path_taken":["M","?","M","?","?","R","E","R","T","R","?","?","?","?","R","BOSS","M","M","?","?","?","R","M","E","T","R","?","M","?","M","R","BOSS","M","M","?","M","?","E"],"build_version":"2018-12-20","purchased_purges":0,"victory":false,"max_hp_per_floor":[70,70,70,70,70,70,70,70,70,70,70,70,70,70,70,70,70,70,70,70,70,70,70,70,70,70,70,49,49,49,49,49,49,49,49,49,63,63,63,63],"card_choices":[{"not_picked":["Deadly Poison","Backstab"],"picked":"Leg Sweep","floor":1},{"not_picked":["PiercingWail","Expertise"],"picked":"Backflip","floor":3},{"not_picked":["Outmaneuver","Backflip"],"picked":"Flying Knee","floor":4},{"not_picked":["Heel Hook","Deadly Poison"],"picked":"Flying Knee","floor":7},{"not_picked":["Underhanded Strike","Deadly Poison"],"picked":"Blur","floor":13},{"not_picked":["Corpse Explosion","Night Terror"],"picked":"Bullet Time","floor":16},{"not_picked":["Eviscerate+1","Infinite Blades"],"picked":"Blade Dance","floor":18},{"not_picked":["All Out Attack","Skewer"],"picked":"Sucker Punch+1","floor":19},{"not_picked":["Outmaneuver","Underhanded Strike"],"picked":"Deflect","floor":24},{"not_picked":["Dagger Throw","Dash"],"picked":"Terror+1","floor":25},{"not_picked":["Choke","PiercingWail","Sucker Punch"],"picked":"Dagger Spray","floor":29},{"not_picked":["Predator+1","Outmaneuver+1","Crippling Poison"],"picked":"Slice","floor":30},{"not_picked":["Sucker Punch+1","Footwork","Unload"],"picked":"Distraction+1","floor":31},{"not_picked":["Burst","Unload","Doppelganger"],"picked":"Venomology","floor":33},{"not_picked":["Dagger Spray","Sucker Punch+1","Underhanded Strike+1"],"picked":"Dagger Throw+1","floor":35},{"not_picked":["Heel Hook+1","Eviscerate","Poisoned Stab"],"picked":"Endless Agony+1","floor":36},{"not_picked":["Quick Slash+1","Bane+1","Slice"],"picked":"Blade Dance+1","floor":37},{"not_picked":["Slice+1","Backstab+1","Underhanded Strike+1"],"picked":"Blur+1","floor":38}],"player_experience":38170,"relics_obtained":[{"floor":7,"key":"Mummified Hand"},{"floor":9,"key":"Pantograph"},{"floor":14,"key":"Bottled Tornado"},{"floor":22,"key":"Lantern"},{"floor":25,"key":"Ginger"},{"floor":25,"key":"Question Card"},{"floor":26,"key":"Kunai"},{"floor":37,"key":"Mango"}],"event_choices":[{"damage_healed":0,"gold_gain":0,"cards_transformed":["Strike_G"],"player_choice":"Transformed","damage_taken":0,"max_hp_gain":0,"max_hp_loss":0,"event_name":"Transmorgrifier","floor":2,"gold_loss":0,"cards_obtained":["Endless Agony"]},{"damage_healed":0,"gold_gain":0,"player_choice":"Ignored","damage_taken":0,"max_hp_gain":0,"max_hp_loss":0,"event_name":"Liars Game","floor":11,"gold_loss":0},{"damage_healed":0,"gold_gain":0,"player_choice":"Bought 0 Potions","damage_taken":0,"max_hp_gain":0,"max_hp_loss":0,"event_name":"The Woman in Blue","floor":20,"gold_loss":0},{"damage_healed":0,"gold_gain":0,"player_choice":"Became a vampire","damage_taken":0,"max_hp_gain":0,"max_hp_loss":21,"event_name":"Vampires","floor":28,"gold_loss":0,"cards_obtained":["Bite","Bite","Bite","Bite","Bite"]},{"damage_healed":0,"gold_gain":0,"player_choice":"Fight","damage_taken":0,"max_hp_gain":0,"max_hp_loss":0,"event_name":"MindBloom","floor":37,"gold_loss":0},{"damage_healed":0,"gold_gain":0,"player_choice":"Leave","damage_taken":0,"max_hp_gain":0,"max_hp_loss":0,"event_name":"FaceTrader","floor":39,"gold_loss":0}],"is_beta":false,"boss_relics":[{"not_picked":["Runic Pyramid","Cursed Key"],"picked":"Black Star"},{"not_picked":["White Beast Statue","Eternal Feather"],"picked":"Lizard Tail"}],"items_purged_floors":[],"is_endless":false,"potions_floor_spawned":[1,4,13,16,19,29,30,37],"killed_by":"Giant Head","ascension_level":0}