{"gold_per_floor":[114,44,44,54,129,129,155,155,209,219,219,55,66,84,84,182,182,201,101,200,200,200,200,213,213,213,213,231,81,97,97,97,198,198,211,86,86,7,107,107,118,118,118,148,166,1,21,21,21,21],"floor_reached":51,"playtime":2550,"items_purged":["Strike_B","Strike_B","Strike_B"],"score":764,"play_id":"88a2e120-b9e1-4338-a78f-ea8968e11c9f","local_time":"20190206162812","is_ascension_mode":true,"campfire_choices":[{"data":"Zap","floor":6,"key":"SMITH"},{"data":"Dualcast","floor":8,"key":"SMITH"},{"floor":15,"key":"REST"},{"data":"Defragment","floor":23,"key":"SMITH"},{"data":"Redo","floor":25,"key":"SMITH"},{"data":"Metamorphosis","floor":27,"key":"SMITH"},{"floor":32,"key":"REST"},{"floor":40,"key":"REST"},{"floor":42,"key":"REST"},{"floor":49,"key":"REST"}],"neow_cost":"NONE","seed_source_timestamp":93873040490957,"circlet_count":0,"master_deck":["Defend_B","Defend_B","Defend_B","Defend_B","Zap+1","Dualcast+1","Reboot","Cold Snap","Defragment+1","Beam Cell","Cold Snap","Coolheaded","Metamorphosis+1","Static Discharge","All For One","Go for the Eyes","Leap","BootSequence","Redo+1","Conserve Battery","Go for the Eyes+1","Buffer","Capacitor","Madness","Madness","Defragment","Conserve Battery+1","Leap+1","Conserve Battery+1","Coolheaded","Defragment+1"],"relics":["FrozenCore","Bird Faced Urn","DataDisk","Nuclear Battery","Shuriken","StoneCalendar","Emotion Chip","The Courier","Art of War"],"potions_floor_usage":[7,22,28,30,33,44,45,50],"damage_taken":[{"damage":1,"enemies":"Cultist","floor":1,"turns":3},{"damage":2,"enemies":"Jaw Worm","floor":4,"turns":3},{"damage":17,"enemies":"Lagavulin","floor":7,"turns":7},{"damage":0,"enemies":"Small Slimes","floor":10,"turns":3},{"damage":2,"enemies":"Blue Slaver","floor":13,"turns":3},{"damage":3,"enemies":"Exordium Thugs","floor":14,"turns":2},{"damage":24,"enemies":"Slime Boss","floor":16,"turns":7},{"damage":0,"enemies":"Spheric Guardian","floor":18,"turns":3},{"damage":0,"enemies":"Masked Bandits","floor":22,"turns":1},{"damage":0,"enemies":"Chosen","floor":24,"turns":4},{"damage":7,"enemies":"Sentry and Sphere","floor":28,"turns":4},{"damage":15,"enemies":"Snake Plant","floor":30,"turns":3},{"damage":2,"enemies":"Colosseum Slavers","floor":31,"turns":4},{"damage":47,"enemies":"Champ","floor":33,"turns":8},{"damage":26,"enemies":"3 Shapes","floor":35,"turns":5},{"damage":3,"enemies":"Mind Bloom Boss Battle","floor":39,"turns":8},{"damage":36,"enemies":"3 Darklings","floor":41,"turns":7},{"damage":55,"enemies":"Reptomancer","floor":44,"turns":7},{"damage":0,"enemies":"Spire Growth","floor":45,"turns":7},{"damage":20,"enemies":"Jaw Worm Horde","floor":47,"turns":6},{"damage":33,"enemies":"Donu and Deca","floor":50,"turns":11}],"seed_played":"5205782069855332124","potions_obtained":[{"floor":4,"key":"Block Potion"},{"floor":10,"key":"Explosive Potion"},{"floor":14,"key":"SmokeBomb"},{"floor":18,"key":"PowerPotion"},{"floor":24,"key":"Strength Potion"},{"floor":39,"key":"Poison Potion"},{"floor":44,"key":"LiquidBronze"},{"floor":45,"key":"SpeedPotion"}],"is_trial":false,"path_per_floor":["M","$","?","M","?","R","E","R","T","M","?","$","M","M","R","B",null,"M","$","?","?","?","R","M","R","T","R","M","$","M","?","R","B",null,"M","$","?","$","?","R","M","R","T","E","M","$","M","$","R","B",null],"character_chosen":"DEFECT","items_purchased":["Defragment","Metamorphosis","Leap","Conserve Battery","Defragment","Art of War","Coolheaded"],"campfire_rested":5,"item_purchase_floors":[2,12,19,29,38,46,46],"current_hp_per_floor":[74,74,67,65,58,58,41,41,41,43,43,43,41,38,60,40,75,75,75,75,75,75,75,75,75,75,75,68,68,57,55,75,32,75,51,51,42,42,49,71,43,65,65,18,26,26,16,16,38,15],"gold":21,"neow_bonus":"ONE_RANDOM_RARE_CARD","is_prod":false,"is_daily":false,"chose_seed":false,"campfire_upgraded":5,"win_rate":0,"timestamp":1549438092,"path_taken":["M","$","?","M","?","R","E","R","T","?","?","$","M","M","R","BOSS","M","$","?","?","?","R","M","R","T","R","?","$","M","?","R","BOSS","M","$","?","$","?","R","M","R","T","E","M","$","M","?","R","BOSS"],"build_version":"2019-01-23","purchased_purges":3,"victory":true,"max_hp_per_floor":[75,75,75,75,75,75,75,75,75,75,75,75,75,75,75,75,75,75,75,75,75,75,75,75,75,75,75,75,75,75,75,75,75,75,75,75,75,75,75,75,75,75,75,75,75,75,75,75,75,75],"card_choices":[{"not_picked":["Gash","Sunder"],"picked":"Cold Snap","floor":1},{"not_picked":["Force Field","Chaos"],"picked":"Beam Cell","floor":4},{"not_picked":["Tempest","All For One"],"picked":"Cold Snap","floor":7},{"not_picked":["Stack","Hologram"],"picked":"Coolheaded","floor":10},{"not_picked":["Turbo","Beam Cell","Compile Driver"],"picked":"SKIP","floor":13},{"not_picked":["Go for the Eyes","Conserve Battery"],"picked":"Static Discharge","floor":14},{"not_picked":["Biased Cognition","Rainbow"],"picked":"All For One","floor":16},{"not_picked":["Self Repair","Blizzard"],"picked":"Go for the Eyes","floor":18},{"not_picked":["Streamline","Sweeping Beam+1"],"picked":"Redo","floor":24},{"not_picked":["Tempest","Steam","Scrape"],"picked":"SKIP","floor":28},{"not_picked":["Ball Lightning","Compile Driver"],"picked":"Go for the Eyes+1","floor":30},{"not_picked":["Amplify","Multi-Cast"],"picked":"Buffer","floor":33},{"not_picked":["Static Discharge","Streamline+1"],"picked":"Capacitor","floor":35},{"not_picked":["Hologram","Compile Driver+1"],"picked":"Conserve Battery+1","floor":39},{"not_picked":["Conserve Battery","Creative AI"],"picked":"Leap+1","floor":41},{"not_picked":["Barrage","Defragment"],"picked":"Conserve Battery+1","floor":44},{"not_picked":["Double Energy+1","Beam Cell+1","Capacitor"],"picked":"SKIP","floor":45},{"not_picked":["Cold Snap","Redo"],"picked":"Defragment+1","floor":47}],"player_experience":198622,"relics_obtained":[{"floor":7,"key":"Bird Faced Urn"},{"floor":9,"key":"DataDisk"},{"floor":26,"key":"Shuriken"},{"floor":39,"key":"StoneCalendar"},{"floor":43,"key":"Emotion Chip"},{"floor":44,"key":"The Courier"}],"event_choices":[{"cards_removed":["Strike_B"],"damage_healed":0,"gold_gain":0,"player_choice":"Card Removal","damage_taken":7,"max_hp_gain":0,"max_hp_loss":0,"event_name":"Golden Wing","floor":3,"gold_loss":0},{"damage_healed":0,"gold_gain":75,"player_choice":"Touch","damage_taken":7,"max_hp_gain":0,"max_hp_loss":0,"event_name":"FaceTrader","floor":5,"gold_loss":0},{"damage_healed":0,"gold_gain":0,"player_choice":"Bought 0 Potions","damage_taken":0,"max_hp_gain":0,"max_hp_loss":0,"event_name":"The Woman in Blue","floor":11,"gold_loss":0},{"damage_healed":0,"gold_gain":99,"player_choice":"Stole From Cult","damage_taken":0,"max_hp_gain":0,"max_hp_loss":0,"event_name":"Nest","floor":20,"gold_loss":0},{"damage_healed":0,"gold_gain":0,"player_choice":"Read","damage_taken":0,"max_hp_gain":0,"max_hp_loss":0,"event_name":"The Library","floor":21,"gold_loss":0,"cards_obtained":["BootSequence"]},{"damage_healed":0,"gold_gain":0,"player_choice":"Fought Bandits","damage_taken":0,"max_hp_gain":0,"max_hp_loss":0,"event_name":"Masked Bandits","floor":22,"gold_loss":0},{"damage_healed":0,"gold_gain":0,"player_choice":"Fight","damage_taken":0,"max_hp_gain":0,"max_hp_loss":0,"event_name":"Colosseum","floor":31,"gold_loss":0},{"damage_healed":0,"gold_gain":0,"player_choice":"Fled From Nobs","damage_taken":0,"max_hp_gain":0,"max_hp_loss":0,"event_name":"Colosseum","floor":31,"gold_loss":0},{"damage_healed":0,"gold_gain":0,"player_choice":"Embrace Madness","damage_taken":9,"max_hp_gain":0,"max_hp_loss":0,"event_name":"Winding Halls","floor":37,"gold_loss":0,"cards_obtained":["Madness","Madness"]},{"damage_healed":0,"gold_gain":0,"player_choice":"Fight","damage_taken":0,"max_hp_gain":0,"max_hp_loss":0,"event_name":"MindBloom","floor":39,"gold_loss":0}],"is_beta":false,"boss_relics":[{"not_picked":["Inserter","Busted Crown"],"picked":"Nuclear Battery"},{"not_picked":["Lizard Tail","Coffee Dripper"],"picked":"FrozenCore"}],"items_purged_floors":[19,29,36],"is_endless":false,"potions_floor_spawned":[4,10,14,18,22,24,39,44,45],"ascension_level":3}