{"gold_per_floor":[131,154,180,23,23,23,41,41,41,79,100,11,52,73,73,172,172,191,211,211],"floor_reached":20,"playtime":1128,"items_purged":[],"score":353,"play_id":"87684ce2-d970-45ae-a0d9-b72dbacab881","local_time":"20190103012933","is_ascension_mode":true,"campfire_choices":[{"data":"Go for the Eyes","floor":6,"key":"SMITH"},{"floor":8,"key":"REST"},{"floor":15,"key":"REST"}],"neow_cost":"NONE","seed_source_timestamp":90787747924340,"circlet_count":0,"master_deck":["AscendersBane","Strike_B","Defend_B","Defend_B","Defend_B","Defend_B","Zap","Dualcast","Go for the Eyes+1","Glacier","Conserve Battery","Injury","Gash","Conserve Battery","Doom and Gloom","Ball Lightning","Chaos","All For One","Force Field+1","Reinforced Body+1","All For One+1","Streamline","Turbo"],"relics":["Cracked Core","MawBank","Anchor","Golden Idol","Pear","Gremlin Horn","Unceasing Top","Astrolabe"],"potions_floor_usage":[10,13,13],"damage_taken":[{"damage":7,"enemies":"Cultist","floor":1,"turns":4},{"damage":9,"enemies":"Jaw Worm","floor":2,"turns":3},{"damage":1,"enemies":"2 Louse","floor":3,"turns":3},{"damage":0,"enemies":"Looter","floor":7,"turns":4},{"damage":53,"enemies":"Gremlin Nob","floor":10,"turns":7},{"damage":12,"enemies":"Gremlin Gang","floor":11,"turns":4},{"damage":10,"enemies":"3 Sentries","floor":13,"turns":7},{"damage":2,"enemies":"Exordium Wildlife","floor":14,"turns":6},{"damage":9,"enemies":"Hexaghost","floor":16,"turns":13},{"damage":46,"enemies":"3 Byrds","floor":18,"turns":5},{"damage":3,"enemies":"Spheric Guardian","floor":19,"turns":6},{"damage":19,"enemies":"Snake Plant","floor":20,"turns":2}],"seed_played":"1699022082436924054","potions_obtained":[{"floor":3,"key":"LiquidBronze"},{"floor":7,"key":"PowerPotion"},{"floor":11,"key":"FearPotion"}],"is_trial":false,"path_per_floor":["M","M","M","$","?","R","M","R","T","E","M","$","E","M","R","B",null,"M","M","M"],"character_chosen":"DEFECT","items_purchased":["Anchor","Doom and Gloom"],"campfire_rested":2,"item_purchase_floors":[4,12],"current_hp_per_floor":[57,48,47,47,47,47,47,68,78,25,13,13,3,1,25,16,65,19,16,0],"gold":211,"neow_bonus":"RANDOM_COMMON_RELIC","is_prod":false,"is_daily":false,"chose_seed":false,"campfire_upgraded":1,"win_rate":0,"timestamp":1546496973,"path_taken":["M","M","M","$","?","R","M","R","T","E","M","$","E","M","R","BOSS","M","M","M"],"build_version":"2018-12-20","purchased_purges":0,"victory":false,"max_hp_per_floor":[71,71,71,71,71,71,71,71,81,81,81,81,81,81,81,81,81,81,81,81],"card_choices":[{"not_picked":["Heatsinks","Leap"],"picked":"Go for the Eyes","floor":1},{"not_picked":["Streamline","Capacitor"],"picked":"Glacier","floor":2},{"not_picked":["Consume","Hello World"],"picked":"Conserve Battery","floor":3},{"not_picked":["Coolheaded","Cold Snap"],"picked":"Gash","floor":7},{"not_picked":["Lockon","Double Energy","Turbo"],"picked":"SKIP","floor":10},{"not_picked":["Stack","Doom and Gloom"],"picked":"Conserve Battery","floor":11},{"not_picked":["Sweeping Beam","Stack"],"picked":"Ball Lightning","floor":13},{"not_picked":["Fission","Barrage"],"picked":"Chaos","floor":14},{"not_picked":["Fission","Meteor Strike"],"picked":"All For One","floor":16},{"not_picked":["Scrape","Hologram"],"picked":"Streamline","floor":18},{"not_picked":["Compile Driver","Leap+1"],"picked":"Turbo","floor":19}],"player_experience":912217,"relics_obtained":[{"floor":9,"key":"Pear"},{"floor":10,"key":"Gremlin Horn"},{"floor":13,"key":"Unceasing Top"}],"event_choices":[{"damage_healed":0,"gold_gain":0,"player_choice":"Take Wound","damage_taken":0,"relics_obtained":["Golden Idol"],"max_hp_gain":0,"max_hp_loss":0,"event_name":"Golden Idol","floor":5,"gold_loss":0,"cards_obtained":["Injury"]}],"is_beta":false,"boss_relics":[{"not_picked":["Coffee Dripper","Velvet Choker"],"picked":"Astrolabe"}],"items_purged_floors":[],"is_endless":false,"potions_floor_spawned":[3,7,11],"killed_by":"Snake Plant","ascension_level":18}