{"gold_per_floor":[117,117,130,141,153,178,178,178,202,221,235,250,250,265,265,362,362,380,364,380,380],"floor_reached":21,"playtime":2570,"items_purged":[],"score":187,"play_id":"71242f6c-fb7d-42dc-abeb-228e54e291e2","local_time":"20181022203539","is_ascension_mode":false,"campfire_choices":[{"data":"Chaos","floor":7,"key":"SMITH"},{"floor":13,"key":"REST"},{"data":"Reprogram","floor":15,"key":"SMITH"}],"neow_cost":"NONE","seed_source_timestamp":938156823915893,"circlet_count":0,"master_deck":["Strike_B","Strike_B","Strike_B","Defend_B","Defend_B","Defend_B","Defend_B","Zap+1","Dualcast","Redo","Chaos+1","Darkness","Gash+1","Skim","Rebound","Reprogram+1","Beam Cell","Buffer","Coolheaded","Double Energy+1"],"relics":["Cracked Core","Strawberry","Pen Nib","Black Star"],"potions_floor_usage":[6,18,20],"damage_taken":[{"damage":0,"enemies":"Small Slimes","floor":1,"turns":3},{"damage":2,"enemies":"2 Louse","floor":3,"turns":2},{"damage":6,"enemies":"Jaw Worm","floor":4,"turns":3},{"damage":7,"enemies":"Exordium Wildlife","floor":5,"turns":4},{"damage":21,"enemies":"Lagavulin","floor":6,"turns":5},{"damage":11,"enemies":"2 Fungi Beasts","floor":10,"turns":3},{"damage":4,"enemies":"Blue Slaver","floor":11,"turns":3},{"damage":0,"enemies":"Exordium Wildlife","floor":12,"turns":3},{"damage":1,"enemies":"Large Slime","floor":14,"turns":4},{"damage":14,"enemies":"Slime Boss","floor":16,"turns":8},{"damage":29,"enemies":"Shell Parasite","floor":18,"turns":7},{"damage":25,"enemies":"2 Thieves","floor":19,"turns":4},{"damage":27,"enemies":"Centurion and Healer","floor":20,"turns":7},{"damage":16,"enemies":"Chosen and Byrds","floor":21,"turns":4}],"seed_played":"3062407603885045756","potions_obtained":[{"floor":5,"key":"AttackPotion"},{"floor":6,"key":"LiquidBronze"},{"floor":11,"key":"SkillPotion"},{"floor":14,"key":"Swift Potion"},{"floor":16,"key":"Regen Potion"},{"floor":20,"key":"SpeedPotion"}],"is_trial":false,"path_per_floor":["M","?","M","M","M","E","R","?","T","M","M","M","R","M","R","B",null,"M","M","M"],"character_chosen":"DEFECT","items_purchased":[],"campfire_rested":1,"item_purchase_floors":[],"current_hp_per_floor":[75,68,66,60,53,39,39,23,23,12,8,8,32,31,31,17,82,67,42,15,0],"gold":380,"neow_bonus":"THREE_CARDS","is_prod":false,"is_daily":false,"chose_seed":false,"campfire_upgraded":2,"win_rate":0.0,"timestamp":1540254939,"path_taken":["M","?","M","M","M","E","R","?","T","M","?","M","R","M","R","BOSS","M","M","M","M"],"build_version":"2018-10-18","purchased_purges":0,"victory":false,"max_hp_per_floor":[75,75,75,75,75,82,82,82,82,82,82,82,82,82,82,82,82,82,82,82,82],"card_choices":[{"not_picked":["Compile Driver","Sweeping Beam"],"picked":"Redo","floor":1},{"not_picked":["Streamline","Force Field"],"picked":"Chaos","floor":3},{"not_picked":["Seek","Streamline"],"picked":"Darkness","floor":4},{"not_picked":["Redo","Cold Snap"],"picked":"Gash","floor":5},{"not_picked":["Hello World","Force Field"],"picked":"Skim","floor":6},{"not_picked":["Redo","Steam"],"picked":"Rebound","floor":10},{"not_picked":["Sweeping Beam","Reinforced Body","Cold Snap"],"picked":"SKIP","floor":11},{"not_picked":["Coolheaded","Rip and Tear"],"picked":"Reprogram","floor":12},{"not_picked":["Steam","Fusion"],"picked":"Beam Cell","floor":14},{"not_picked":["Creative AI","Thunder Strike"],"picked":"Buffer","floor":16},{"not_picked":["Steam","Storm","Sweeping Beam"],"picked":"SKIP","floor":18},{"not_picked":["Fusion","Barrage"],"picked":"Coolheaded","floor":19},{"not_picked":["Stack","Coolheaded"],"picked":"Double Energy+1","floor":20}],"player_experience":21794,"relics_obtained":[{"floor":6,"key":"Strawberry"},{"floor":9,"key":"Pen Nib"}],"event_choices":[{"cards_removed":["Strike_B"],"damage_healed":0,"gold_gain":0,"player_choice":"Card Removal","damage_taken":7,"max_hp_gain":0,"max_hp_loss":0,"event_name":"Golden Wing","floor":2,"gold_loss":0},{"damage_healed":0,"gold_gain":0,"player_choice":"Entered Light","damage_taken":16,"max_hp_gain":0,"max_hp_loss":0,"event_name":"Shining Light","floor":8,"gold_loss":0,"cards_upgraded":["Zap","Gash"]}],"is_beta":false,"boss_relics":[{"not_picked":["Cursed Key","Ectoplasm"],"picked":"Black Star"}],"items_purged_floors":[],"is_endless":false,"potions_floor_spawned":[5,6,11,14,16,20],"killed_by":"Chosen and Byrds","ascension_level":0}