{"gold_per_floor":[109,109,184,240,291,291,319,319,343,343,357,387,400,414,414,519,519,536,555,39,57,57,57,88,88,88,122,139,139,139,153,153,254,254,272,282,282,299,299,299,310,324,324,357,17,46,65,78,78,78],"floor_reached":51,"playtime":2664,"items_purged":[],"score":1273,"play_id":"23d99188-3949-42c2-8a22-fa2a4ed92b5d","local_time":"20181202234909","is_ascension_mode":true,"campfire_choices":[{"data":"Zap","floor":6.0,"key":"SMITH"},{"data":"Self Repair","floor":8.0,"key":"SMITH"},{"data":"Beam Cell","floor":10.0,"key":"SMITH"},{"floor":15.0,"key":"REST"},{"data":"Defragment","floor":23.0,"key":"SMITH"},{"data":"Biased Cognition","floor":25.0,"key":"SMITH"},{"data":"Glacier","floor":32.0,"key":"SMITH"},{"data":"Go for the Eyes","floor":40,"key":"SMITH"},{"data":"White Noise","floor":49,"key":"SMITH"}],"neow_cost":"NONE","seed_source_timestamp":0,"circlet_count":0,"master_deck":["AscendersBane","Strike_B+1","Strike_B","Strike_B","Defend_B","Defend_B","Defend_B","Defend_B+1","Zap+1","Dualcast","Beam Cell+1","Self Repair+1","Streamline","Defragment+1","Coolheaded","Glacier+1","Biased Cognition+1","Tempest","Go for the Eyes+1","Electrodynamics+1","Coolheaded","Sunder","Leap+1","Core Surge+1","Capacitor+1","Go for the Eyes+1","Creative AI+1","Ball Lightning+1","Cold Snap+1","Tempest+1","Fusion+1","White Noise+1","Beam Cell+1","Leap+1","Go for the Eyes+1"],"special_seed":0,"relics":["Cracked Core","NeowsBlessing","Tiny Chest","PreservedInsect","Orichalcum","Happy Flower","Mummified Hand","Runic Pyramid","Frozen Egg 2","DataDisk","Molten Egg 2","Cables","Bag of Preparation","Sozu","Nunchaku","Lantern","Mango","Smiling Mask"],"potions_floor_usage":[50,50],"damage_taken":[{"damage":0.0,"enemies":"2 Louse","floor":1.0,"turns":1.0},{"damage":0.0,"enemies":"3 Sentries","floor":7.0,"turns":1.0},{"damage":0.0,"enemies":"Small Slimes","floor":11.0,"turns":1.0},{"damage":26.0,"enemies":"Lagavulin","floor":12.0,"turns":4.0},{"damage":2.0,"enemies":"Jaw Worm","floor":13.0,"turns":3.0},{"damage":10.0,"enemies":"Large Slime","floor":14.0,"turns":2.0},{"damage":12.0,"enemies":"Hexaghost","floor":16.0,"turns":12.0},{"damage":0.0,"enemies":"Spheric Guardian","floor":18.0,"turns":5.0},{"damage":7.0,"enemies":"Chosen","floor":19.0,"turns":3.0},{"damage":19.0,"enemies":"Snake Plant","floor":21.0,"turns":4.0},{"damage":7.0,"enemies":"Colosseum Slavers","floor":22.0,"turns":4.0},{"damage":18.0,"enemies":"Book of Stabbing","floor":24.0,"turns":4.0},{"damage":23.0,"enemies":"Slavers","floor":27.0,"turns":4.0},{"damage":1.0,"enemies":"Shelled Parasite and Fungi","floor":28.0,"turns":5.0},{"damage":0.0,"enemies":"3 Cultists","floor":31.0,"turns":2.0},{"damage":9.0,"enemies":"Automaton","floor":33.0,"turns":6.0},{"damage":0.0,"enemies":"3 Shapes","floor":35.0,"turns":4.0},{"damage":18.0,"enemies":"3 Darklings","floor":36.0,"turns":4.0},{"damage":8,"enemies":"Spire Growth","floor":38,"turns":4},{"damage":5,"enemies":"Writhing Mass","floor":41,"turns":6},{"damage":2,"enemies":"4 Shapes","floor":42,"turns":4},{"damage":0,"enemies":"Giant Head","floor":44,"turns":5},{"damage":0,"enemies":"Nemesis","floor":46,"turns":3},{"damage":32,"enemies":"Spire Growth","floor":47,"turns":5},{"damage":0,"enemies":"Sphere and 2 Shapes","floor":48,"turns":3},{"damage":7,"enemies":"Donu and Deca","floor":50,"turns":7}],"seed_played":"-2241385262993544453","potions_obtained":[{"floor":7.0,"key":"FearPotion"},{"floor":12.0,"key":"Weak Potion"},{"floor":13.0,"key":"Explosive Potion"},{"floor":16.0,"key":"SpeedPotion"},{"floor":21.0,"key":"FocusPotion"},{"floor":24.0,"key":"FocusPotion"},{"floor":33.0,"key":"Ancient Potion"}],"is_trial":false,"path_per_floor":["M","?","?","T","T","R","E","R","T","R","M","E","M","M","R","B",null,"M","M","$","M","?","R","E","R","T","E","M","?","?","M","R","B",null,"M","M","?","M","?","R","M","M","T","E","$","E","M","M","R","B",null],"character_chosen":"DEFECT","items_purchased":["Frozen Egg 2","DataDisk","Electrodynamics+1","Coolheaded","Mango","White Noise"],"campfire_rested":1,"item_purchase_floors":[20,20,20,20,45,45],"current_hp_per_floor":[68,53,42,42,42,42,42,42,42,42,42,26,34,24,46,44,67,75,75,75,66,69,69,61,61,61,48,57,57,43,53,53,54,74,80,62,62,54,46,46,51,59,59,69,83,93,71,81,81,84],"gold":78,"neow_bonus":"THREE_ENEMY_KILL","is_prod":false,"is_daily":false,"chose_seed":false,"campfire_upgraded":8,"win_rate":0,"timestamp":1543812549,"path_taken":["M","?","?","?","?","R","E","R","T","R","M","E","M","M","R","BOSS","M","M","$","M","?","R","E","R","T","E","M","?","?","?","R","BOSS","M","M","?","M","?","R","M","M","T","E","$","E","M","?","R","BOSS"],"build_version":"2018-11-15","purchased_purges":0,"victory":true,"max_hp_per_floor":[75,75,75,75,75,75,75,75,75,75,75,75,75,75,75,75,75,75,75,75,75,75,75,75,75,75,75,75,75,80,80,80,80,80,80,80,80,80,80,80,80,80,80,80,94,94,94,94,94,94],"card_choices":[{"not_picked":["Steam","Force Field"],"picked":"Beam Cell","floor":1.0},{"not_picked":["Steam Power","Consume"],"picked":"Self Repair","floor":7.0},{"not_picked":["Conserve Battery","Steam Power"],"picked":"Streamline","floor":11.0},{"not_picked":["Loop","Stack"],"picked":"Defragment","floor":12.0},{"not_picked":["Redo","Ball Lightning"],"picked":"Coolheaded","floor":13.0},{"not_picked":["Stack","Doom and Gloom"],"picked":"Glacier","floor":14.0},{"not_picked":["Meteor Strike","Buffer"],"picked":"Biased Cognition","floor":16.0},{"not_picked":["Steam","Streamline"],"picked":"Tempest","floor":18.0},{"not_picked":["Barrage+1","Coolheaded"],"picked":"Go for the Eyes","floor":19.0},{"not_picked":["Gash","Consume"],"picked":"Sunder","floor":21.0},{"not_picked":["Recycle+1","Genetic Algorithm"],"picked":"Leap+1","floor":24.0},{"not_picked":["Go for the Eyes+1","Turbo"],"picked":"Core Surge+1","floor":27.0},{"not_picked":["Redo","Beam Cell+1","Coolheaded"],"picked":"SKIP","floor":28.0},{"not_picked":["Steam","Ball Lightning+1"],"picked":"Go for the Eyes+1","floor":31.0},{"not_picked":["Biased Cognition+1","Machine Learning+1"],"picked":"Creative AI+1","floor":33.0},{"not_picked":["Lockon+1","Go for the Eyes+1"],"picked":"Ball Lightning+1","floor":35.0},{"not_picked":["Steam+1","Conserve Battery+1"],"picked":"Cold Snap+1","floor":36.0},{"not_picked":["Tempest","Streamline+1","Melter+1"],"picked":"SKIP","floor":38},{"not_picked":["Ball Lightning+1","Stack","Gash+1"],"picked":"SKIP","floor":41},{"not_picked":["Turbo","Rebound+1"],"picked":"Tempest+1","floor":42},{"not_picked":["Redo","Amplify"],"picked":"Fusion+1","floor":44},{"not_picked":["Rebound+1","Conserve Battery"],"picked":"Beam Cell+1","floor":46},{"not_picked":["Ball Lightning+1","Hello World+1"],"picked":"Leap+1","floor":47},{"not_picked":["Sweeping Beam+1","Coolheaded"],"picked":"Go for the Eyes+1","floor":48}],"player_experience":655268,"relics_obtained":[{"floor":4.0,"key":"Tiny Chest"},{"floor":5.0,"key":"PreservedInsect"},{"floor":7.0,"key":"Orichalcum"},{"floor":9.0,"key":"Happy Flower"},{"floor":12.0,"key":"Mummified Hand"},{"floor":24.0,"key":"Molten Egg 2"},{"floor":26.0,"key":"Cables"},{"floor":27.0,"key":"Bag of Preparation"},{"floor":43,"key":"Nunchaku"},{"floor":44,"key":"Lantern"},{"floor":46,"key":"Smiling Mask"}],"event_choices":[{"damage_healed":0.0,"max_hp_gain":0.0,"max_hp_loss":0.0,"gold_gain":0.0,"event_name":"Shining Light","player_choice":"Entered Light","floor":2.0,"gold_loss":0.0,"damage_taken":15.0,"cards_upgraded":["Strike_B","Defend_B"]},{"damage_healed":0.0,"max_hp_gain":0.0,"max_hp_loss":0.0,"gold_gain":75.0,"event_name":"World of Goop","player_choice":"Gather Gold","floor":3.0,"gold_loss":0.0,"damage_taken":11.0},{"damage_healed":0.0,"max_hp_gain":0.0,"max_hp_loss":0.0,"gold_gain":0.0,"event_name":"Colosseum","player_choice":"Fight","floor":22.0,"gold_loss":0.0,"damage_taken":0.0},{"damage_healed":0.0,"max_hp_gain":0.0,"max_hp_loss":0.0,"gold_gain":0.0,"event_name":"Colosseum","player_choice":"Fled From Nobs","floor":22.0,"gold_loss":0.0,"damage_taken":0.0},{"damage_healed":0.0,"max_hp_gain":0.0,"max_hp_loss":0.0,"gold_gain":0.0,"event_name":"The Library","player_choice":"Read","floor":29.0,"gold_loss":0.0,"damage_taken":0.0,"cards_obtained":["Capacitor"]},{"damage_healed":0.0,"max_hp_gain":5.0,"max_hp_loss":0.0,"gold_gain":0.0,"event_name":"Forgotten Altar","player_choice":"Shed Blood","floor":30.0,"gold_loss":0.0,"damage_taken":19.0},{"cards_removed":["Strike_B"],"damage_healed":0,"gold_gain":0,"player_choice":"Removed Attack","damage_taken":0,"max_hp_gain":0,"max_hp_loss":0,"event_name":"Falling","floor":37,"gold_loss":0},{"damage_healed":0,"gold_gain":0,"player_choice":"Damaged","damage_taken":8,"max_hp_gain":0,"max_hp_loss":0,"event_name":"Wheel of Change","floor":39,"gold_loss":0}],"is_beta":false,"boss_relics":[{"not_picked":["White Beast Statue","Tiny House"],"picked":"Runic Pyramid"},{"not_picked":["Inserter","Astrolabe"],"picked":"Sozu"}],"items_purged_floors":[],"is_endless":false,"potions_floor_spawned":[7,12,13,16,21,22,24,33,35,36,41,47],"ascension_level":10}