{"gold_per_floor":[116,116,142,166,178,190,215,227,263,275,297,324,368,4,4,103,103,113,37,67,29,44,44,44,44,69,69,88,105,120,140,140,244,244,258,258,55,55],"floor_reached":38,"playtime":2071,"items_purged":["Strike_R","Writhe"],"score":421,"play_id":"32b65d62-30c5-4c1a-b394-f10b68684545","local_time":"20190112233031","is_ascension_mode":true,"campfire_choices":[{"data":"Uppercut","floor":6,"key":"SMITH"},{"data":"Bash","floor":8,"key":"SMITH"},{"data":"Inflame","floor":15,"key":"SMITH"},{"data":"Heavy Blade","floor":23,"key":"SMITH"},{"data":"Armaments","floor":25,"key":"SMITH"},{"data":"Limit Break","floor":32,"key":"SMITH"}],"neow_cost":"NONE","seed_source_timestamp":48581427294000,"circlet_count":0,"master_deck":["Strike_R","Strike_R","Defend_R","Defend_R","Defend_R","Defend_R","Bash+1","Brutality","Body Slam","Flex","Uppercut+1","Twin Strike","Flame Barrier","Uppercut","Inflame+1","Ghostly Armor","Shrug It Off","Reaper","Iron Wave+1","Heavy Blade+1","Shrug It Off","Armaments+1","Seeing Red+1","Heavy Blade","Limit Break+1","Barricade","Body Slam","Inflame","Inflame"],"relics":["Burning Blood","MawBank","Orichalcum","The Courier","Pantograph","Brimstone","Sozu","Tiny Chest","Paper Frog","Blood Vial","Empty Cage","Bottled Lightning"],"potions_floor_usage":[11,12,18],"damage_taken":[{"damage":16,"enemies":"Cultist","floor":1,"turns":5},{"damage":12,"enemies":"Jaw Worm","floor":3,"turns":2},{"damage":2,"enemies":"2 Louse","floor":4,"turns":3},{"damage":12,"enemies":"Blue Slaver","floor":7,"turns":3},{"damage":13,"enemies":"Large Slime","floor":11,"turns":5},{"damage":23,"enemies":"Exordium Wildlife","floor":12,"turns":5},{"damage":12,"enemies":"Gremlin Nob","floor":13,"turns":4},{"damage":49,"enemies":"The Guardian","floor":16,"turns":7},{"damage":7,"enemies":"Spheric Guardian","floor":18,"turns":3},{"damage":0,"enemies":"Chosen","floor":22,"turns":3},{"damage":13,"enemies":"Snake Plant","floor":28,"turns":3},{"damage":1,"enemies":"Snecko","floor":29,"turns":3},{"damage":1,"enemies":"Cultist and Chosen","floor":30,"turns":3},{"damage":13,"enemies":"3 Cultists","floor":31,"turns":4},{"damage":28,"enemies":"Automaton","floor":33,"turns":6},{"damage":16,"enemies":"Orb Walker","floor":35,"turns":3},{"damage":108,"enemies":"2 Orb Walkers","floor":38,"turns":4}],"seed_played":"8941691595291340655","potions_obtained":[{"floor":4,"key":"Ancient Potion"},{"floor":7,"key":"SteroidPotion"},{"floor":11,"key":"BloodPotion"},{"floor":16,"key":"Energy Potion"}],"is_trial":false,"path_per_floor":["M","?","M","M","?","R","M","R","T","?","M","M","E","$","R","B",null,"M","$","?","$","M","R","T","R","T","?","M","M","M","M","R","B",null,"M","T","$","?"],"character_chosen":"IRONCLAD","items_purchased":["Inflame","Brimstone","Ghostly Armor","Shrug It Off","Heavy Blade","Shrug It Off","Armaments","Inflame","Inflame"],"campfire_rested":0,"item_purchase_floors":[14,14,14,14,19,19,21,37,37],"current_hp_per_floor":[70,58,52,56,80,80,74,74,74,74,67,58,52,52,52,34,80,79,79,79,79,80,80,80,80,80,65,60,81,85,78,78,85,85,75,75,75,0],"gold":55,"neow_bonus":"ONE_RANDOM_RARE_CARD","is_prod":false,"is_daily":false,"chose_seed":false,"campfire_upgraded":6,"win_rate":0,"timestamp":1547307031,"path_taken":["M","?","M","M","?","R","?","R","T","?","M","?","E","$","R","BOSS","M","$","?","$","M","R","?","R","T","?","M","M","?","M","R","BOSS","M","?","$","?"],"build_version":"2019-01-10","purchased_purges":2,"victory":false,"max_hp_per_floor":[80,80,80,80,80,80,80,80,80,80,80,80,80,80,80,80,80,80,80,80,80,80,80,80,80,80,85,85,85,85,85,85,85,85,85,85,85,85],"card_choices":[{"not_picked":["Perfected Strike","Feel No Pain"],"picked":"Body Slam","floor":1},{"not_picked":["Clash","Power Through"],"picked":"Flex","floor":3},{"not_picked":["Sword Boomerang","Flex"],"picked":"Uppercut","floor":4},{"not_picked":["Anger","Power Through"],"picked":"Twin Strike","floor":7},{"not_picked":["Anger","Twin Strike"],"picked":"Flame Barrier","floor":12},{"not_picked":["Clothesline","Wild Strike"],"picked":"Uppercut","floor":13},{"not_picked":["Impervious","Feed"],"picked":"Reaper","floor":16},{"not_picked":["Warcry","Pommel Strike"],"picked":"Iron Wave+1","floor":18},{"not_picked":["Rampage","Sword Boomerang+1","Reckless Charge"],"picked":"SKIP","floor":22},{"not_picked":["Armaments+1","Anger"],"picked":"Seeing Red+1","floor":28},{"not_picked":["Blood for Blood","Second Wind"],"picked":"Heavy Blade","floor":29},{"not_picked":["Clothesline","Burning Pact"],"picked":"Limit Break","floor":30},{"not_picked":["Shrug It Off","Wild Strike","Armaments+1"],"picked":"SKIP","floor":31},{"not_picked":["Fiend Fire","Impervious"],"picked":"Barricade","floor":33},{"not_picked":["Power Through","Rupture"],"picked":"Body Slam","floor":35}],"player_experience":218442,"relics_obtained":[{"floor":9,"key":"Orichalcum"},{"floor":13,"key":"Pantograph"},{"floor":24,"key":"Paper Frog"},{"floor":26,"key":"Blood Vial"},{"floor":36,"key":"Bottled Lightning"}],"event_choices":[{"damage_healed":0,"gold_gain":0,"player_choice":"Success","damage_taken":12,"relics_obtained":["MawBank"],"max_hp_gain":0,"max_hp_loss":0,"event_name":"Scrap Ooze","floor":2,"gold_loss":0},{"damage_healed":24,"gold_gain":0,"player_choice":"Full Heal","damage_taken":0,"max_hp_gain":0,"max_hp_loss":0,"event_name":"Wheel of Change","floor":5,"gold_loss":0},{"damage_healed":0,"gold_gain":0,"player_choice":"Gave Potion","damage_taken":0,"relics_obtained":["The Courier"],"max_hp_gain":0,"max_hp_loss":0,"event_name":"WeMeetAgain","floor":10,"gold_loss":0},{"damage_healed":0,"gold_gain":0,"player_choice":"Opened","damage_taken":0,"relics_obtained":["Tiny Chest"],"max_hp_gain":0,"max_hp_loss":0,"event_name":"The Mausoleum","floor":20,"gold_loss":0,"cards_obtained":["Writhe"]},{"damage_healed":0,"gold_gain":0,"player_choice":"Shed Blood","damage_taken":20,"max_hp_gain":5,"max_hp_loss":0,"event_name":"Forgotten Altar","floor":27,"gold_loss":0},{"damage_healed":0,"gold_gain":0,"player_choice":"Fight","damage_taken":0,"max_hp_gain":0,"max_hp_loss":0,"event_name":"Mysterious Sphere","floor":38,"gold_loss":0}],"is_beta":false,"boss_relics":[{"not_picked":["Black Blood","Ectoplasm"],"picked":"Sozu"},{"not_picked":["Fusion Hammer","Tiny House"],"picked":"Empty Cage"}],"items_purged_floors":[14,37],"is_endless":false,"potions_floor_spawned":[4,7,11,16,18,30,31],"killed_by":"2 Orb Walkers","ascension_level":1}