{"gold_per_floor":[214,2,17,17,32,43,43,102,102,122,133,133,133,133,133,232,232,247,75,175,175,187,216,216,216,216,228,228,258,183,198,198,198],"floor_reached":33,"playtime":2697,"items_purged":["Strike_R","Strike_R"],"score":275,"play_id":"3f7bd602-c29a-42fb-b23b-7069d6d834cc","local_time":"20181019162518","is_ascension_mode":false,"campfire_choices":[{"data":"Dramatic Entrance","floor":7,"key":"SMITH"},{"data":"Body Slam","floor":12,"key":"SMITH"},{"data":"Rampage","floor":15,"key":"SMITH"},{"floor":24,"key":"REST"},{"floor":28,"key":"REST"},{"data":"True Grit","floor":32,"key":"SMITH"}],"neow_cost":"NONE","seed_source_timestamp":20581052761900,"circlet_count":0,"master_deck":["Defend_R+1","Defend_R","Defend_R","Defend_R","Bash+1","Rampage+1","Body Slam+1","Dramatic Entrance+1","Shrug It Off","Anger","Disarm","Shrug It Off","Headbutt","Juggernaut","Battle Trance","Limit Break","Heavy Blade+1","Inflame","Feel No Pain+1","Body Slam","Body Slam+1","True Grit+1","Dark Embrace","Cleave","Clumsy","Headbutt"],"relics":["Burning Blood","Pear","Juzu Bracelet","Cursed Key","StoneCalendar","Matryoshka","Red Skull","Ornamental Fan","Frozen Egg 2","Kunai"],"potions_floor_usage":[8,16,16,20,20,33,33],"damage_taken":[{"damage":1,"enemies":"Small Slimes","floor":1,"turns":3},{"damage":10,"enemies":"Jaw Worm","floor":3,"turns":4},{"damage":0,"enemies":"Cultist","floor":5,"turns":3},{"damage":9,"enemies":"3 Louse","floor":6,"turns":3},{"damage":6,"enemies":"3 Sentries","floor":8,"turns":9},{"damage":20,"enemies":"Blue Slaver","floor":10,"turns":3},{"damage":8,"enemies":"2 Fungi Beasts","floor":11,"turns":3},{"damage":39,"enemies":"Slime Boss","floor":16,"turns":10},{"damage":10,"enemies":"Spheric Guardian","floor":18,"turns":3},{"damage":12,"enemies":"Colosseum Slavers","floor":20,"turns":5},{"damage":32,"enemies":"Colosseum Nobs","floor":20,"turns":5},{"damage":10,"enemies":"Chosen","floor":22,"turns":4},{"damage":45,"enemies":"Slavers","floor":23,"turns":6},{"damage":24,"enemies":"Centurion and Healer","floor":27,"turns":7},{"damage":20,"enemies":"Gremlin Leader","floor":29,"turns":4},{"damage":13,"enemies":"3 Cultists","floor":31,"turns":4},{"damage":50,"enemies":"Collector","floor":33,"turns":6}],"seed_played":"-7924619578183656968","potions_obtained":[{"floor":1,"key":"PowerPotion"},{"floor":3,"key":"Weak Potion"},{"floor":8,"key":"Fire Potion"},{"floor":16,"key":"Regen Potion"},{"floor":18,"key":"EssenceOfSteel"},{"floor":29,"key":"SteroidPotion"},{"floor":31,"key":"Energy Potion"}],"is_trial":false,"path_per_floor":["M","$","M","?","M","M","R","?","T","M","M","R","?","?","R","B",null,"M","$","?","?","M","E","R","?","T","M","R","E","?","M","R"],"character_chosen":"IRONCLAD","items_purchased":["Body Slam","Dramatic Entrance","Inflame"],"campfire_rested":2,"item_purchase_floors":[2,2,19],"current_hp_per_floor":[80,80,76,76,80,77,77,87,87,73,71,71,53,53,53,20,90,86,86,64,64,60,21,48,48,48,30,57,43,43,36,36,0],"gold":198,"neow_bonus":"HUNDRED_GOLD","is_prod":false,"is_daily":false,"chose_seed":false,"campfire_upgraded":4,"win_rate":0,"timestamp":1539937518,"path_taken":["M","$","M","?","M","M","R","?","T","M","M","R","?","?","R","BOSS","M","$","?","?","M","E","R","?","T","M","R","E","?","M","R","BOSS"],"build_version":"2018-10-18","purchased_purges":2,"victory":false,"max_hp_per_floor":[80,80,80,80,80,80,80,90,90,90,90,90,90,90,90,90,90,90,90,90,90,90,90,90,90,90,90,90,90,90,90,90,90],"card_choices":[{"not_picked":["Sentinel","Blood for Blood"],"picked":"Rampage","floor":1},{"not_picked":["Searing Blow","Bloodletting"],"picked":"Shrug It Off","floor":3},{"not_picked":["Wild Strike","Blood for Blood"],"picked":"Disarm","floor":5},{"not_picked":["Clothesline","Infernal Blade"],"picked":"Shrug It Off","floor":6},{"not_picked":["Iron Wave","Clothesline"],"picked":"Headbutt","floor":8},{"not_picked":["Feel No Pain","Second Wind"],"picked":"Juggernaut","floor":10},{"not_picked":["Wild Strike","Corruption"],"picked":"Battle Trance","floor":11},{"not_picked":["Reaper","Fiend Fire"],"picked":"Limit Break","floor":16},{"not_picked":["Clothesline","Hemokinesis+1"],"picked":"Heavy Blade+1","floor":18},{"not_picked":["Fire Breathing","Warcry"],"picked":"Feel No Pain+1","floor":20},{"not_picked":["Clash+1","Armaments"],"picked":"Body Slam+1","floor":22},{"not_picked":["Flex","Evolve"],"picked":"True Grit","floor":23},{"not_picked":["Twin Strike+1","Anger+1","Feel No Pain+1"],"picked":"SKIP","floor":27},{"not_picked":["Burning Pact+1","Limit Break"],"picked":"Headbutt","floor":29},{"not_picked":["Corruption+1","Sword Boomerang","Battle Trance+1"],"picked":"SKIP","floor":31}],"player_experience":42360,"relics_obtained":[{"floor":9,"key":"Juzu Bracelet"},{"floor":20,"key":"StoneCalendar"},{"floor":20,"key":"Matryoshka"},{"floor":23,"key":"Red Skull"},{"floor":26,"key":"Ornamental Fan"},{"floor":26,"key":"Frozen Egg 2"},{"floor":29,"key":"Kunai"}],"event_choices":[{"damage_healed":0,"gold_gain":0,"cards_transformed":["Strike_R"],"player_choice":"Change","damage_taken":0,"max_hp_gain":0,"max_hp_loss":0,"event_name":"Living Wall","floor":4,"gold_loss":0,"cards_obtained":["Anger"]},{"damage_healed":0,"gold_gain":0,"player_choice":"Searched \u00273\u0027 times","damage_taken":0,"relics_obtained":["Pear"],"max_hp_gain":0,"max_hp_loss":0,"event_name":"Dead Adventurer","floor":8,"gold_loss":0},{"damage_healed":0,"gold_gain":0,"player_choice":"Entered Light","damage_taken":18,"max_hp_gain":0,"max_hp_loss":0,"event_name":"Shining Light","floor":13,"gold_loss":0,"cards_upgraded":["Defend_R","Bash"]},{"damage_healed":0,"gold_gain":0,"player_choice":"Ignored","damage_taken":0,"max_hp_gain":0,"max_hp_loss":0,"event_name":"Liars Game","floor":14,"gold_loss":0},{"damage_healed":0,"gold_gain":0,"player_choice":"Fight","damage_taken":0,"max_hp_gain":0,"max_hp_loss":0,"event_name":"Colosseum","floor":20,"gold_loss":0},{"damage_healed":0,"gold_gain":0,"player_choice":"Fought Nobs","damage_taken":0,"max_hp_gain":0,"max_hp_loss":0,"event_name":"Colosseum","floor":20,"gold_loss":0},{"damage_healed":0,"gold_gain":0,"cards_transformed":["Strike_R"],"player_choice":"Transformed","damage_taken":0,"max_hp_gain":0,"max_hp_loss":0,"event_name":"Transmorgrifier","floor":21,"gold_loss":0,"cards_obtained":["Body Slam"]},{"damage_healed":0,"gold_gain":0,"player_choice":"2 cards matched","damage_taken":0,"max_hp_gain":0,"max_hp_loss":0,"event_name":"Match and Keep!","floor":25,"gold_loss":0,"cards_obtained":["Dark Embrace","Cleave"]},{"cards_removed":["Strike_R"],"damage_healed":0,"gold_gain":0,"player_choice":"Gave Gold","damage_taken":0,"max_hp_gain":0,"max_hp_loss":0,"event_name":"Beggar","floor":30,"gold_loss":75}],"is_beta":false,"boss_relics":[{"not_picked":["Black Star","Coffee Dripper"],"picked":"Cursed Key"}],"items_purged_floors":[2,19],"is_endless":false,"potions_floor_spawned":[1,3,8,16,18,20,29,31],"killed_by":"Collector","ascension_level":0}