{"gold_per_floor":[109,124,143,143,93,93,108,127,127,127,127,127,151,172,172,297,297,283,283,297,318,343,343,361,361,361,361,361,361,361,34,34,157,157,171,195,219,35,368,368,381,381,404,417,73,73,73,84,84,84],"floor_reached":51,"playtime":4060,"items_purged":["Melter","Consume"],"score":614,"play_id":"6292085e-e30d-4ff8-a131-c3c20a526721","local_time":"20190205170844","is_ascension_mode":false,"campfire_choices":[{"floor":6,"key":"RECALL"},{"data":"Conserve Battery","floor":10,"key":"SMITH"},{"floor":12,"key":"REST"},{"data":"Blizzard","floor":15,"key":"SMITH"},{"floor":23,"key":"REST"},{"data":"Echo Form","floor":25,"key":"SMITH"},{"data":"Self Repair","floor":27,"key":"SMITH"},{"data":"Redo","floor":29,"key":"SMITH"},{"data":"Redo","floor":32,"key":"SMITH"},{"data":"Discovery","floor":40,"key":"SMITH"},{"data":"Machine Learning","floor":49,"key":"SMITH"}],"neow_cost":"NONE","seed_source_timestamp":357999810258648,"circlet_count":0,"master_deck":["Dualcast","Conserve Battery+1","Doom and Gloom","Coolheaded","Coolheaded","Blizzard+1","Glacier","White Noise","Machine Learning+1","Redo+1","Ball Lightning","Auto Shields","Multi-Cast","Self Repair+1","Echo Form+1","Turbo+1","Ball Lightning+1","Turbo+1","Steam+1","Redo+1","Amplify","Sunder","Redo+1","Discovery+1","Doubt","Coolheaded"],"relics":["FrozenCore","Pandora\u0027s Box","Bottled Flame","Darkstone Periapt","Toolbox","Happy Flower","Vajra","StoneCalendar","Bottled Tornado"],"potions_floor_usage":[16,16,33,33,44,44,50,50,50],"damage_taken":[{"damage":0,"enemies":"Cultist","floor":1,"turns":3},{"damage":2,"enemies":"Small Slimes","floor":2,"turns":3},{"damage":1,"enemies":"2 Louse","floor":3,"turns":2},{"damage":16,"enemies":"Exordium Wildlife","floor":7,"turns":3},{"damage":12,"enemies":"3 Louse","floor":8,"turns":2},{"damage":0,"enemies":"2 Fungi Beasts","floor":13,"turns":3},{"damage":1,"enemies":"Blue Slaver","floor":14,"turns":4},{"damage":24,"enemies":"Hexaghost","floor":16,"turns":12},{"damage":28,"enemies":"2 Thieves","floor":18,"turns":4},{"damage":26,"enemies":"3 Byrds","floor":20,"turns":4},{"damage":1,"enemies":"Snecko","floor":21,"turns":7},{"damage":18,"enemies":"3 Cultists","floor":22,"turns":5},{"damage":12,"enemies":"Centurion and Healer","floor":24,"turns":7},{"damage":31,"enemies":"Collector","floor":33,"turns":9},{"damage":25,"enemies":"3 Shapes","floor":35,"turns":4},{"damage":18,"enemies":"Orb Walker","floor":37,"turns":9},{"damage":59,"enemies":"Writhing Mass","floor":41,"turns":4},{"damage":1,"enemies":"Transient","floor":44,"turns":5},{"damage":37,"enemies":"Jaw Worm Horde","floor":48,"turns":5},{"damage":50,"enemies":"Awakened One","floor":50,"turns":16}],"seed_played":"4707220292649510950","potions_obtained":[{"floor":1,"key":"Dexterity Potion"},{"floor":2,"key":"Fire Potion"},{"floor":7,"key":"SkillPotion"},{"floor":13,"key":"Fire Potion"},{"floor":18,"key":"Weak Potion"},{"floor":22,"key":"Energy Potion"},{"floor":35,"key":"Fire Potion"},{"floor":37,"key":"AttackPotion"},{"floor":48,"key":"Fruit Juice"}],"is_trial":false,"path_per_floor":["M","M","M","?","?","R","M","M","T","R","?","R","M","M","R","B",null,"M","?","M","M","M","R","M","R","T","R","T","R","?","$","R","B",null,"M","T","M","$","?","R","M","?","T","M","$","$","T","M","R","B",null],"character_chosen":"DEFECT","items_purchased":["Toolbox","Redo","Discovery","StoneCalendar","PowerPotion"],"campfire_rested":2,"item_purchase_floors":[31,31,38,45,45],"current_hp_per_floor":[82,80,79,79,79,79,63,51,51,51,31,55,55,54,54,30,82,61,61,42,48,37,61,63,63,63,63,63,63,63,63,63,32,82,67,67,69,69,69,69,20,88,88,88,88,88,88,71,71,26],"gold":84,"neow_bonus":"TEN_PERCENT_HP_BONUS","is_prod":false,"is_daily":false,"chose_seed":false,"campfire_upgraded":8,"win_rate":0,"timestamp":1549382924,"path_taken":["M","?","M","?","?","R","?","M","T","R","?","R","M","M","R","BOSS","M","?","M","M","M","R","M","R","T","R","?","R","?","?","R","BOSS","M","?","M","$","?","R","M","?","T","M","?","$","?","M","R","BOSS"],"build_version":"2019-01-23","purchased_purges":2,"victory":true,"max_hp_per_floor":[82,82,82,82,82,82,82,82,82,82,82,82,82,82,82,82,82,82,82,82,82,82,82,82,82,82,82,82,82,82,82,82,82,82,82,82,82,82,82,82,82,88,88,88,88,88,88,88,88,93],"card_choices":[{"not_picked":["Skim","Melter"],"picked":"Conserve Battery","floor":1},{"not_picked":["Coolheaded","Tempest"],"picked":"Doom and Gloom","floor":2},{"not_picked":["Doom and Gloom","FTL"],"picked":"Coolheaded","floor":3},{"not_picked":["Beam Cell","Hologram"],"picked":"Coolheaded","floor":7},{"not_picked":["Skim","Machine Learning"],"picked":"Blizzard","floor":8},{"not_picked":["Rebound","Self Repair"],"picked":"Glacier","floor":13},{"not_picked":["Hologram","Consume"],"picked":"White Noise","floor":14},{"not_picked":["Buffer","Fission"],"picked":"Machine Learning","floor":16},{"not_picked":["Stack","Ball Lightning"],"picked":"Turbo+1","floor":18},{"not_picked":["Beam Cell","Gash+1"],"picked":"Ball Lightning+1","floor":20},{"not_picked":["Streamline","Gash"],"picked":"Turbo+1","floor":21},{"not_picked":["Chaos+1","Hyperbeam"],"picked":"Steam+1","floor":22},{"not_picked":["Steam Power+1","Ball Lightning"],"picked":"Consume","floor":24},{"not_picked":["Machine Learning","Biased Cognition"],"picked":"Amplify","floor":33},{"not_picked":["Beam Cell+1","Doom and Gloom"],"picked":"Sunder","floor":35},{"not_picked":["Fusion","Sweeping Beam"],"picked":"Redo+1","floor":37},{"not_picked":["Skim+1","Turbo","Ball Lightning"],"picked":"SKIP","floor":41},{"not_picked":["Gash","Turbo+1"],"picked":"Coolheaded","floor":44},{"not_picked":["Cold Snap+1","Coolheaded","Hologram"],"picked":"SKIP","floor":48}],"player_experience":565768,"relics_obtained":[{"floor":26,"key":"Bottled Flame"},{"floor":28,"key":"Darkstone Periapt"},{"floor":36,"key":"Happy Flower"},{"floor":43,"key":"Vajra"},{"floor":47,"key":"Bottled Tornado"}],"event_choices":[{"damage_healed":0,"gold_gain":0,"player_choice":"Ignored","damage_taken":0,"max_hp_gain":0,"max_hp_loss":0,"event_name":"Liars Game","floor":4,"gold_loss":0},{"cards_removed":["Strike_B"],"damage_healed":0,"gold_gain":0,"player_choice":"Card Removal","damage_taken":0,"max_hp_gain":0,"max_hp_loss":0,"event_name":"The Cleric","floor":5,"gold_loss":50},{"damage_healed":0,"gold_gain":0,"player_choice":"Take Damage","damage_taken":20,"relics_obtained":["Golden Idol"],"max_hp_gain":0,"max_hp_loss":0,"event_name":"Golden Idol","floor":11,"gold_loss":0},{"cards_removed":["Zap"],"damage_healed":0,"gold_gain":0,"player_choice":"Elegance","damage_taken":0,"max_hp_gain":0,"max_hp_loss":0,"event_name":"Back to Basics","floor":19,"gold_loss":0},{"damage_healed":0,"gold_gain":0,"player_choice":"Ignored","damage_taken":0,"max_hp_gain":0,"max_hp_loss":0,"event_name":"Vampires","floor":30,"gold_loss":0},{"damage_healed":0,"gold_gain":333,"player_choice":"Gave Idol","damage_taken":0,"max_hp_gain":0,"max_hp_loss":0,"event_name":"The Moai Head","floor":39,"relics_lost":["Golden Idol"],"gold_loss":0},{"damage_healed":62,"gold_gain":0,"player_choice":"Heal","damage_taken":0,"max_hp_gain":0,"max_hp_loss":0,"event_name":"MindBloom","floor":42,"gold_loss":0,"cards_obtained":["Doubt"]}],"is_beta":false,"boss_relics":[{"not_picked":["Ectoplasm","Runic Pyramid"],"picked":"Pandora\u0027s Box"},{"not_picked":["Eternal Feather","Astrolabe"],"picked":"FrozenCore"}],"items_purged_floors":[31,38],"is_endless":false,"potions_floor_spawned":[1,2,7,13,18,22,35,37,48],"ascension_level":0}