{"gold_per_floor":[112,126,139,39,39,72,72,72,72,92,92,111,130,164,164,164],"floor_reached":16,"playtime":641,"items_purged":["Defend_R"],"score":112,"play_id":"c668ae6f-14c2-442d-9ff6-b6aaec38b029","local_time":"20180715223321","is_ascension_mode":false,"campfire_choices":[{"floor":7,"key":"REST"},{"floor":15,"key":"REST"}],"neow_cost":"","seed_source_timestamp":49501310472739,"circlet_count":0,"master_deck":["Strike_R","Strike_R","Strike_R","Strike_R","Strike_R","Defend_R","Defend_R","Bash","Sword Boomerang","Flex","Flex","Dark Embrace","Headbutt","Intimidate","Pummel","Armaments","Reaper"],"relics":["Burning Blood","Darkstone Periapt","Pantograph","Bird Faced Urn"],"potions_floor_usage":[13,14,16],"damage_taken":[{"damage":12,"enemies":"Small Slimes","floor":1,"turns":4},{"damage":6,"enemies":"Cultist","floor":2,"turns":3},{"damage":5,"enemies":"2 Louse","floor":3,"turns":4},{"damage":64,"enemies":"Lagavulin","floor":6,"turns":7},{"damage":10,"enemies":"Looter","floor":10,"turns":2},{"damage":14,"enemies":"Blue Slaver","floor":12,"turns":3},{"damage":8,"enemies":"Red Slaver","floor":13,"turns":2},{"damage":29,"enemies":"3 Sentries","floor":14,"turns":7},{"damage":67,"enemies":"The Guardian","floor":16,"turns":8}],"seed_played":"-8178707197913365456","potions_obtained":[{"floor":3,"key":"Poison Potion"},{"floor":6,"key":"PowerPotion"},{"floor":14,"key":"Explosive Potion"}],"is_trial":false,"path_per_floor":["M","M","M","$","?","E","R","$","T","M","?","M","M","E","R"],"character_chosen":"IRONCLAD","items_purchased":["Flex"],"campfire_rested":2,"item_purchase_floors":[4],"current_hp_per_floor":[74,74,75,75,75,17,41,41,41,37,42,34,32,9,34,0],"gold":164,"neow_bonus":"","is_prod":false,"is_daily":false,"chose_seed":false,"campfire_upgraded":0,"win_rate":0.0,"timestamp":1531665201,"path_taken":["M","M","M","$","?","E","R","$","T","M","?","M","M","E","R","BOSS"],"build_version":"2018-07-12","purchased_purges":1,"victory":false,"max_hp_per_floor":[80,80,80,80,80,80,80,80,80,80,85,85,85,85,85,85],"card_choices":[{"not_picked":["Iron Wave","Warcry"],"picked":"Sword Boomerang","floor":1},{"not_picked":["Anger","Clothesline"],"picked":"Flex","floor":2},{"not_picked":["True Grit","Battle Trance","Warcry"],"picked":"SKIP","floor":3},{"not_picked":["Intimidate","Rage"],"picked":"Headbutt","floor":6},{"not_picked":["Battle Trance","Anger"],"picked":"Intimidate","floor":10},{"not_picked":["Clash","Shrug It Off"],"picked":"Pummel","floor":12},{"not_picked":["Thunderclap","Second Wind"],"picked":"Armaments","floor":13},{"not_picked":["Perfected Strike","Fiend Fire"],"picked":"Reaper","floor":14}],"player_experience":15027,"relics_obtained":[{"floor":6,"key":"Darkstone Periapt"},{"floor":9,"key":"Pantograph"},{"floor":14,"key":"Bird Faced Urn"}],"event_choices":[{"event_name":"Transmorgrifier","player_choice":"Transform","floor":5,"damage_taken":0},{"event_name":"Big Fish","player_choice":"Donut","floor":11,"damage_taken":0}],"boss_relics":[],"items_purged_floors":[4],"is_endless":false,"potions_floor_spawned":[3,6,14],"killed_by":"The Guardian","ascension_level":0}