{"gold_per_floor":[215,215,231,231,248,248,281,281,281,299,310,310,37,53,53,130,130,146,146,146,62,73,73],"floor_reached":23,"playtime":897,"items_purged":["Parasite"],"score":350,"play_id":"f78cc18a-0969-4c7f-be07-0d14ddf84039","local_time":"20181211091938","is_ascension_mode":true,"campfire_choices":[{"data":"Zap","floor":6.0,"key":"SMITH"},{"data":"Beam Cell","floor":12.0,"key":"SMITH"},{"floor":15.0,"key":"REST"}],"neow_cost":"NONE","seed_source_timestamp":0,"circlet_count":0,"master_deck":["AscendersBane","Strike_B","Strike_B","Strike_B","Strike_B","Defend_B+1","Defend_B","Defend_B","Defend_B","Zap+1","Dualcast","Streamline+1","Gash","Leap","Rebound","Beam Cell+1","Gash","Biased Cognition","Consume","Ghostly","Ghostly","Ghostly","Ghostly","Ghostly","Stack","Hello World","Go for the Eyes+1"],"special_seed":0,"relics":["Cracked Core","Shuriken","Pear","OrangePellets","Inserter"],"potions_floor_usage":[16,23,23],"damage_taken":[{"damage":5.0,"enemies":"Small Slimes","floor":1.0,"turns":3.0},{"damage":8.0,"enemies":"2 Louse","floor":3.0,"turns":2.0},{"damage":12.0,"enemies":"Jaw Worm","floor":5.0,"turns":2.0},{"damage":18.0,"enemies":"3 Sentries","floor":7.0,"turns":9.0},{"damage":1.0,"enemies":"2 Fungi Beasts","floor":10.0,"turns":4.0},{"damage":18.0,"enemies":"Large Slime","floor":11.0,"turns":6.0},{"damage":0.0,"enemies":"3 Louse","floor":14.0,"turns":4.0},{"damage":45,"enemies":"The Guardian","floor":16,"turns":9},{"damage":20,"enemies":"Shell Parasite","floor":18,"turns":6},{"damage":36,"enemies":"3 Byrds","floor":22,"turns":7},{"damage":12,"enemies":"Book of Stabbing","floor":23,"turns":1}],"seed_played":"-6352354097860986088","potions_obtained":[{"floor":3.0,"key":"FocusPotion"},{"floor":11.0,"key":"AttackPotion"},{"floor":16,"key":"SpeedPotion"},{"floor":18,"key":"Regen Potion"}],"is_trial":false,"path_per_floor":["M","?","M","?","M","R","E","?","T","M","M","R","$","M","R","B",null,"M","?","?","$","M","E"],"character_chosen":"DEFECT","items_purchased":["OrangePellets","Stack","Hello World"],"campfire_rested":1,"item_purchase_floors":[13,21,21],"current_hp_per_floor":[59,45,37,42,30,30,12,31,41,40,22,22,22,22,46,1,63,43,41,41,41,5,0],"gold":73,"neow_bonus":"HUNDRED_GOLD","is_prod":false,"is_daily":false,"chose_seed":false,"campfire_upgraded":2,"win_rate":0,"timestamp":1544537978,"path_taken":["M","?","M","?","M","R","E","?","T","M","M","R","$","M","R","BOSS","M","?","?","$","M","E"],"build_version":"2018-12-06","purchased_purges":1,"victory":false,"max_hp_per_floor":[71,71,71,76,76,76,76,76,86,86,86,86,83,83,83,83,83,83,41,41,41,41,41],"card_choices":[{"not_picked":["Beam Cell","Barrage"],"picked":"Streamline","floor":1.0},{"not_picked":["Turbo","Heatsinks"],"picked":"Gash","floor":3.0},{"not_picked":["Turbo","Rebound"],"picked":"Leap","floor":5.0},{"not_picked":["Creative AI","Rip and Tear","Steam Power"],"picked":"SKIP","floor":7.0},{"not_picked":["Streamline","Barrage"],"picked":"Rebound","floor":10.0},{"not_picked":["Static Discharge","Consume"],"picked":"Beam Cell","floor":11.0},{"not_picked":["Ball Lightning","Defragment"],"picked":"Gash","floor":14.0},{"not_picked":["Multi-Cast","Amplify"],"picked":"Biased Cognition","floor":16},{"not_picked":["Leap","Streamline"],"picked":"Consume","floor":18},{"not_picked":["FTL","Genetic Algorithm+1"],"picked":"Go for the Eyes+1","floor":22}],"player_experience":746971,"relics_obtained":[{"floor":7.0,"key":"Shuriken"},{"floor":9.0,"key":"Pear"}],"event_choices":[{"damage_healed":0.0,"max_hp_gain":0.0,"max_hp_loss":0.0,"gold_gain":0.0,"event_name":"Shining Light","player_choice":"Entered Light","floor":2.0,"gold_loss":0.0,"damage_taken":14.0,"cards_upgraded":["Defend_B","Streamline"]},{"damage_healed":0.0,"max_hp_gain":5.0,"max_hp_loss":0.0,"gold_gain":0.0,"event_name":"Big Fish","player_choice":"Donut","floor":4.0,"gold_loss":0.0,"damage_taken":0.0},{"damage_healed":19.0,"max_hp_gain":0.0,"max_hp_loss":0.0,"gold_gain":0.0,"event_name":"Mushrooms","player_choice":"Healed and dodged fight","floor":8.0,"gold_loss":0.0,"damage_taken":0.0,"cards_obtained":["Parasite"]},{"damage_healed":0,"gold_gain":0,"player_choice":"Became a Ghost","damage_taken":0,"max_hp_gain":0,"max_hp_loss":42,"event_name":"Ghosts","floor":19,"gold_loss":0,"cards_obtained":["Ghostly","Ghostly","Ghostly","Ghostly","Ghostly"]},{"damage_healed":0,"gold_gain":0,"player_choice":"Ignored","damage_taken":0,"max_hp_gain":0,"max_hp_loss":0,"event_name":"Vampires","floor":20,"gold_loss":0}],"is_beta":false,"boss_relics":[{"not_picked":["White Beast Statue","Runic Dome"],"picked":"Inserter"}],"items_purged_floors":[13],"is_endless":false,"potions_floor_spawned":[3,11,16,18],"killed_by":"Book of Stabbing","ascension_level":14}