{"gold_per_floor":[112,127,127,127,14,47,47,61,84,113,113,132,132,132,132,132],"floor_reached":16,"playtime":736,"items_purged":["Strike_R"],"score":103,"play_id":"6f6b3542-fc58-455c-bd33-b66387b56ace","local_time":"20190112234301","is_ascension_mode":true,"campfire_choices":[{"floor":7,"key":"REST"},{"data":"Whirlwind","floor":11,"key":"SMITH"},{"data":"True Grit","floor":13,"key":"SMITH"},{"data":"Flame Barrier","floor":15,"key":"SMITH"}],"neow_cost":"TEN_PERCENT_HP_LOSS","seed_source_timestamp":50669513859100,"circlet_count":0,"master_deck":["Strike_R","Strike_R","Strike_R","Strike_R","Defend_R","Defend_R","Defend_R","Defend_R","Bash","Body Slam","Iron Wave","Whirlwind+1","Demon Form","Flame Barrier+1","True Grit+1","Burning Pact","Pain"],"relics":["Burning Blood","WingedGreaves","Bag of Marbles","Golden Idol","Oddly Smooth Stone","Vajra","Odd Mushroom","WarpedTongs"],"potions_floor_usage":[6,16,16],"damage_taken":[{"damage":10,"enemies":"Cultist","floor":1,"turns":4},{"damage":6,"enemies":"2 Louse","floor":2,"turns":3},{"damage":36,"enemies":"Lagavulin","floor":6,"turns":8},{"damage":1,"enemies":"Small Slimes","floor":8,"turns":3},{"damage":0,"enemies":"The Mushroom Lair","floor":10,"turns":1},{"damage":0,"enemies":"Exordium Wildlife","floor":12,"turns":2},{"damage":46,"enemies":"Hexaghost","floor":16,"turns":10}],"seed_played":"-4148621263649515570","potions_obtained":[{"floor":1,"key":"AttackPotion"},{"floor":6,"key":"Strength Potion"},{"floor":12,"key":"LiquidBronze"}],"is_trial":false,"path_per_floor":["M","M","?","?","$","E","R","M","T","?","R","M","R","?","R","B"],"character_chosen":"IRONCLAD","items_purchased":["Whirlwind"],"campfire_rested":1,"item_purchase_floors":[5],"current_hp_per_floor":[68,68,56,38,38,8,29,34,34,40,40,46,46,46,46,0],"gold":132,"neow_bonus":"ONE_RARE_RELIC","is_prod":false,"is_daily":false,"chose_seed":false,"campfire_upgraded":3,"win_rate":0,"timestamp":1547307781,"path_taken":["M","?","?","?","?","E","R","M","T","?","R","M","R","?","R","BOSS"],"build_version":"2019-01-10","purchased_purges":1,"victory":false,"max_hp_per_floor":[72,72,72,72,72,72,72,72,72,72,72,72,72,72,72,72],"card_choices":[{"not_picked":["Pummel","Ghostly Armor"],"picked":"Body Slam","floor":1},{"not_picked":["Flex","Sword Boomerang"],"picked":"Iron Wave","floor":2},{"not_picked":["Sever Soul","Thunderclap"],"picked":"Demon Form","floor":6},{"not_picked":["Hemokinesis","Headbutt"],"picked":"Flame Barrier","floor":8},{"not_picked":["Pommel Strike","Anger"],"picked":"True Grit","floor":10},{"not_picked":["Twin Strike","Anger"],"picked":"Burning Pact","floor":12}],"player_experience":220513,"relics_obtained":[{"floor":6,"key":"Oddly Smooth Stone"},{"floor":9,"key":"Vajra"},{"floor":10,"key":"Odd Mushroom"}],"event_choices":[{"damage_healed":0,"gold_gain":0,"player_choice":"Success","damage_taken":12,"relics_obtained":["Bag of Marbles"],"max_hp_gain":0,"max_hp_loss":0,"event_name":"Scrap Ooze","floor":3,"gold_loss":0},{"damage_healed":0,"gold_gain":0,"player_choice":"Take Damage","damage_taken":18,"relics_obtained":["Golden Idol"],"max_hp_gain":0,"max_hp_loss":0,"event_name":"Golden Idol","floor":4,"gold_loss":0},{"damage_healed":0,"gold_gain":0,"player_choice":"Fought Mushrooms","damage_taken":0,"max_hp_gain":0,"max_hp_loss":0,"event_name":"Mushrooms","floor":10,"gold_loss":0},{"damage_healed":0,"gold_gain":0,"player_choice":"Rummage","damage_taken":0,"relics_obtained":["WarpedTongs"],"max_hp_gain":0,"max_hp_loss":0,"event_name":"Accursed Blacksmith","floor":14,"gold_loss":0,"cards_obtained":["Pain"]}],"is_beta":false,"boss_relics":[],"items_purged_floors":[5],"is_endless":false,"potions_floor_spawned":[1,6,12],"killed_by":"Hexaghost","ascension_level":1}