{"gold_per_floor":[114,129,54,54,69,69,69],"floor_reached":7,"playtime":444,"items_purged":["Dropkick"],"score":41,"play_id":"aa42bbaf-a0d1-487b-b649-683f2c3cf250","local_time":"20190125115529","daily_mods":["Draft","Red Cards","Binary"],"is_ascension_mode":false,"campfire_choices":[{"data":"True Grit","floor":6,"key":"SMITH"}],"neow_cost":"","seed_source_timestamp":0,"circlet_count":0,"master_deck":["True Grit+1","Footwork","Rage","Dodge and Roll","Shrug It Off","PiercingWail","Metallicize","Backflip","Dagger Spray","Deadly Poison","Shockwave","Body Slam","Iron Wave","Dodge and Roll","Combust"],"special_seed":17921,"relics":["Ring of the Snake"],"potions_floor_usage":[],"damage_taken":[{"damage":0,"enemies":"Small Slimes","floor":1,"turns":4},{"damage":0,"enemies":"2 Louse","floor":2,"turns":2},{"damage":0,"enemies":"Cultist","floor":5,"turns":5},{"damage":45,"enemies":"Gremlin Nob","floor":7,"turns":6}],"seed_played":"-8504113597204793888","potions_obtained":[],"is_trial":false,"path_per_floor":["M","M","$","?","M","R","E"],"character_chosen":"THE_SILENT","items_purchased":[],"campfire_rested":0,"item_purchase_floors":[],"current_hp_per_floor":[70,70,70,70,70,70,25],"gold":69,"neow_bonus":"","is_prod":false,"is_daily":true,"chose_seed":false,"campfire_upgraded":1,"win_rate":0,"timestamp":1548388529,"path_taken":["M","M","$","?","M","R","E"],"build_version":"2019-01-23","purchased_purges":1,"victory":false,"max_hp_per_floor":[70,70,70,70,70,70,70],"card_choices":[{"not_picked":["Perfected Strike","Poisoned Stab"],"picked":"True Grit","floor":0},{"not_picked":["Flying Knee","Calculated Gamble"],"picked":"Footwork","floor":0},{"not_picked":["Prepared","Evolve"],"picked":"Rage","floor":0},{"not_picked":["Dagger Spray","Anger"],"picked":"Dodge and Roll","floor":0},{"not_picked":["Dodge and Roll","Headbutt"],"picked":"Shrug It Off","floor":0},{"not_picked":["Heavy Blade","Endless Agony"],"picked":"PiercingWail","floor":0},{"not_picked":["Havoc","Outmaneuver"],"picked":"Metallicize","floor":0},{"not_picked":["Sucker Punch","Body Slam"],"picked":"Backflip","floor":0},{"not_picked":["Underhanded Strike","Masterful Stab"],"picked":"Dropkick","floor":0},{"not_picked":["Combust","Dual Wield"],"picked":"Dagger Spray","floor":0},{"not_picked":["Endless Agony","Body Slam"],"picked":"Deadly Poison","floor":0},{"not_picked":["Blood for Blood","Quick Slash"],"picked":"Shockwave","floor":0},{"not_picked":["Prepared","Setup"],"picked":"Body Slam","floor":0},{"not_picked":["Endless Agony","Thunderclap"],"picked":"Iron Wave","floor":0},{"not_picked":["Intimidate","Thunderclap"],"picked":"Clothesline","floor":0},{"not_picked":["Entrench","Calculated Gamble"],"picked":"SKIP","floor":1},{"not_picked":["Bane"],"picked":"Dodge and Roll","floor":2},{"not_picked":["Power Through"],"picked":"Combust","floor":5}],"player_experience":271840,"relics_obtained":[],"event_choices":[{"cards_removed":["Clothesline"],"damage_healed":0,"gold_gain":0,"player_choice":"Forget","damage_taken":0,"max_hp_gain":0,"max_hp_loss":0,"event_name":"Living Wall","floor":4,"gold_loss":0}],"is_beta":false,"boss_relics":[],"items_purged_floors":[3],"is_endless":false,"potions_floor_spawned":[],"killed_by":"Gremlin Nob","ascension_level":0}