{"gold_per_floor":[116,132,22,33,33,33,33,33,87,87,99,110,140,152,152,251,251,268,25,0,17,28,28,107,133,133,133,133,133,133,133,133,237,237,255,61,88,0,13,44,44,18,41,41,41,64,80,107,107,107],"floor_reached":51,"playtime":13042,"items_purged":["Regret","Regret","Darkness"],"score":719,"play_id":"f353bbd4-94f7-4c4f-8302-2efe095315aa","local_time":"20190111200203","is_ascension_mode":false,"campfire_choices":[{"data":"Zap","floor":6.0,"key":"SMITH"},{"data":"Dualcast","floor":8.0,"key":"SMITH"},{"data":"Defragment","floor":15.0,"key":"SMITH"},{"data":"Multi-Cast","floor":23.0,"key":"SMITH"},{"data":"Hologram","floor":27.0,"key":"SMITH"},{"floor":30.0,"key":"REST"},{"data":"Go for the Eyes","floor":32.0,"key":"SMITH"},{"data":"Defragment","floor":41,"key":"SMITH"},{"data":"Turbo","floor":44,"key":"SMITH"},{"floor":49,"key":"REST"}],"neow_cost":"CURSE","seed_source_timestamp":0,"circlet_count":0,"master_deck":["Zap+1","Dualcast+1","Cold Snap","Compile Driver","Defragment+1","FTL","Glacier+1","Auto Shields","Glacier","Hologram+1","Multi-Cast+1","Go for the Eyes+1","Turbo+1","Capacitor+1","Hologram","Defragment+1","Consume","Darkness","Core Surge","Barrage","Loop","Turbo","Echo Form","Capacitor+1"],"special_seed":0,"relics":["Cracked Core","Gambling Chip","Unceasing Top","Kunai","Tiny Chest","Pear","Pantograph","White Beast Statue","War Paint","Bottled Lightning","Centennial Puzzle","Ornamental Fan","Ice Cream","Pandora\u0027s Box","Strawberry","Red Mask","Omamori","Smiling Mask","Boot","Juzu Bracelet"],"potions_floor_usage":[33,35,35,40,40,48,48,48,50],"damage_taken":[{"damage":3.0,"enemies":"Cultist","floor":1.0,"turns":3.0},{"damage":1.0,"enemies":"Jaw Worm","floor":2.0,"turns":3.0},{"damage":5.0,"enemies":"Small Slimes","floor":4.0,"turns":3.0},{"damage":0.0,"enemies":"2 Fungi Beasts","floor":11.0,"turns":3.0},{"damage":10.0,"enemies":"Red Slaver","floor":12.0,"turns":3.0},{"damage":15.0,"enemies":"Lagavulin","floor":13.0,"turns":11.0},{"damage":0.0,"enemies":"Large Slime","floor":14.0,"turns":3.0},{"damage":10.0,"enemies":"Hexaghost","floor":16.0,"turns":14.0},{"damage":4.0,"enemies":"Spheric Guardian","floor":18.0,"turns":6.0},{"damage":6.0,"enemies":"2 Thieves","floor":20.0,"turns":4.0},{"damage":8.0,"enemies":"Shelled Parasite and Fungi","floor":21.0,"turns":6.0},{"damage":0.0,"enemies":"Centurion and Healer","floor":22.0,"turns":14.0},{"damage":17.0,"enemies":"Book of Stabbing","floor":25.0,"turns":9.0},{"damage":22,"enemies":"Automaton","floor":33,"turns":14},{"damage":4,"enemies":"Orb Walker","floor":35,"turns":5},{"damage":0,"enemies":"3 Shapes","floor":39,"turns":6},{"damage":0,"enemies":"Giant Head","floor":40,"turns":14},{"damage":18,"enemies":"Sphere and 2 Shapes","floor":47,"turns":7},{"damage":60,"enemies":"Nemesis","floor":48,"turns":7},{"damage":8,"enemies":"Awakened One","floor":50,"turns":15}],"seed_played":"1421072426176703523","potions_obtained":[{"floor":4.0,"key":"SteroidPotion"},{"floor":13.0,"key":"Fruit Juice"},{"floor":14.0,"key":"EssenceOfSteel"},{"floor":16.0,"key":"SteroidPotion"},{"floor":18.0,"key":"GamblersBrew"},{"floor":20.0,"key":"FearPotion"},{"floor":21.0,"key":"Energy Potion"},{"floor":22.0,"key":"Fire Potion"},{"floor":25.0,"key":"FocusPotion"},{"floor":31.0,"key":"Block Potion"},{"floor":31.0,"key":"Block Potion"},{"floor":33,"key":"Energy Potion"},{"floor":35,"key":"Energy Potion"},{"floor":39,"key":"Ancient Potion"},{"floor":40,"key":"EssenceOfSteel"},{"floor":47,"key":"Fire Potion"},{"floor":48,"key":"Swift Potion"}],"is_trial":false,"path_per_floor":["M","M","$","M","?","R","?","R","T","T","M","M","E","M","R","B",null,"M","$","M","M","M","R","T","E","T","R","T","?","R","?","R","B",null,"M","$","T","?","M","E","R","$","T","R","?","T","M","E","R","B",null],"character_chosen":"DEFECT","items_purchased":["Defragment","War Paint","Loop","Turbo"],"campfire_rested":2,"item_purchase_floors":[3,19,36,42],"current_hp_per_floor":[72,71,71,66,66,66,48,48,48,58,58,48,38,38,38,53,90,86,86,80,72,72,72,72,55,55,55,55,37,65,65,65,68,95,91,91,98,98,98,98,98,98,98,98,98,98,80,20,50,67],"gold":107,"neow_bonus":"ONE_RARE_RELIC","is_prod":false,"is_daily":false,"chose_seed":false,"campfire_upgraded":8,"win_rate":0,"timestamp":1547208123,"path_taken":["M","M","$","M","?","R","?","R","T","?","?","M","E","M","R","BOSS","M","$","M","M","M","R","?","E","T","R","?","?","R","?","R","BOSS","M","$","?","?","M","E","R","$","T","R","?","?","M","E","R","BOSS"],"build_version":"2019-01-10","purchased_purges":3,"victory":true,"max_hp_per_floor":[75,75,75,75,75,75,75,75,75,85,85,85,90,90,90,90,90,90,90,90,90,90,90,90,90,90,90,90,95,95,95,95,95,95,95,95,102,102,102,102,102,102,102,102,102,102,102,102,102,102],"card_choices":[{"not_picked":["Go for the Eyes","Stack"],"picked":"Cold Snap","floor":1.0},{"not_picked":["Turbo","Chill"],"picked":"Compile Driver","floor":2.0},{"not_picked":["Recycle","Gash"],"picked":"FTL","floor":4.0},{"not_picked":["Heatsinks","Steam"],"picked":"Glacier","floor":11.0},{"not_picked":["Sweeping Beam","Hologram"],"picked":"Auto Shields","floor":12.0},{"not_picked":["Steam","Rebound"],"picked":"Glacier","floor":13.0},{"not_picked":["Sweeping Beam","Biased Cognition"],"picked":"Hologram","floor":14.0},{"not_picked":["Buffer","Thunder Strike"],"picked":"Multi-Cast","floor":16.0},{"not_picked":["Streamline+1","Auto Shields","Rebound"],"picked":"SKIP","floor":18.0},{"not_picked":["Beam Cell","Gash"],"picked":"Go for the Eyes","floor":20.0},{"not_picked":["Conserve Battery","Cold Snap+1"],"picked":"Turbo","floor":21.0},{"not_picked":["Chaos","Melter","Reinforced Body"],"picked":"SKIP","floor":22.0},{"not_picked":["Leap+1","All For One"],"picked":"Capacitor+1","floor":25.0},{"not_picked":["Loop","Genetic Algorithm","Beam Cell+1"],"picked":"SKIP","floor":35},{"not_picked":["Redo","Stack","Rip and Tear+1"],"picked":"SKIP","floor":39},{"not_picked":["Ball Lightning","Conserve Battery+1","Stack+1"],"picked":"SKIP","floor":40},{"not_picked":["Rebound+1","Cold Snap"],"picked":"Echo Form","floor":47},{"not_picked":["Darkness+1","Conserve Battery+1"],"picked":"Capacitor+1","floor":48}],"player_experience":193467,"relics_obtained":[{"floor":9.0,"key":"Tiny Chest"},{"floor":10.0,"key":"Pear"},{"floor":13.0,"key":"Pantograph"},{"floor":24.0,"key":"Bottled Lightning"},{"floor":25.0,"key":"Centennial Puzzle"},{"floor":26.0,"key":"Ornamental Fan"},{"floor":28.0,"key":"Ice Cream"},{"floor":37,"key":"Strawberry"},{"floor":40,"key":"Omamori"},{"floor":43,"key":"Smiling Mask"},{"floor":46,"key":"Boot"},{"floor":48,"key":"Juzu Bracelet"}],"event_choices":[{"damage_healed":0.0,"max_hp_gain":0.0,"max_hp_loss":0.0,"gold_gain":0.0,"event_name":"Big Fish","player_choice":"Box","floor":5.0,"gold_loss":0.0,"damage_taken":0.0,"relics_obtained":["Unceasing Top"],"cards_obtained":["Regret"]},{"damage_healed":0.0,"max_hp_gain":0.0,"max_hp_loss":0.0,"gold_gain":0.0,"event_name":"Scrap Ooze","player_choice":"Success","floor":7.0,"gold_loss":0.0,"damage_taken":18.0,"relics_obtained":["Kunai"]},{"damage_healed":0.0,"max_hp_gain":5.0,"max_hp_loss":0.0,"gold_gain":0.0,"event_name":"Forgotten Altar","player_choice":"Shed Blood","floor":29.0,"gold_loss":0.0,"damage_taken":23.0},{"damage_healed":0.0,"max_hp_gain":0.0,"max_hp_loss":0.0,"gold_gain":0.0,"event_name":"Lab","player_choice":"Got Potions","floor":31.0,"gold_loss":0.0,"damage_taken":0.0},{"damage_healed":0,"gold_gain":0,"player_choice":"Paid","damage_taken":0,"relics_obtained":["Red Mask"],"max_hp_gain":0,"max_hp_loss":0,"event_name":"Tomb of Lord Red Mask","floor":38,"gold_loss":88},{"cards_removed":["Stack"],"damage_healed":0,"gold_gain":0,"player_choice":"Removed Skill","damage_taken":0,"max_hp_gain":0,"max_hp_loss":0,"event_name":"Falling","floor":45,"gold_loss":0}],"is_beta":false,"boss_relics":[{"not_picked":["Fusion Hammer","Eternal Feather"],"picked":"White Beast Statue"},{"not_picked":["Calling Bell","Orrery"],"picked":"Pandora\u0027s Box"}],"items_purged_floors":[3,19,36],"is_endless":false,"potions_floor_spawned":[4,13,14,16,18,20,21,22,25,33,35,39,40,47,48],"ascension_level":0}