{"gold_per_floor":[115,40,59,71,90,90,119,134,134,191,191,209,226,241,241,341,341,354,371,386,386,403,403,234,234,290,290,302,302,313,4,4,4],"floor_reached":33,"playtime":2038,"items_purged":["Strike_B","Shame","Pain"],"score":291,"play_id":"2cbc5d5f-8dca-4839-a290-d42592651fda","local_time":"20190206152821","is_ascension_mode":true,"campfire_choices":[{"data":"Zap","floor":6,"key":"SMITH"},{"floor":11,"key":"REST"},{"floor":15,"key":"REST"},{"floor":23,"key":"REST"},{"data":"Dualcast","floor":25,"key":"SMITH"},{"data":"Electrodynamics","floor":27,"key":"SMITH"},{"floor":29,"key":"REST"},{"data":"Defragment","floor":32,"key":"SMITH"}],"neow_cost":"NONE","seed_source_timestamp":90806031521476,"circlet_count":0,"master_deck":["Strike_B","Strike_B","Strike_B","Defend_B","Defend_B","Defend_B","Defend_B","Zap+1","Dualcast+1","Ball Lightning","White Noise","Defragment+1","Go for the Eyes","Beam Cell","Stack","Steam","Leap","Ball Lightning","Electrodynamics+1","Coolheaded","Steam","Darkness","Leap","Go for the Eyes","Chrysalis"],"relics":["Cracked Core","Potion Belt","Dead Branch","Letter Opener","Cursed Key","Thread and Needle","Tiny Chest"],"potions_floor_usage":[7,10,10,13,18,33],"damage_taken":[{"damage":1,"enemies":"Cultist","floor":1,"turns":3},{"damage":4,"enemies":"Jaw Worm","floor":3,"turns":3},{"damage":0,"enemies":"Small Slimes","floor":4,"turns":3},{"damage":7,"enemies":"Looter","floor":5,"turns":3},{"damage":20,"enemies":"3 Sentries","floor":7,"turns":6},{"damage":7,"enemies":"Blue Slaver","floor":8,"turns":3},{"damage":10,"enemies":"Lagavulin Event","floor":10,"turns":3},{"damage":13,"enemies":"3 Louse","floor":12,"turns":2},{"damage":17,"enemies":"Exordium Wildlife","floor":13,"turns":3},{"damage":0,"enemies":"Large Slime","floor":14,"turns":4},{"damage":19,"enemies":"The Guardian","floor":16,"turns":9},{"damage":4,"enemies":"Chosen","floor":18,"turns":4},{"damage":14,"enemies":"Shell Parasite","floor":19,"turns":5},{"damage":24,"enemies":"3 Cultists","floor":20,"turns":5},{"damage":13,"enemies":"Snake Plant","floor":22,"turns":4},{"damage":18,"enemies":"Centurion and Healer","floor":28,"turns":7},{"damage":0,"enemies":"Cultist and Chosen","floor":30,"turns":4},{"damage":74,"enemies":"Automaton","floor":33,"turns":6}],"seed_played":"7894619862053996920","potions_obtained":[{"floor":4,"key":"AttackPotion"},{"floor":5,"key":"Ancient Potion"},{"floor":7,"key":"Poison Potion"},{"floor":8,"key":"SkillPotion"},{"floor":12,"key":"PowerPotion"},{"floor":16,"key":"Fire Potion"},{"floor":19,"key":"SteroidPotion"},{"floor":22,"key":"Strength Potion"},{"floor":28,"key":"FearPotion"}],"is_trial":false,"path_per_floor":["M","$","M","M","M","R","E","M","T","?","R","M","M","M","R","B",null,"M","M","M","?","M","R","$","R","T","R","M","R","M","$","R","B"],"character_chosen":"DEFECT","items_purchased":["Leap","Go for the Eyes","Chrysalis"],"campfire_rested":4,"item_purchase_floors":[24,24,31],"current_hp_per_floor":[81,81,77,77,70,70,50,43,43,33,57,44,27,27,51,32,82,78,64,40,40,27,51,51,51,51,51,33,57,57,57,57,0],"gold":4,"neow_bonus":"TEN_PERCENT_HP_BONUS","is_prod":false,"is_daily":false,"chose_seed":false,"campfire_upgraded":4,"win_rate":0,"timestamp":1549434501,"path_taken":["M","$","M","M","M","R","E","M","T","?","R","M","M","M","R","BOSS","M","M","M","?","M","R","$","R","T","R","M","R","M","$","R","BOSS"],"build_version":"2019-01-23","purchased_purges":3,"victory":false,"max_hp_per_floor":[82,82,82,82,82,82,82,82,82,82,82,82,82,82,82,82,82,82,82,82,82,82,82,82,82,82,82,82,82,82,82,82,82],"card_choices":[{"not_picked":["Turbo","Gash"],"picked":"Ball Lightning","floor":1},{"not_picked":["Scrape","Rebound"],"picked":"White Noise","floor":3},{"not_picked":["Conserve Battery","Cold Snap"],"picked":"Defragment","floor":4},{"not_picked":["Rebound","Streamline","White Noise"],"picked":"SKIP","floor":5},{"not_picked":["Tempest","Defragment"],"picked":"Go for the Eyes","floor":7},{"not_picked":["Aggregate","Barrage"],"picked":"Beam Cell","floor":8},{"not_picked":["Rainbow","Compile Driver"],"picked":"Stack","floor":10},{"not_picked":["Aggregate","Hologram"],"picked":"Steam","floor":12},{"not_picked":["Rebound","Sweeping Beam"],"picked":"Leap","floor":13},{"not_picked":["Beam Cell","Turbo"],"picked":"Ball Lightning","floor":14},{"not_picked":["Seek","Amplify"],"picked":"Electrodynamics","floor":16},{"not_picked":["Consume","Beam Cell","Rebound"],"picked":"SKIP","floor":18},{"not_picked":["Redo","Sweeping Beam"],"picked":"Coolheaded","floor":19},{"not_picked":["Turbo","Rebound"],"picked":"Steam","floor":20},{"not_picked":["Sweeping Beam+1","Reinforced Body"],"picked":"Darkness","floor":22},{"not_picked":["White Noise","Force Field","Reprogram"],"picked":"SKIP","floor":28},{"not_picked":["Turbo","Rip and Tear","Stack+1"],"picked":"SKIP","floor":30}],"player_experience":195594,"relics_obtained":[{"floor":7,"key":"Potion Belt"},{"floor":9,"key":"Dead Branch"},{"floor":10,"key":"Letter Opener"},{"floor":26,"key":"Tiny Chest"}],"event_choices":[{"damage_healed":0,"gold_gain":0,"player_choice":"Searched \u00271\u0027 times","damage_taken":0,"max_hp_gain":0,"max_hp_loss":0,"event_name":"Dead Adventurer","floor":10,"gold_loss":0},{"damage_healed":0,"gold_gain":0,"player_choice":"Stole Relic","damage_taken":0,"relics_obtained":["Thread and Needle"],"max_hp_gain":0,"max_hp_loss":0,"event_name":"Addict","floor":21,"gold_loss":0,"cards_obtained":["Shame"]}],"is_beta":false,"boss_relics":[{"not_picked":["Calling Bell","Orrery"],"picked":"Cursed Key"}],"items_purged_floors":[2,24,31],"is_endless":false,"potions_floor_spawned":[4,5,7,8,12,16,19,22,28],"killed_by":"Automaton","ascension_level":3}