{"gold_per_floor":[116,65,65,75,25,25,56,66,111,111,61,81,91,24,24,127,127,99,31,31,45,60,60,94,94,118,118,131,144,144,72,72,72],"floor_reached":33,"playtime":3130,"items_purged":[],"score":446,"play_id":"5ad624fd-1134-4b73-a718-7cd7db856609","local_time":"20181207113357","is_ascension_mode":true,"campfire_choices":[{"data":"Defragment","floor":6,"key":"SMITH"},{"data":"Zap","floor":15,"key":"SMITH"},{"floor":27,"key":"REST"},{"floor":32,"key":"REST"}],"neow_cost":"NONE","seed_source_timestamp":3116054865627826,"circlet_count":0,"master_deck":["AscendersBane","Strike_B","Strike_B","Defend_B","Defend_B","Defend_B","Defend_B","Zap+1","Dualcast","Defragment+1","Conserve Battery","Cold Snap","Coolheaded","Defragment","Glacier","Capacitor+1","Core Surge","Consume","Loop","Compile Driver","Coolheaded","Self Repair","Static Discharge"],"relics":["Cracked Core","Strawberry","Oddly Smooth Stone","Odd Mushroom","Busted Crown","Bronze Scales","Boot"],"potions_floor_usage":[18,24,29],"damage_taken":[{"damage":6,"enemies":"Cultist","floor":1,"turns":3},{"damage":2,"enemies":"Jaw Worm","floor":4,"turns":4},{"damage":7,"enemies":"3 Sentries","floor":7,"turns":9},{"damage":10,"enemies":"2 Louse","floor":8,"turns":3},{"damage":6,"enemies":"The Mushroom Lair","floor":12,"turns":6},{"damage":0,"enemies":"Looter","floor":13,"turns":3},{"damage":20,"enemies":"Slime Boss","floor":16,"turns":13},{"damage":16,"enemies":"2 Thieves","floor":18,"turns":5},{"damage":0,"enemies":"Spheric Guardian","floor":21,"turns":6},{"damage":9,"enemies":"Centurion and Healer","floor":22,"turns":11},{"damage":18,"enemies":"Book of Stabbing","floor":24,"turns":6},{"damage":12,"enemies":"Snake Plant","floor":28,"turns":5},{"damage":15,"enemies":"Shelled Parasite and Fungi","floor":29,"turns":8},{"damage":65,"enemies":"Automaton","floor":33,"turns":12}],"seed_played":"1624818924001878726","potions_obtained":[{"floor":4,"key":"FearPotion"},{"floor":8,"key":"Dexterity Potion"},{"floor":16,"key":"Block Potion"},{"floor":18,"key":"PowerPotion"},{"floor":24,"key":"Explosive Potion"}],"is_trial":false,"path_per_floor":["M","$","?","M","$","R","E","M","T","?","?","?","M","$","R","B",null,"M","$","?","M","M","$","E","?","T","R","M","M","?","$","R","B"],"character_chosen":"DEFECT","items_purchased":["Conserve Battery","Coolheaded","Capacitor","Loop","Static Discharge"],"campfire_rested":2,"item_purchase_floors":[2,5,14,19,31],"current_hp_per_floor":[69,69,69,67,67,67,67,57,57,50,50,44,44,44,44,24,73,57,57,57,57,48,48,30,30,30,56,44,36,19,19,47,0],"gold":72,"neow_bonus":"TEN_PERCENT_HP_BONUS","is_prod":false,"is_daily":false,"chose_seed":false,"campfire_upgraded":2,"win_rate":0,"timestamp":1544200437,"path_taken":["M","$","?","M","$","R","E","M","T","?","?","?","M","$","R","BOSS","M","$","?","?","?","?","E","?","T","R","M","M","?","$","R","BOSS"],"build_version":"2018-12-06","purchased_purges":0,"victory":false,"max_hp_per_floor":[82,82,82,82,82,82,89,89,89,89,89,89,89,89,89,89,89,89,89,89,89,89,89,89,89,89,89,89,89,94,94,94,94],"card_choices":[{"not_picked":["Rebound","Steam"],"picked":"Defragment","floor":1},{"not_picked":["Scrape","Double Energy"],"picked":"Cold Snap","floor":4},{"not_picked":["Storm","Hello World","Hologram"],"picked":"SKIP","floor":7},{"not_picked":["Reprogram","Coolheaded"],"picked":"Defragment","floor":8},{"not_picked":["Streamline","Core Surge"],"picked":"Glacier","floor":13},{"not_picked":["Machine Learning","Creative AI"],"picked":"Core Surge","floor":16},{"not_picked":[],"picked":"Consume","floor":18},{"not_picked":[],"picked":"Compile Driver","floor":21},{"not_picked":["Leap+1"],"picked":"SKIP","floor":22},{"not_picked":[],"picked":"Coolheaded","floor":24},{"not_picked":[],"picked":"Self Repair","floor":28},{"not_picked":["Lockon"],"picked":"SKIP","floor":29}],"player_experience":696026,"relics_obtained":[{"floor":7,"key":"Strawberry"},{"floor":9,"key":"Oddly Smooth Stone"},{"floor":12,"key":"Odd Mushroom"},{"floor":24,"key":"Bronze Scales"},{"floor":26,"key":"Boot"}],"event_choices":[{"damage_healed":0,"gold_gain":0,"player_choice":"Ignored","damage_taken":0,"max_hp_gain":0,"max_hp_loss":0,"event_name":"Liars Game","floor":3,"gold_loss":0},{"cards_removed":["Strike_B"],"damage_healed":0,"gold_gain":0,"player_choice":"Card Removal","damage_taken":7,"max_hp_gain":0,"max_hp_loss":0,"event_name":"Golden Wing","floor":10,"gold_loss":0},{"cards_removed":["Strike_B"],"damage_healed":0,"gold_gain":0,"player_choice":"Card Removal","damage_taken":0,"max_hp_gain":0,"max_hp_loss":0,"event_name":"The Cleric","floor":11,"gold_loss":50},{"damage_healed":0,"gold_gain":0,"player_choice":"Fought Mushrooms","damage_taken":0,"max_hp_gain":0,"max_hp_loss":0,"event_name":"Mushrooms","floor":12,"gold_loss":0},{"damage_healed":0,"gold_gain":0,"player_choice":"Forge","damage_taken":0,"max_hp_gain":0,"max_hp_loss":0,"event_name":"Accursed Blacksmith","floor":20,"gold_loss":0,"cards_upgraded":["Capacitor"]},{"damage_healed":0,"gold_gain":0,"player_choice":"Ignored","damage_taken":0,"max_hp_gain":0,"max_hp_loss":0,"event_name":"Vampires","floor":25,"gold_loss":0},{"damage_healed":0,"gold_gain":0,"player_choice":"Shed Blood","damage_taken":22,"max_hp_gain":5,"max_hp_loss":0,"event_name":"Forgotten Altar","floor":30,"gold_loss":0}],"is_beta":false,"boss_relics":[{"not_picked":["Lizard Tail","Runic Dome"],"picked":"Busted Crown"}],"items_purged_floors":[],"is_endless":false,"potions_floor_spawned":[4,8,16,18,22,24,28],"killed_by":"Automaton","ascension_level":12}