{"gold_per_floor":[113,130,130,55,55,89,89,115,186,212,212,228,254,267,267,365,365,383,383,400,45,58,88,114,126,138,179,191,51,51,51,51,51],"floor_reached":33,"playtime":1978,"items_purged":["Strike_R","Corruption","Strike_R"],"score":352,"play_id":"ef505712-b5cb-4be8-8fed-c6756f915bfa","local_time":"20190113001614","is_ascension_mode":true,"campfire_choices":[{"data":"Bash","floor":7,"key":"SMITH"},{"data":"Body Slam","floor":11,"key":"SMITH"},{"data":"Seeing Red","floor":15,"key":"SMITH"},{"data":"Demon Form","floor":25,"key":"SMITH"},{"data":"True Grit","floor":28,"key":"SMITH"},{"floor":30,"key":"REST"},{"data":"Body Slam","floor":32,"key":"SMITH"}],"neow_cost":"NONE","seed_source_timestamp":51419314643900,"circlet_count":0,"master_deck":["Defend_R+1","Defend_R","Defend_R","Defend_R","Bash+1","Cleave+1","Flame Barrier","Pommel Strike","Body Slam+1","Battle Trance","Pommel Strike","Evolve","Shrug It Off","Seeing Red+1","Demon Form+1","Reckless Charge","Inflame","Battle Trance","Power Through+1","Iron Wave","Heavy Blade","True Grit+1","Body Slam+1"],"relics":["Burning Blood","Bronze Scales","Art of War","Du-Vu Doll","Paper Frog","Bottled Lightning","Mango","Black Star","Bottled Tornado","Kunai","MawBank","Nunchaku","Pear","Magic Flower","Ancient Tea Set"],"potions_floor_usage":[8,10,24,27,33],"damage_taken":[{"damage":0,"enemies":"2 Louse","floor":1,"turns":2},{"damage":1,"enemies":"Cultist","floor":2,"turns":3},{"damage":21,"enemies":"3 Sentries","floor":6,"turns":6},{"damage":7,"enemies":"Lagavulin","floor":8,"turns":6},{"damage":1,"enemies":"3 Sentries","floor":10,"turns":5},{"damage":0,"enemies":"Small Slimes","floor":12,"turns":2},{"damage":14,"enemies":"Gremlin Nob","floor":13,"turns":3},{"damage":6,"enemies":"Exordium Thugs","floor":14,"turns":3},{"damage":40,"enemies":"The Guardian","floor":16,"turns":8},{"damage":20,"enemies":"Spheric Guardian","floor":18,"turns":5},{"damage":0,"enemies":"Chosen","floor":20,"turns":4},{"damage":12,"enemies":"Snake Plant","floor":22,"turns":4},{"damage":37,"enemies":"Book of Stabbing","floor":23,"turns":5},{"damage":10,"enemies":"3 Cultists","floor":24,"turns":5},{"damage":36,"enemies":"Slavers","floor":27,"turns":5},{"damage":57,"enemies":"Champ","floor":33,"turns":6}],"seed_played":"-109012432150816397","potions_obtained":[{"floor":6,"key":"LiquidBronze"},{"floor":8,"key":"EssenceOfSteel"},{"floor":10,"key":"Ancient Potion"},{"floor":14,"key":"Swift Potion"},{"floor":18,"key":"SteroidPotion"},{"floor":23,"key":"Weak Potion"},{"floor":27,"key":"EssenceOfSteel"}],"is_trial":false,"path_per_floor":["M","M","?","$","?","E","R","E","T","E","R","M","E","M","R","B",null,"M","?","M","$","M","E","M","R","T","E","R","$","R","?","R","B"],"character_chosen":"IRONCLAD","items_purchased":["Bottled Tornado","Body Slam"],"campfire_rested":1,"item_purchase_floors":[21,29],"current_hp_per_floor":[80,80,64,64,64,49,49,48,48,53,53,59,65,65,65,31,94,80,80,86,86,80,49,45,45,45,25,25,25,56,56,56,0],"gold":51,"neow_bonus":"RANDOM_COMMON_RELIC","is_prod":false,"is_daily":false,"chose_seed":false,"campfire_upgraded":6,"win_rate":0,"timestamp":1547309774,"path_taken":["M","M","?","$","?","E","R","E","T","E","R","M","E","?","R","BOSS","M","?","M","$","M","E","M","R","T","E","R","?","R","?","R","BOSS"],"build_version":"2019-01-10","purchased_purges":3,"victory":false,"max_hp_per_floor":[80,80,80,80,80,80,80,80,80,80,80,80,94,94,94,94,94,94,94,94,94,94,94,94,94,94,104,104,104,104,104,104,104],"card_choices":[{"not_picked":["Warcry","Flex"],"picked":"Cleave","floor":1},{"not_picked":["Headbutt","Twin Strike"],"picked":"Flame Barrier","floor":2},{"not_picked":["Iron Wave","Pommel Strike"],"picked":"Body Slam","floor":6},{"not_picked":["Limit Break","Sentinel"],"picked":"Battle Trance","floor":8},{"not_picked":["Sword Boomerang","Thunderclap"],"picked":"Pommel Strike","floor":10},{"not_picked":["Wild Strike","Perfected Strike"],"picked":"Evolve","floor":12},{"not_picked":["Flex","Sword Boomerang"],"picked":"Shrug It Off","floor":13},{"not_picked":["Body Slam","Juggernaut"],"picked":"Seeing Red","floor":14},{"not_picked":["Dark Embrace","Feed"],"picked":"Demon Form","floor":16},{"not_picked":["Anger","Headbutt"],"picked":"Reckless Charge","floor":18},{"not_picked":["Cleave","Flex"],"picked":"Battle Trance","floor":20},{"not_picked":["Wild Strike","Feel No Pain+1"],"picked":"Power Through+1","floor":22},{"not_picked":["Cleave+1","Rupture"],"picked":"Iron Wave","floor":23},{"not_picked":["Disarm","Flame Barrier"],"picked":"Heavy Blade","floor":24},{"not_picked":["Clothesline+1","Limit Break"],"picked":"True Grit","floor":27}],"player_experience":221249,"relics_obtained":[{"floor":6,"key":"Art of War"},{"floor":8,"key":"Du-Vu Doll"},{"floor":9,"key":"Paper Frog"},{"floor":10,"key":"Bottled Lightning"},{"floor":13,"key":"Mango"},{"floor":23,"key":"Kunai"},{"floor":23,"key":"MawBank"},{"floor":26,"key":"Nunchaku"},{"floor":27,"key":"Pear"},{"floor":27,"key":"Magic Flower"}],"event_choices":[{"damage_healed":0,"gold_gain":0,"player_choice":"Entered Light","damage_taken":16,"max_hp_gain":0,"max_hp_loss":0,"event_name":"Shining Light","floor":3,"gold_loss":0,"cards_upgraded":["Defend_R","Cleave"]},{"damage_healed":0,"gold_gain":0,"cards_transformed":["Strike_R"],"player_choice":"Transformed","damage_taken":0,"max_hp_gain":0,"max_hp_loss":0,"event_name":"Transmorgrifier","floor":5,"gold_loss":0,"cards_obtained":["Pommel Strike"]},{"damage_healed":0,"gold_gain":0,"cards_transformed":["Strike_R","Strike_R"],"player_choice":"Became Test Subject","damage_taken":0,"max_hp_gain":0,"max_hp_loss":0,"event_name":"Drug Dealer","floor":19,"gold_loss":0,"cards_obtained":["Inflame","Corruption"]},{"damage_healed":0,"gold_gain":0,"player_choice":"Gave Potion","damage_taken":0,"relics_obtained":["Ancient Tea Set"],"max_hp_gain":0,"max_hp_loss":0,"event_name":"WeMeetAgain","floor":31,"gold_loss":0}],"is_beta":false,"boss_relics":[{"not_picked":["Eternal Feather","Coffee Dripper"],"picked":"Black Star"}],"items_purged_floors":[4,21,29],"is_endless":false,"potions_floor_spawned":[6,8,10,14,18,23,27],"killed_by":"Champ","ascension_level":1}