{"gold_per_floor":[116,41,41,58,73,73,83,94,94,94,11,31,31,31,31,133,133,149,163,163,163,193,213,213,227,254,254,264,276,287,298,298,399,399,412,69,84,99,99],"floor_reached":39,"playtime":3917,"items_purged":["Strike_G","Defend_G"],"score":404,"play_id":"b11eda36-62e9-4e59-9683-628636310f1c","local_time":"20190110115832","is_ascension_mode":false,"campfire_choices":[{"data":"Noxious Fumes","floor":6,"key":"SMITH"},{"data":"Neutralize","floor":10,"key":"SMITH"},{"data":"Panacea","floor":13,"key":"SMITH"},{"data":"Deadly Poison","floor":15,"key":"SMITH"},{"data":"Adrenaline","floor":24,"key":"SMITH"},{"floor":32,"key":"REST"}],"neow_cost":"NONE","seed_source_timestamp":11180373977000,"circlet_count":0,"master_deck":["Defend_G","Defend_G","Defend_G","Defend_G","Survivor","Neutralize+1","Flying Knee","Noxious Fumes+1","PiercingWail","Deadly Poison+1","Deadly Poison","Panacea+1","Die Die Die","Adrenaline+1","Acrobatics","Bite","Bite","Bite","Bite","Caltrops","Backflip","Deadly Poison","Deflect","Tools of the Trade","Parasite"],"relics":["Ring of the Snake","NeowsBlessing","Bronze Scales","Sozu","MutagenicStrength","Tiny Chest","Art of War","Velvet Choker","Pear"],"potions_floor_usage":[7,16,23],"damage_taken":[{"damage":0,"enemies":"Jaw Worm","floor":1,"turns":1},{"damage":0,"enemies":"Cultist","floor":4,"turns":1},{"damage":0,"enemies":"2 Louse","floor":5,"turns":1},{"damage":3,"enemies":"Exordium Wildlife","floor":7,"turns":5},{"damage":1,"enemies":"Blue Slaver","floor":8,"turns":4},{"damage":8,"enemies":"2 Fungi Beasts","floor":12,"turns":3},{"damage":28,"enemies":"Slime Boss","floor":16,"turns":8},{"damage":4,"enemies":"Chosen","floor":18,"turns":4},{"damage":0,"enemies":"Shell Parasite","floor":19,"turns":4},{"damage":12,"enemies":"3 Cultists","floor":23,"turns":4},{"damage":4,"enemies":"Centurion and Healer","floor":25,"turns":6},{"damage":2,"enemies":"Chosen and Byrds","floor":28,"turns":4},{"damage":0,"enemies":"Snake Plant","floor":29,"turns":3},{"damage":16,"enemies":"3 Cultists","floor":30,"turns":4},{"damage":21,"enemies":"Sentry and Sphere","floor":31,"turns":5},{"damage":57,"enemies":"Collector","floor":33,"turns":7},{"damage":16,"enemies":"Orb Walker","floor":35,"turns":4},{"damage":26,"enemies":"3 Darklings","floor":37,"turns":4},{"damage":31,"enemies":"Writhing Mass","floor":38,"turns":5},{"damage":35,"enemies":"Transient","floor":39,"turns":2}],"seed_played":"3143682538235168803","potions_obtained":[{"floor":3,"key":"FairyPotion"},{"floor":3,"key":"LiquidBronze"},{"floor":3,"key":"SpeedPotion"},{"floor":5,"key":"AttackPotion"},{"floor":8,"key":"GamblersBrew"},{"floor":12,"key":"Explosive Potion"}],"is_trial":false,"path_per_floor":["M","$","?","M","M","R","M","M","T","R","$","M","R","?","R","B",null,"M","M","?","?","?","M","R","M","T","?","M","M","M","M","R","B",null,"M","$","M","M","M"],"character_chosen":"THE_SILENT","items_purchased":["Panacea","Pear"],"campfire_rested":1,"item_purchase_floors":[11,36],"current_hp_per_floor":[70,70,70,70,70,70,67,66,66,66,66,58,58,58,58,30,70,66,66,49,49,49,43,43,49,49,49,49,49,39,30,44,5,49,37,47,27,10,0],"gold":99,"neow_bonus":"THREE_ENEMY_KILL","is_prod":false,"is_daily":false,"chose_seed":false,"campfire_upgraded":5,"win_rate":0,"timestamp":1547092712,"path_taken":["M","$","?","?","M","R","M","M","T","R","$","M","R","?","R","BOSS","M","M","?","?","?","M","R","M","T","?","M","M","M","M","R","BOSS","M","$","?","M","M"],"build_version":"2019-01-03v4","purchased_purges":2,"victory":false,"max_hp_per_floor":[70,70,70,70,70,70,70,70,70,70,70,70,70,70,70,70,70,70,70,49,49,49,49,49,49,49,49,49,49,49,49,49,49,49,49,59,59,59,59],"card_choices":[{"not_picked":["Poisoned Stab","Prepared"],"picked":"Flying Knee","floor":1},{"not_picked":["All Out Attack","Blade Dance"],"picked":"Noxious Fumes","floor":4},{"not_picked":["Poisoned Stab","Dagger Throw"],"picked":"PiercingWail","floor":5},{"not_picked":["Prepared","Underhanded Strike"],"picked":"Deadly Poison","floor":7},{"not_picked":["Slice","Quick Slash"],"picked":"Deadly Poison","floor":8},{"not_picked":["Caltrops","Tactician"],"picked":"Die Die Die","floor":12},{"not_picked":["Envenom","A Thousand Cuts"],"picked":"Adrenaline","floor":16},{"not_picked":["Dagger Throw","Deflect"],"picked":"Acrobatics","floor":18},{"not_picked":["Eviscerate","Reflex","Expertise"],"picked":"SKIP","floor":19},{"not_picked":["Outmaneuver","Acrobatics"],"picked":"Caltrops","floor":23},{"not_picked":["Bouncing Flask","Underhanded Strike"],"picked":"Backflip","floor":25},{"not_picked":["Quick Slash","Dodge and Roll","All Out Attack"],"picked":"SKIP","floor":28},{"not_picked":["Reflex+1","Underhanded Strike+1"],"picked":"Deadly Poison","floor":29},{"not_picked":["Blade Dance","Acrobatics+1"],"picked":"Deflect","floor":30},{"not_picked":["Phantasmal Killer","Calculated Gamble","Underhanded Strike+1"],"picked":"SKIP","floor":31},{"not_picked":["Wraith Form v2","Glass Knife"],"picked":"Tools of the Trade","floor":33},{"not_picked":["Slice+1","Cloak And Dagger+1","Poisoned Stab"],"picked":"SKIP","floor":35},{"not_picked":["Predator","Acrobatics+1","Sucker Punch+1"],"picked":"SKIP","floor":37},{"not_picked":["Dagger Throw","Leg Sweep","Backflip+1"],"picked":"SKIP","floor":38}],"player_experience":135603,"relics_obtained":[{"floor":9,"key":"Bronze Scales"},{"floor":26,"key":"Art of War"}],"event_choices":[{"damage_healed":0,"gold_gain":0,"player_choice":"Got Potions","damage_taken":0,"max_hp_gain":0,"max_hp_loss":0,"event_name":"Lab","floor":3,"gold_loss":0},{"damage_healed":0,"gold_gain":0,"player_choice":"Leave","damage_taken":0,"max_hp_gain":0,"max_hp_loss":0,"event_name":"The Cleric","floor":14,"gold_loss":0},{"damage_healed":0,"gold_gain":0,"player_choice":"Became a vampire","damage_taken":0,"max_hp_gain":0,"max_hp_loss":21,"event_name":"Vampires","floor":20,"gold_loss":0,"cards_obtained":["Bite","Bite","Bite","Bite","Bite"]},{"damage_healed":0,"gold_gain":0,"player_choice":"Inject Mutagens","damage_taken":0,"relics_obtained":["MutagenicStrength"],"max_hp_gain":0,"max_hp_loss":0,"event_name":"Drug Dealer","floor":21,"gold_loss":0},{"damage_healed":0,"gold_gain":0,"player_choice":"Opened","damage_taken":0,"relics_obtained":["Tiny Chest"],"max_hp_gain":0,"max_hp_loss":0,"event_name":"The Mausoleum","floor":22,"gold_loss":0},{"cards_removed":["Bite"],"damage_healed":5,"gold_gain":0,"player_choice":"Offered Special","damage_taken":0,"max_hp_gain":0,"max_hp_loss":0,"event_name":"Bonfire Elementals","floor":27,"gold_loss":0}],"is_beta":false,"boss_relics":[{"not_picked":["Eternal Feather","HoveringKite"],"picked":"Sozu"},{"not_picked":["Calling Bell","Snecko Eye"],"picked":"Velvet Choker"}],"items_purged_floors":[2,36],"is_endless":false,"potions_floor_spawned":[5,8,12,23,33,37,38],"killed_by":"Transient","ascension_level":0}