{"gold_per_floor":[111,121,121,22,42,42,7,7,7,18,46,46],"floor_reached":12,"playtime":679,"items_purged":["Strike_B"],"score":144,"play_id":"987de612-a97a-49db-bfef-551ed9c462da","local_time":"20181230142002","is_ascension_mode":true,"campfire_choices":[{"data":"Genetic Algorithm","floor":6,"key":"SMITH"},{"data":"Reinforced Body","floor":8,"key":"SMITH"}],"neow_cost":"NONE","seed_source_timestamp":934705158033204,"circlet_count":0,"master_deck":["AscendersBane","Strike_B","Strike_B","Strike_B","Defend_B","Defend_B","Defend_B","Defend_B","Zap","Dualcast","Reinforced Body+1","Rebound","Gash","Genetic Algorithm+1","Gash","Reprogram"],"relics":["Sozu","Juzu Bracelet","Boot","Art of War"],"potions_floor_usage":[],"damage_taken":[{"damage":1,"enemies":"Cultist","floor":1,"turns":3},{"damage":0,"enemies":"Small Slimes","floor":2,"turns":3},{"damage":2,"enemies":"Jaw Worm","floor":5,"turns":3},{"damage":3,"enemies":"Blue Slaver","floor":10,"turns":4},{"damage":26,"enemies":"3 Sentries","floor":11,"turns":8},{"damage":23,"enemies":"Gremlin Gang","floor":12,"turns":5}],"seed_played":"-5762818158212047159","potions_obtained":[],"is_trial":false,"path_per_floor":["M","M","?","$","M","R","?","R","T","M","E","M"],"character_chosen":"DEFECT","items_purchased":["Gash"],"campfire_rested":0,"item_purchase_floors":[4],"current_hp_per_floor":[63,63,37,37,35,35,52,52,52,49,23,0],"gold":46,"neow_bonus":"BOSS_RELIC","is_prod":false,"is_daily":false,"chose_seed":false,"campfire_upgraded":2,"win_rate":0,"timestamp":1546197602,"path_taken":["M","?","?","$","M","R","?","R","T","M","E","M"],"build_version":"2018-12-20","purchased_purges":1,"victory":false,"max_hp_per_floor":[71,71,71,71,71,71,71,71,71,71,71,71],"card_choices":[{"not_picked":["Stack","Turbo"],"picked":"Reinforced Body","floor":1},{"not_picked":["Fusion","Chill"],"picked":"Rebound","floor":2},{"not_picked":["Barrage","Double Energy"],"picked":"Genetic Algorithm","floor":5},{"not_picked":["Double Energy","Cold Snap"],"picked":"Gash","floor":10},{"not_picked":["Self Repair","Static Discharge"],"picked":"Reprogram","floor":11}],"player_experience":882741,"relics_obtained":[{"floor":9,"key":"Boot"},{"floor":11,"key":"Art of War"}],"event_choices":[{"damage_healed":0,"gold_gain":0,"player_choice":"Success","damage_taken":26,"relics_obtained":["Juzu Bracelet"],"max_hp_gain":0,"max_hp_loss":0,"event_name":"Scrap Ooze","floor":3,"gold_loss":0},{"damage_healed":17,"gold_gain":0,"player_choice":"Healed","damage_taken":0,"max_hp_gain":0,"max_hp_loss":0,"event_name":"The Cleric","floor":7,"gold_loss":35}],"is_beta":false,"boss_relics":[],"items_purged_floors":[4],"is_endless":false,"potions_floor_spawned":[10,11],"killed_by":"Gremlin Gang","ascension_level":17}