{"gold_per_floor":[114,114,134,144,144,144,178,195,274,293,293,306,197,215,215,310,310,321,336,197,207,224,224,257,257,257,257,257,257,272,287,287,391,391,406,406,419,435,453,453,487,487,487,95,95,111,76,87,87,87],"floor_reached":50,"playtime":4467,"items_purged":["Strike_B","Strike_B","Defend_B"],"score":498,"play_id":"768f51c7-ad7c-465f-8302-253cd213c7d4","local_time":"20181022224542","is_ascension_mode":false,"campfire_choices":[{"data":"Redo","floor":6,"key":"SMITH"},{"floor":15,"key":"REST"},{"data":"Electrodynamics","floor":23,"key":"SMITH"},{"data":"Biased Cognition","floor":28,"key":"SMITH"},{"data":"White Noise","floor":32,"key":"SMITH"},{"data":"Machine Learning","floor":40,"key":"SMITH"},{"data":"Creative AI","floor":42,"key":"SMITH"},{"floor":49,"key":"REST"}],"neow_cost":"NONE","seed_source_timestamp":944060858077700,"circlet_count":0,"master_deck":["Strike_B","Strike_B+1","Defend_B+1","Defend_B","Zap+1","Dualcast","Ball Lightning","White Noise+1","Redo+1","Biased Cognition+1","Undo","Rebound+1","Auto Shields","Barrage+1","Electrodynamics+1","Loop+1","Static Discharge","Steam","Go for the Eyes+1","Conserve Battery","Machine Learning+1","Force Field","Tempest+1","Creative AI+1","Apotheosis","Aggregate","Skim","Capacitor"],"relics":["Cracked Core","Pocketwatch","Anchor","Molten Egg 2","Peace Pipe","Eternal Feather","Ancient Tea Set","Pantograph","MutagenicStrength","Nuclear Battery","Orichalcum","Bird Faced Urn","Happy Flower"],"potions_floor_usage":[39],"damage_taken":[{"damage":1,"enemies":"Cultist","floor":1,"turns":3},{"damage":0,"enemies":"Jaw Worm","floor":3,"turns":3},{"damage":0,"enemies":"Small Slimes","floor":4,"turns":2},{"damage":28,"enemies":"3 Sentries","floor":7,"turns":6},{"damage":0,"enemies":"Red Slaver","floor":8,"turns":3},{"damage":0,"enemies":"Looter","floor":10,"turns":2},{"damage":11,"enemies":"Gremlin Gang","floor":12,"turns":4},{"damage":0,"enemies":"3 Louse","floor":14,"turns":2},{"damage":11,"enemies":"Slime Boss","floor":16,"turns":5},{"damage":0,"enemies":"Chosen","floor":18,"turns":4},{"damage":22,"enemies":"2 Thieves","floor":19,"turns":3},{"damage":14,"enemies":"Snake Plant","floor":21,"turns":4},{"damage":2,"enemies":"Sentry and Sphere","floor":22,"turns":3},{"damage":31,"enemies":"Slavers","floor":24,"turns":3},{"damage":1,"enemies":"Cultist and Chosen","floor":30,"turns":4},{"damage":5,"enemies":"Snake Plant","floor":31,"turns":3},{"damage":32,"enemies":"Collector","floor":33,"turns":6},{"damage":0,"enemies":"Orb Walker","floor":35,"turns":4},{"damage":4,"enemies":"3 Shapes","floor":37,"turns":4},{"damage":21,"enemies":"Spire Growth","floor":38,"turns":4},{"damage":0,"enemies":"3 Darklings","floor":39,"turns":3},{"damage":64,"enemies":"Giant Head","floor":41,"turns":10},{"damage":25,"enemies":"Jaw Worm Horde","floor":46,"turns":4},{"damage":0,"enemies":"4 Shapes","floor":48,"turns":3},{"damage":99,"enemies":"Awakened One","floor":50,"turns":6}],"seed_played":"-2787457696369997258","potions_obtained":[{"floor":3,"key":"Block Potion"},{"floor":4,"key":"SmokeBomb"},{"floor":7,"key":"Block Potion"},{"floor":10,"key":"Explosive Potion"},{"floor":16,"key":"FocusPotion"},{"floor":22,"key":"Regen Potion"},{"floor":38,"key":"Ancient Potion"},{"floor":46,"key":"Swift Potion"}],"is_trial":false,"path_per_floor":["M","?","M","M","?","R","E","M","T","M","?","M","$","M","R","B",null,"M","M","$","M","M","R","E","?","T","?","R","?","M","M","R","B",null,"M","?","M","M","M","R","E","R","T","$","T","M","$","M","R"],"character_chosen":"DEFECT","items_purchased":["Auto Shields","Static Discharge","Apotheosis","Aggregate","Capacitor"],"campfire_rested":2,"item_purchase_floors":[13,20,44,44,47],"current_hp_per_floor":[74,59,59,59,59,59,31,31,31,31,28,17,17,17,39,28,75,75,53,53,39,37,49,18,18,18,4,16,16,15,10,22,15,80,80,80,76,55,64,76,12,27,27,27,27,12,12,22,61,0],"gold":87,"neow_bonus":"UPGRADE_CARD","is_prod":false,"is_daily":false,"chose_seed":false,"campfire_upgraded":6,"win_rate":0.0,"timestamp":1540262742,"path_taken":["M","?","M","?","?","R","E","M","T","M","?","?","$","M","R","BOSS","M","M","$","M","M","R","E","?","T","?","R","?","M","M","R","BOSS","M","?","M","M","?","R","E","R","T","$","?","M","$","M","R","BOSS"],"build_version":"2018-10-18","purchased_purges":3,"victory":false,"max_hp_per_floor":[75,75,75,75,75,75,75,75,75,75,75,75,75,75,75,75,75,75,75,75,75,75,75,75,75,75,80,80,80,80,80,80,80,80,80,80,80,80,80,80,80,80,80,80,80,80,80,80,80,80],"card_choices":[{"not_picked":["Cold Snap","Consume"],"picked":"Ball Lightning","floor":1},{"not_picked":["Steam","Leap"],"picked":"White Noise","floor":3},{"not_picked":["Steam","Auto Shields"],"picked":"Redo","floor":4},{"not_picked":["Hello World","BootSequence"],"picked":"Biased Cognition","floor":7},{"not_picked":["Blizzard","Stack","Leap"],"picked":"SKIP","floor":8},{"not_picked":["Chill","Redo"],"picked":"Undo","floor":10},{"not_picked":["Reprogram","Ball Lightning+1"],"picked":"Rebound+1","floor":12},{"not_picked":["Compile Driver+1","Cold Snap+1"],"picked":"Barrage+1","floor":14},{"not_picked":["Reboot","Biased Cognition"],"picked":"Electrodynamics","floor":16},{"not_picked":["Ball Lightning+1","Heatsinks","Hologram"],"picked":"SKIP","floor":18},{"not_picked":["Barrage+1","Conserve Battery"],"picked":"Loop+1","floor":19},{"not_picked":["Sweeping Beam+1","Redo"],"picked":"Steam","floor":21},{"not_picked":["Sweeping Beam+1","Aggregate"],"picked":"Go for the Eyes+1","floor":22},{"not_picked":["Genetic Algorithm","Ball Lightning+1"],"picked":"Conserve Battery","floor":24},{"not_picked":["Gash+1","Undo","Streamline+1"],"picked":"SKIP","floor":30},{"not_picked":["Static Discharge","Multi-Cast","Rebound+1"],"picked":"SKIP","floor":31},{"not_picked":["Biased Cognition","Creative AI"],"picked":"Machine Learning","floor":33},{"not_picked":["Steam+1","Gash+1"],"picked":"Force Field","floor":35},{"not_picked":["Leap+1","Undo","Stack"],"picked":"SKIP","floor":37},{"not_picked":["Melter+1","Leap+1"],"picked":"Tempest+1","floor":38},{"not_picked":["Beam Cell+1","Gash+1","Stack+1"],"picked":"SKIP","floor":39},{"not_picked":["Go for the Eyes+1","Compile Driver+1"],"picked":"Creative AI","floor":41},{"not_picked":["Redo","Steam"],"picked":"Skim","floor":46},{"not_picked":["Ball Lightning+1","Steam Power","Leap+1"],"picked":"SKIP","floor":48}],"player_experience":27268,"relics_obtained":[{"floor":7,"key":"Anchor"},{"floor":9,"key":"Molten Egg 2"},{"floor":24,"key":"Ancient Tea Set"},{"floor":26,"key":"Pantograph"},{"floor":41,"key":"Orichalcum"},{"floor":43,"key":"Bird Faced Urn"},{"floor":45,"key":"Happy Flower"}],"event_choices":[{"damage_healed":0,"gold_gain":0,"player_choice":"Entered Light","damage_taken":15,"max_hp_gain":0,"max_hp_loss":0,"event_name":"Shining Light","floor":2,"gold_loss":0,"cards_upgraded":["Strike_B","Defend_B"]},{"damage_healed":0,"gold_gain":0,"player_choice":"Gave Potion","damage_taken":0,"relics_obtained":["Pocketwatch"],"max_hp_gain":0,"max_hp_loss":0,"event_name":"WeMeetAgain","floor":5,"gold_loss":0},{"damage_healed":0,"gold_gain":0,"player_choice":"Success","damage_taken":3,"relics_obtained":["Peace Pipe"],"max_hp_gain":0,"max_hp_loss":0,"event_name":"Scrap Ooze","floor":11,"gold_loss":0},{"damage_healed":0,"gold_gain":0,"player_choice":"Ignored","damage_taken":0,"max_hp_gain":0,"max_hp_loss":0,"event_name":"Vampires","floor":25,"gold_loss":0},{"damage_healed":0,"gold_gain":0,"player_choice":"Shed Blood","damage_taken":19,"max_hp_gain":5,"max_hp_loss":0,"event_name":"Forgotten Altar","floor":27,"gold_loss":0},{"damage_healed":0,"gold_gain":0,"player_choice":"Inject Mutagens","damage_taken":0,"relics_obtained":["MutagenicStrength"],"max_hp_gain":0,"max_hp_loss":0,"event_name":"Drug Dealer","floor":29,"gold_loss":0},{"cards_removed":["Defend_B"],"damage_healed":0,"gold_gain":0,"player_choice":"Purged","damage_taken":0,"max_hp_gain":0,"max_hp_loss":0,"event_name":"Purifier","floor":36,"gold_loss":0}],"is_beta":false,"boss_relics":[{"not_picked":["FrozenCore","Sozu"],"picked":"Eternal Feather"},{"not_picked":["Runic Dome","Philosopher\u0027s Stone"],"picked":"Nuclear Battery"}],"items_purged_floors":[13,20,44],"is_endless":false,"potions_floor_spawned":[3,4,7,10,16,19,22,31,35,38,46],"killed_by":"Awakened One","ascension_level":0}