{"gold_per_floor":[114,114,129,144,94,94,109,139,214,214,229,29,44,44,44,144,144,159,174,189,149,164,164,194,194,244,256,283,295,307,319,331,443,455,482,509,208,208,58,88,88,103,128,143,143,158,158,158,158,158],"floor_reached":51,"playtime":1989,"items_purged":[],"score":922,"play_id":"ae90c0f2-0f5c-4841-bc88-4619ed3c5aad","local_time":"20181225034127","daily_mods":["Insanity","Colorless Cards","Lethality"],"is_ascension_mode":false,"campfire_choices":[{"data":"Mind Blast","floor":6,"key":"SMITH"},{"data":"Mind Blast","floor":10,"key":"SMITH"},{"data":"Bouncing Flask","floor":15,"key":"SMITH"},{"data":"Accuracy","floor":23,"key":"SMITH"},{"data":"Catalyst","floor":25,"key":"SMITH"},{"data":"Blade Dance","floor":27,"key":"SMITH"},{"data":"Deadly Poison","floor":32,"key":"SMITH"},{"data":"Concentrate","floor":41,"key":"SMITH"},{"data":"Dramatic Entrance","floor":45,"key":"SMITH"},{"data":"Dramatic Entrance","floor":47,"key":"SMITH"},{"data":"Night Terror","floor":49,"key":"SMITH"}],"neow_cost":"","seed_source_timestamp":0,"circlet_count":0,"master_deck":["PiercingWail","Sucker Punch","Quick Slash","Concentrate+1","Dagger Spray","PiercingWail","Poisoned Stab","Reflex","Underhanded Strike","Blind","Dark Shackles","Expertise","Dodge and Roll","Concentrate","Catalyst+1","Mind Blast+1","Terror","Reflex","Discovery","Flying Knee","Concentrate","Deadly Poison+1","Sucker Punch+1","Sucker Punch","Acrobatics+1","Bane","Escape Plan","PiercingWail","PiercingWail","Skewer","Dagger Spray","Leg Sweep","Poisoned Stab","Flash of Steel","Flying Knee","Blade Dance+1","Slice","Dagger Spray+1","Backflip","Acrobatics","Accuracy+1","Dagger Throw","PiercingWail","Cloak And Dagger","Masterful Stab+1","Setup","Deflect","Backflip","Quick Slash","Bouncing Flask+1","Quick Slash","Mind Blast+1","Underhanded Strike","Cloak And Dagger","Endless Agony","Dagger Throw","Night Terror+1","Dramatic Entrance+1","Calculated Gamble","PiercingWail","Sucker Punch","Deflect","Good Instincts","PiercingWail+1","Deflect+1","Distraction+1","Dramatic Entrance+1","Crippling Poison","Endless Agony","Venomology","Calculated Gamble","Slice","Infinite Blades","Backflip","Blade Dance+1","Flash of Steel+1","Quick Slash+1","Dagger Spray+1","Violence"],"special_seed":17889,"relics":["Ring of the Snake","Blood Vial","Darkstone Periapt","Membership Card","Orrery","Singing Bowl","MawBank","MutagenicStrength","WristBlade","OrangePellets","PreservedInsect","Regal Pillow","Bag of Preparation","Whetstone","Shuriken","Boot"],"potions_floor_usage":[24,33,50,50,50,50],"damage_taken":[{"damage":0,"enemies":"2 Louse","floor":1,"turns":2},{"damage":0,"enemies":"Cultist","floor":3,"turns":2},{"damage":1,"enemies":"Small Slimes","floor":4,"turns":2},{"damage":0,"enemies":"Gremlin Gang","floor":7,"turns":1},{"damage":0,"enemies":"3 Sentries","floor":8,"turns":2},{"damage":0,"enemies":"Exordium Wildlife","floor":11,"turns":1},{"damage":0,"enemies":"Large Slime","floor":13,"turns":1},{"damage":12,"enemies":"Hexaghost","floor":16,"turns":4},{"damage":0,"enemies":"2 Thieves","floor":18,"turns":1},{"damage":0,"enemies":"Spheric Guardian","floor":19,"turns":1},{"damage":0,"enemies":"Snake Plant","floor":20,"turns":1},{"damage":0,"enemies":"Centurion and Healer","floor":22,"turns":1},{"damage":0,"enemies":"Book of Stabbing","floor":24,"turns":1},{"damage":0,"enemies":"Shelled Parasite and Fungi","floor":28,"turns":1},{"damage":18,"enemies":"Collector","floor":33,"turns":7},{"damage":12,"enemies":"3 Darklings","floor":35,"turns":2},{"damage":0,"enemies":"Orb Walker","floor":36,"turns":1},{"damage":0,"enemies":"Nemesis","floor":40,"turns":1},{"damage":0,"enemies":"Sphere and 2 Shapes","floor":42,"turns":1},{"damage":0,"enemies":"3 Darklings","floor":44,"turns":1},{"damage":0,"enemies":"Maw","floor":46,"turns":4},{"damage":54,"enemies":"Donu and Deca","floor":50,"turns":7}],"seed_played":"9132729475110724367","potions_obtained":[{"floor":2,"key":"AttackPotion"},{"floor":2,"key":"GamblersBrew"},{"floor":2,"key":"SmokeBomb"},{"floor":3,"key":"AttackPotion"},{"floor":8,"key":"Explosive Potion"},{"floor":19,"key":"GhostInAJar"},{"floor":35,"key":"Swift Potion"},{"floor":40,"key":"Explosive Potion"}],"is_trial":false,"path_per_floor":["M","?","M","M","$","R","M","E","T","R","M","$","M","?","R","B",null,"M","M","M","?","M","R","E","R","T","R","M","?","?","?","R","B",null,"M","M","$","?","$","E","R","M","T","M","R","M","R","?","R","B",null],"character_chosen":"THE_SILENT","items_purchased":["Quick Slash","Membership Card","Infinite Blades","OrangePellets","PreservedInsect","Regal Pillow","Backflip","Bag of Preparation","Whetstone"],"campfire_rested":0,"item_purchase_floors":[5,12,37,37,37,37,37,39,39],"current_hp_per_floor":[70,70,70,69,69,69,69,69,69,69,70,70,70,70,70,58,70,70,70,70,70,70,70,70,70,70,70,70,70,70,70,70,52,70,58,60,60,60,60,62,62,64,64,66,66,68,68,68,68,16],"gold":158,"neow_bonus":"","is_prod":false,"is_daily":true,"chose_seed":false,"campfire_upgraded":11,"win_rate":0,"timestamp":1545676887,"path_taken":["M","?","M","M","$","R","?","E","T","R","?","$","M","?","R","BOSS","M","?","M","?","M","R","E","R","T","R","?","?","?","?","R","BOSS","M","?","$","?","$","E","R","M","T","M","R","?","R","?","R","BOSS"],"build_version":"2018-12-20","purchased_purges":0,"victory":true,"max_hp_per_floor":[70,70,70,70,70,70,70,70,70,70,70,70,70,70,70,70,70,70,70,70,70,70,70,70,70,70,70,70,70,70,70,70,70,70,70,70,70,70,70,70,70,70,70,70,70,70,70,70,70,70],"card_choices":[{"not_picked":["Choke","Deflect"],"picked":"Backflip","floor":1},{"not_picked":["Eviscerate","Die Die Die"],"picked":"Quick Slash","floor":3},{"not_picked":["Sucker Punch","Prepared"],"picked":"Bouncing Flask","floor":4},{"not_picked":["Terror","Dramatic Entrance"],"picked":"Mind Blast","floor":7},{"not_picked":["Outmaneuver","All Out Attack"],"picked":"Underhanded Strike","floor":8},{"not_picked":["Poisoned Stab","Deadly Poison"],"picked":"Cloak And Dagger","floor":11},{"not_picked":["Acrobatics","Bouncing Flask"],"picked":"Endless Agony","floor":13},{"not_picked":["Phantasmal Killer","Chrysalis"],"picked":"Night Terror","floor":16},{"not_picked":["Swift Strike","Dark Shackles"],"picked":"Dramatic Entrance","floor":17},{"not_picked":["Caltrops","Slice"],"picked":"Calculated Gamble","floor":17},{"not_picked":["Forethought","Choke"],"picked":"PiercingWail","floor":17},{"not_picked":["Poisoned Stab","Outmaneuver"],"picked":"Sucker Punch","floor":17},{"not_picked":["Acrobatics","Madness"],"picked":"Deflect","floor":17},{"not_picked":["Trip","Expertise+1"],"picked":"Good Instincts","floor":18},{"not_picked":["Discovery","Sucker Punch"],"picked":"PiercingWail+1","floor":19},{"not_picked":["Concentrate+1","Poisoned Stab"],"picked":"Deflect+1","floor":20},{"not_picked":["Blade Dance","Deadly Poison"],"picked":"Distraction+1","floor":22},{"not_picked":["Dagger Spray","Leg Sweep"],"picked":"Dramatic Entrance","floor":24},{"not_picked":["Purity","Underhanded Strike"],"picked":"Crippling Poison","floor":28},{"not_picked":["Transmutation","Unload"],"picked":"Venomology","floor":33},{"not_picked":["Deflect+1","Flying Knee+1"],"picked":"Calculated Gamble","floor":35},{"not_picked":["Prepared+1","Expertise"],"picked":"Slice","floor":36},{"not_picked":["Masterful Stab","Impatience"],"picked":"Blade Dance+1","floor":40},{"not_picked":["Blur","Outmaneuver+1"],"picked":"Flash of Steel+1","floor":42},{"not_picked":["Heel Hook","Dagger Spray"],"picked":"Quick Slash+1","floor":44},{"not_picked":["Sucker Punch","Slice"],"picked":"Dagger Spray+1","floor":46}],"player_experience":49471,"relics_obtained":[{"floor":8,"key":"Blood Vial"},{"floor":9,"key":"Darkstone Periapt"},{"floor":24,"key":"Singing Bowl"},{"floor":26,"key":"MawBank"},{"floor":40,"key":"Shuriken"},{"floor":43,"key":"Boot"}],"event_choices":[{"damage_healed":0,"gold_gain":0,"player_choice":"Got Potions","damage_taken":0,"max_hp_gain":0,"max_hp_loss":0,"event_name":"Lab","floor":2,"gold_loss":0},{"damage_healed":0,"gold_gain":0,"cards_transformed":["Setup"],"player_choice":"Transformed","damage_taken":0,"max_hp_gain":0,"max_hp_loss":0,"event_name":"Transmorgrifier","floor":14,"gold_loss":0,"cards_obtained":["Dagger Throw"]},{"damage_healed":0,"gold_gain":0,"player_choice":"Upgraded Two","damage_taken":0,"max_hp_gain":0,"max_hp_loss":0,"event_name":"Designer","floor":21,"gold_loss":40,"cards_upgraded":["Masterful Stab","Acrobatics"]},{"damage_healed":0,"gold_gain":0,"player_choice":"Inject Mutagens","damage_taken":0,"relics_obtained":["MutagenicStrength"],"max_hp_gain":0,"max_hp_loss":0,"event_name":"Drug Dealer","floor":29,"gold_loss":0},{"damage_healed":0,"gold_gain":0,"player_choice":"Read","damage_taken":0,"max_hp_gain":0,"max_hp_loss":0,"event_name":"The Library","floor":30,"gold_loss":0,"cards_obtained":["Endless Agony"]},{"damage_healed":0,"gold_gain":0,"player_choice":"Leave","damage_taken":0,"max_hp_gain":0,"max_hp_loss":0,"event_name":"FaceTrader","floor":31,"gold_loss":0},{"cards_removed":["Finisher"],"damage_healed":0,"gold_gain":0,"player_choice":"Purged","damage_taken":0,"max_hp_gain":0,"max_hp_loss":0,"event_name":"Purifier","floor":38,"gold_loss":0},{"damage_healed":0,"gold_gain":0,"cards_transformed":["All Out Attack"],"player_choice":"Transformed","damage_taken":0,"max_hp_gain":0,"max_hp_loss":0,"event_name":"Transmorgrifier","floor":48,"gold_loss":0,"cards_obtained":["Violence"]}],"is_beta":false,"boss_relics":[{"not_picked":["Ectoplasm","Runic Dome"],"picked":"Orrery"},{"not_picked":["Fusion Hammer","Sozu"],"picked":"WristBlade"}],"items_purged_floors":[],"is_endless":false,"potions_floor_spawned":[3,7,8,13,16,18,19,20,22,35,40,44],"ascension_level":0}