{"gold_per_floor":[119,43,61,61,78,78,113,113,113,130,140,80,80,97,97,198,198,212,232,331,331,50,65,65,65,91,91,54,54,54,68,68,172,172,189,24,78,91,103,103,103],"floor_reached":41,"playtime":3414,"items_purged":["Strike_B"],"score":430,"play_id":"f51aaefd-71d6-4510-9fa1-1d6e84fc1158","local_time":"20190120214248","is_ascension_mode":true,"campfire_choices":[{"data":"Leap","floor":6,"key":"SMITH"},{"data":"Streamline","floor":8,"key":"SMITH"},{"data":"Static Discharge","floor":15,"key":"SMITH"},{"data":"Stack","floor":24,"key":"SMITH"},{"data":"Electrodynamics","floor":27,"key":"SMITH"},{"data":"Leap","floor":29,"key":"SMITH"},{"data":"Streamline","floor":32,"key":"SMITH"},{"floor":40,"key":"REST"}],"neow_cost":"NONE","seed_source_timestamp":16012790540889,"circlet_count":0,"master_deck":["Strike_B","Strike_B","Strike_B","Defend_B","Defend_B","Defend_B","Defend_B","Zap+1","Dualcast+1","Streamline+1","FTL","Go for the Eyes","Leap+1","Static Discharge+1","Streamline+1","Electrodynamics+1","Conserve Battery","Conserve Battery","Stack+1","Leap+1","Defragment+1","Stack+1","Static Discharge+1"],"relics":["Cracked Core","The Courier","Sundial","Girya","MutagenicStrength","DataDisk","Lee\u0027s Waffle","Anchor","White Beast Statue","Frozen Eye","Vajra"],"potions_floor_usage":[18,33,35,38,39,41,41,41],"damage_taken":[{"damage":0,"enemies":"2 Louse","floor":1,"turns":2},{"damage":0,"enemies":"Cultist","floor":3,"turns":2},{"damage":7,"enemies":"Jaw Worm","floor":5,"turns":2},{"damage":13,"enemies":"3 Sentries","floor":7,"turns":6},{"damage":6,"enemies":"Exordium Thugs","floor":10,"turns":4},{"damage":0,"enemies":"2 Fungi Beasts","floor":11,"turns":2},{"damage":6,"enemies":"Blue Slaver","floor":14,"turns":3},{"damage":14,"enemies":"Hexaghost","floor":16,"turns":5},{"damage":7,"enemies":"Shell Parasite","floor":18,"turns":4},{"damage":6,"enemies":"Spheric Guardian","floor":19,"turns":4},{"damage":0,"enemies":"Chosen and Byrds","floor":23,"turns":4},{"damage":10,"enemies":"Snake Plant","floor":31,"turns":3},{"damage":63,"enemies":"Collector","floor":33,"turns":7},{"damage":12,"enemies":"3 Darklings","floor":35,"turns":3},{"damage":6,"enemies":"Orb Walker","floor":38,"turns":2},{"damage":28,"enemies":"Jaw Worm Horde","floor":39,"turns":4},{"damage":92,"enemies":"Giant Head","floor":41,"turns":9}],"seed_played":"-6250356637865090772","potions_obtained":[{"floor":1,"key":"Dexterity Potion"},{"floor":3,"key":"LiquidBronze"},{"floor":10,"key":"Block Potion"},{"floor":18,"key":"PowerPotion"},{"floor":33,"key":"Weak Potion"},{"floor":35,"key":"Weak Potion"},{"floor":38,"key":"FearPotion"},{"floor":39,"key":"GamblersBrew"}],"is_trial":false,"path_per_floor":["M","$","M","?","M","R","E","R","T","M","M","$","?","M","R","B",null,"M","M","?","?","$","M","R","?","T","R","$","R","$","M","R","B",null,"M","$","T","M","M","R","E"],"character_chosen":"DEFECT","items_purchased":["FTL","DataDisk","Lee\u0027s Waffle","Leap","Frozen Eye"],"campfire_rested":1,"item_purchase_floors":[2,22,22,28,36],"current_hp_per_floor":[75,75,75,75,68,68,55,55,55,49,49,49,49,43,43,29,75,68,62,62,62,82,82,82,82,82,82,82,82,82,72,72,9,82,70,70,70,64,36,60,0],"gold":103,"neow_bonus":"UPGRADE_CARD","is_prod":false,"is_daily":false,"chose_seed":false,"campfire_upgraded":7,"win_rate":0,"timestamp":1547988168,"path_taken":["M","$","M","?","M","R","E","R","T","M","M","?","?","M","R","BOSS","M","M","?","?","$","M","R","?","T","R","$","R","?","M","R","BOSS","M","$","?","M","M","R","E"],"build_version":"2019-01-17v2","purchased_purges":1,"victory":false,"max_hp_per_floor":[75,75,75,75,75,75,75,75,75,75,75,75,75,75,75,75,75,75,75,75,75,82,82,82,82,82,82,82,82,82,82,82,82,82,82,82,82,82,82,82,82],"card_choices":[{"not_picked":["Coolheaded","Turbo"],"picked":"Streamline","floor":1},{"not_picked":["Rebound","Blizzard"],"picked":"Go for the Eyes","floor":3},{"not_picked":["Beam Cell","Auto Shields"],"picked":"Leap","floor":5},{"not_picked":["Rebound","Hello World"],"picked":"Chill","floor":7},{"not_picked":["Go for the Eyes","Gash"],"picked":"Static Discharge","floor":10},{"not_picked":["Force Field","Rebound"],"picked":"Streamline","floor":11},{"not_picked":["Cold Snap","Skim","Chill"],"picked":"SKIP","floor":14},{"not_picked":["All For One","Thunder Strike"],"picked":"Electrodynamics","floor":16},{"not_picked":["Chaos","Coolheaded"],"picked":"Conserve Battery","floor":18},{"not_picked":["Sweeping Beam+1","Redo"],"picked":"Conserve Battery","floor":19},{"not_picked":["Beam Cell","Loop"],"picked":"Stack","floor":23},{"not_picked":["Coolheaded+1","Darkness+1","Heatsinks+1"],"picked":"SKIP","floor":31},{"not_picked":["Static Discharge+1","Hologram+1"],"picked":"Defragment+1","floor":35},{"not_picked":["Rip and Tear+1","Cold Snap"],"picked":"Stack+1","floor":38},{"not_picked":["Aggregate","Turbo+1"],"picked":"Static Discharge+1","floor":39}],"player_experience":160715,"relics_obtained":[{"floor":7,"key":"The Courier"},{"floor":9,"key":"Sundial"},{"floor":26,"key":"Anchor"},{"floor":37,"key":"Vajra"}],"event_choices":[{"damage_healed":0,"gold_gain":0,"player_choice":"Upgraded","damage_taken":0,"max_hp_gain":0,"max_hp_loss":0,"event_name":"Upgrade Shrine","floor":4,"gold_loss":0,"cards_upgraded":["Dualcast"]},{"cards_removed":["Chill"],"damage_healed":0,"gold_gain":0,"player_choice":"Gave Card","damage_taken":0,"relics_obtained":["Girya"],"max_hp_gain":0,"max_hp_loss":0,"event_name":"WeMeetAgain","floor":13,"gold_loss":0},{"damage_healed":0,"gold_gain":99,"player_choice":"Stole From Cult","damage_taken":0,"max_hp_gain":0,"max_hp_loss":0,"event_name":"Nest","floor":20,"gold_loss":0},{"damage_healed":0,"gold_gain":0,"player_choice":"Inject Mutagens","damage_taken":0,"relics_obtained":["MutagenicStrength"],"max_hp_gain":0,"max_hp_loss":0,"event_name":"Drug Dealer","floor":21,"gold_loss":0}],"is_beta":false,"boss_relics":[{"not_picked":["Nuclear Battery","Coffee Dripper","FrozenCore"]},{"not_picked":["Cursed Key","Astrolabe"],"picked":"White Beast Statue"}],"items_purged_floors":[12],"is_endless":false,"potions_floor_spawned":[1,3,10,16,18,33,35,38,39],"killed_by":"Giant Head","ascension_level":2}