{"gold_per_floor":[209,209,229,229,249,249,284,284,309,324,343,377,389,2,2,105,105,115,125,138,157,168,225,225,255,255,255,255,255,255,284,284,379,379,399,410,420,420,435,435,435,182,182,200,200,210,210,35,35,35],"floor_reached":50,"playtime":3898,"items_purged":["Strike_G","Night Terror"],"score":702,"play_id":"95fc2541-15d1-42f2-9ddc-cf2c61e988f0","local_time":"20190514225506","is_ascension_mode":true,"campfire_choices":[{"data":"Backflip","floor":6.0,"key":"SMITH"},{"floor":8.0,"key":"REST"},{"floor":15.0,"key":"REST"},{"floor":24.0,"key":"REST"},{"floor":29.0,"key":"REST"},{"floor":32.0,"key":"REST"},{"floor":41.0,"key":"DIG"},{"floor":45.0,"key":"DIG"},{"floor":47.0,"key":"REST"},{"floor":49.0,"key":"RECALL"}],"neow_cost":"NONE","seed_source_timestamp":355786932497200,"circlet_count":0,"master_deck":["Defend_G","Defend_G","Defend_G","Defend_G","Defend_G","Strike_G","Strike_G","Strike_G","Strike_G+1","Survivor","Neutralize+1","Expertise","PiercingWail","Backflip+1","Malaise","Backstab+1","Deadly Poison","Deflect","Slice","Endless Agony","Blade Dance+1","PiercingWail+1","Dash","Footwork+1","Decay","Endless Agony+1","Corpse Explosion","Poisoned Stab+1","Backstab+1","Panacea","Escape Plan","Flash of Steel+1","Cloak And Dagger+1","Storm of Steel","Secret Technique"],"special_seed":0,"relics":["Ring of the Snake","PreservedInsect","Lantern","Whetstone","Dead Branch","Runic Pyramid","Tiny Chest","Molten Egg 2","Shovel","Mummified Hand","Art of War","Prayer Wheel","Busted Crown","Bottled Flame","Du-Vu Doll"],"potions_floor_usage":[],"damage_taken":[{"damage":0.0,"enemies":"2 Louse","floor":1.0,"turns":4.0},{"damage":0.0,"enemies":"Cultist","floor":3.0,"turns":5.0},{"damage":2.0,"enemies":"Jaw Worm","floor":5.0,"turns":8.0},{"damage":56.0,"enemies":"Gremlin Nob","floor":7.0,"turns":7.0},{"damage":0.0,"enemies":"Lots of Slimes","floor":10.0,"turns":6.0},{"damage":0.0,"enemies":"Blue Slaver","floor":11.0,"turns":7.0},{"damage":7.0,"enemies":"3 Sentries","floor":12.0,"turns":8.0},{"damage":0.0,"enemies":"3 Louse","floor":13.0,"turns":3.0},{"damage":13.0,"enemies":"The Guardian","floor":16.0,"turns":16.0},{"damage":21.0,"enemies":"Shell Parasite","floor":18.0,"turns":26.0},{"damage":3.0,"enemies":"Chosen","floor":19.0,"turns":8.0},{"damage":6.0,"enemies":"Snake Plant","floor":20.0,"turns":5.0},{"damage":18.0,"enemies":"Centurion and Healer","floor":21.0,"turns":16.0},{"damage":18.0,"enemies":"Shelled Parasite and Fungi","floor":22.0,"turns":4.0},{"damage":1.0,"enemies":"Book of Stabbing","floor":23.0,"turns":8.0},{"damage":12.0,"enemies":"Gremlin Leader","floor":25.0,"turns":6.0},{"damage":0.0,"enemies":"Book of Stabbing","floor":31.0,"turns":4.0},{"damage":15.0,"enemies":"Champ","floor":33.0,"turns":15.0},{"damage":10.0,"enemies":"3 Darklings","floor":35.0,"turns":5.0},{"damage":7.0,"enemies":"Orb Walker","floor":36.0,"turns":6.0},{"damage":25.0,"enemies":"Maw","floor":37.0,"turns":7.0},{"damage":11.0,"enemies":"3 Darklings","floor":39.0,"turns":2.0},{"damage":0.0,"enemies":"Jaw Worm Horde","floor":44.0,"turns":2.0},{"damage":44.0,"enemies":"Transient","floor":46.0,"turns":5.0},{"damage":24,"enemies":"Donu and Deca","floor":50,"turns":4}],"seed_played":"-2791856987566781098","potions_obtained":[{"floor":1.0,"key":"PowerPotion"},{"floor":5.0,"key":"PowerPotion"},{"floor":13.0,"key":"SneckoOil"},{"floor":16.0,"key":"EntropicBrew"},{"floor":22.0,"key":"Weak Potion"},{"floor":25.0,"key":"Dexterity Potion"},{"floor":31.0,"key":"Explosive Potion"},{"floor":33.0,"key":"Ancient Potion"},{"floor":36.0,"key":"LiquidBronze"},{"floor":39.0,"key":"PowerPotion"}],"is_trial":false,"path_per_floor":["M","?","M","?","M","R","E","R","T","M","M","E","M","$","R","B",null,"M","M","M","M","M","E","R","E","T","?","T","R","T","E","R","B",null,"M","M","M","?","M","?","R","$","T","M","R","M","R","$","R","B"],"character_chosen":"THE_SILENT","items_purchased":["Dead Branch","Escape Plan","Flash of Steel+1","Secret Technique"],"campfire_rested":6,"item_purchase_floors":[14,42,42,48],"current_hp_per_floor":[70,70,70,70,68,68,12,33,33,33,33,26,26,26,47,34,70,49,46,40,22,4,3,24,12,12,12,12,33,33,33,54,39,70,60,53,28,61,50,50,50,50,50,50,50,6,24,24,24,0],"gold":35,"neow_bonus":"HUNDRED_GOLD","is_prod":false,"is_daily":false,"chose_seed":false,"campfire_upgraded":1,"win_rate":0,"timestamp":1557892506,"path_taken":["M","?","?","?","M","R","E","R","T","M","M","E","M","$","R","BOSS","M","?","M","M","M","E","R","E","T","?","?","R","?","E","R","BOSS","M","M","M","?","M","?","R","?","T","M","R","M","R","$","R","BOSS"],"build_version":"2019-01-23","purchased_purges":2,"victory":false,"max_hp_per_floor":[70,70,70,70,70,70,70,70,70,70,70,70,70,70,70,70,70,70,70,70,70,70,70,70,70,70,70,70,70,70,70,70,70,70,70,70,70,61,61,61,61,61,61,61,61,61,61,61,61,61],"card_choices":[{"not_picked":["Eviscerate","Flying Knee"],"picked":"Expertise","floor":1.0},{"not_picked":["Underhanded Strike","Calculated Gamble"],"picked":"PiercingWail","floor":3.0},{"not_picked":["Outmaneuver","Bane"],"picked":"Backflip","floor":5.0},{"not_picked":["Prepared","Deadly Poison"],"picked":"Malaise","floor":7.0},{"not_picked":["Flying Knee","Choke","Outmaneuver"],"picked":"SKIP","floor":10.0},{"not_picked":["Dagger Spray","Bane"],"picked":"Backstab","floor":11.0},{"not_picked":["Glass Knife","Quick Slash"],"picked":"Deadly Poison","floor":12.0},{"not_picked":["Riddle With Holes","Terror"],"picked":"Deflect","floor":13.0},{"not_picked":["Glass Knife","Venomology"],"picked":"Night Terror","floor":16.0},{"not_picked":["Outmaneuver","Setup","Acrobatics"],"picked":"SKIP","floor":18.0},{"not_picked":["Dagger Spray","Outmaneuver"],"picked":"Slice","floor":19.0},{"not_picked":["Dodge and Roll+1","Poisoned Stab"],"picked":"Endless Agony","floor":20.0},{"not_picked":["PiercingWail","Quick Slash"],"picked":"Blade Dance+1","floor":21.0},{"not_picked":["Flying Knee","Choke+1"],"picked":"PiercingWail+1","floor":22.0},{"not_picked":["Noxious Fumes","Backflip"],"picked":"Dash","floor":23.0},{"not_picked":["After Image","Night Terror"],"picked":"Footwork+1","floor":25.0},{"not_picked":["Concentrate","Cloak And Dagger"],"picked":"Endless Agony+1","floor":31.0},{"not_picked":["Tools of the Trade","Wraith Form v2"],"picked":"Corpse Explosion","floor":33.0},{"not_picked":[],"picked":"Poisoned Stab+1","floor":35.0},{"not_picked":["Flying Knee+1"],"picked":"SKIP","floor":35.0},{"not_picked":[],"picked":"Backstab+1","floor":36.0},{"not_picked":["Crippling Poison+1"],"picked":"SKIP","floor":36.0},{"not_picked":["Flying Knee+1"],"picked":"SKIP","floor":37.0},{"not_picked":["Dagger Spray+1"],"picked":"SKIP","floor":37.0},{"not_picked":["Choke+1"],"picked":"SKIP","floor":39.0},{"not_picked":["Dagger Spray+1"],"picked":"SKIP","floor":39.0},{"not_picked":[],"picked":"Panacea","floor":40.0},{"not_picked":[],"picked":"Cloak And Dagger+1","floor":44.0},{"not_picked":["Leg Sweep+1"],"picked":"SKIP","floor":44.0},{"not_picked":[],"picked":"Storm of Steel","floor":46.0},{"not_picked":["Blade Dance+1"],"picked":"SKIP","floor":46.0}],"player_experience":186664,"relics_obtained":[{"floor":7.0,"key":"PreservedInsect"},{"floor":9.0,"key":"Lantern"},{"floor":12.0,"key":"Whetstone"},{"floor":23.0,"key":"Tiny Chest"},{"floor":25.0,"key":"Molten Egg 2"},{"floor":26.0,"key":"Shovel"},{"floor":28.0,"key":"Mummified Hand"},{"floor":30.0,"key":"Art of War"},{"floor":31.0,"key":"Prayer Wheel"},{"floor":41.0,"key":"Bottled Flame"},{"floor":45.0,"key":"Du-Vu Doll"}],"event_choices":[{"damage_healed":0.0,"max_hp_gain":0.0,"max_hp_loss":0.0,"gold_gain":0.0,"event_name":"The Woman in Blue","player_choice":"Bought 0 Potions","floor":2.0,"gold_loss":0.0,"damage_taken":0.0},{"damage_healed":0.0,"max_hp_gain":0.0,"max_hp_loss":0.0,"gold_gain":0.0,"event_name":"Upgrade Shrine","player_choice":"Upgraded","floor":4.0,"gold_loss":0.0,"damage_taken":0.0,"cards_upgraded":["Neutralize"]},{"damage_healed":0.0,"max_hp_gain":0.0,"max_hp_loss":0.0,"gold_gain":0.0,"event_name":"Forgotten Altar","player_choice":"Smashed Altar","floor":27.0,"gold_loss":0.0,"damage_taken":0.0,"cards_obtained":["Decay"]},{"damage_healed":61.0,"max_hp_gain":0.0,"max_hp_loss":9.0,"gold_gain":0.0,"event_name":"The Moai Head","player_choice":"Heal","floor":38.0,"gold_loss":0.0,"damage_taken":0.0},{"damage_healed":0.0,"max_hp_gain":0.0,"max_hp_loss":0.0,"gold_gain":0.0,"event_name":"SensoryStone","player_choice":"Memory 1","floor":40.0,"gold_loss":0.0,"damage_taken":0.0}],"is_beta":false,"boss_relics":[{"not_picked":["Pandora\u0027s Box","Eternal Feather"],"picked":"Runic Pyramid"},{"not_picked":["Black Star","Philosopher\u0027s Stone"],"picked":"Busted Crown"}],"items_purged_floors":[14,42],"is_endless":false,"potions_floor_spawned":[1,5,13,16,22,25,31,33,36,39],"killed_by":"Donu and Deca","ascension_level":3}