{"gold_per_floor":[111,122,137,150,150,150,175,195,195,195,206,237,237,247,247,349,349,349,201,201,201,201,201,201,201,201,201,101,101,101,101,101,101,101,101,101,29,29,29,29,29,29,29,29,29,29,29,29,29,29,29,29,29,29,29],"floor_reached":56,"playtime":3477,"items_purged":["Strike_G","Strike_G"],"score":1663,"play_id":"242dfbdb-0ce6-4d7b-a7cc-a4e3774ca9cb","local_time":"20190603131311","is_ascension_mode":true,"campfire_choices":[{"data":"Dash","floor":6.0,"key":"SMITH"},{"floor":10.0,"key":"REST"},{"floor":13.0,"key":"DIG"},{"floor":15.0,"key":"DIG"},{"floor":23.0,"key":"DIG"},{"floor":25.0,"key":"DIG"},{"floor":27.0,"key":"DIG"},{"floor":32.0,"key":"REST"},{"floor":41.0,"key":"DIG"},{"floor":49.0,"key":"RECALL"},{"data":"Skewer","floor":52.0,"key":"SMITH"}],"neow_cost":"TEN_PERCENT_HP_LOSS","seed_source_timestamp":1288736666975200,"circlet_count":0,"master_deck":["Defend_G","Defend_G","Defend_G","Defend_G","Defend_G","Strike_G","Strike_G+1","Strike_G","Survivor","Neutralize+1","Adrenaline+1","Backstab","Dash+1","Backflip","Deadly Poison","Blur","Skewer+1","Adrenaline","Footwork","Adrenaline","Dagger Spray","Noxious Fumes","Escape Plan","Finisher+1","Backflip","Corpse Explosion","PiercingWail","Dash+1","Adrenaline","Outmaneuver+1","Deflect+1","Riddle With Holes+1","Quick Slash+1","PiercingWail+1","Footwork+1","Adrenaline","Skewer+1"],"special_seed":0,"relics":["Ring of the Serpent","Shovel","Shuriken","Incense Burner","Question Card","Whetstone","Ectoplasm","Red Mask","MawBank","Torii","Molten Egg 2","Bottled Tornado","Potion Belt","Omamori","Necronomicon","Sundial","The Courier","Bottled Lightning","Singing Bowl","StoneCalendar","Bottled Flame"],"potions_floor_usage":[55,55,55],"damage_taken":[{"damage":2.0,"enemies":"Jaw Worm","floor":1.0,"turns":4.0},{"damage":0.0,"enemies":"2 Louse","floor":2.0,"turns":3.0},{"damage":0.0,"enemies":"Small Slimes","floor":3.0,"turns":2.0},{"damage":10.0,"enemies":"Exordium Thugs","floor":4.0,"turns":6.0},{"damage":17.0,"enemies":"3 Sentries","floor":7.0,"turns":10.0},{"damage":0.0,"enemies":"Red Slaver","floor":8.0,"turns":3.0},{"damage":0.0,"enemies":"Gremlin Gang","floor":11.0,"turns":4.0},{"damage":0.0,"enemies":"Lagavulin","floor":12.0,"turns":5.0},{"damage":1.0,"enemies":"Looter","floor":14.0,"turns":3.0},{"damage":10.0,"enemies":"The Guardian","floor":16.0,"turns":12.0},{"damage":2.0,"enemies":"Shell Parasite","floor":18.0,"turns":4.0},{"damage":4.0,"enemies":"3 Byrds","floor":20.0,"turns":5.0},{"damage":3.0,"enemies":"Shelled Parasite and Fungi","floor":21.0,"turns":4.0},{"damage":0.0,"enemies":"Masked Bandits","floor":22.0,"turns":2.0},{"damage":4.0,"enemies":"Book of Stabbing","floor":24.0,"turns":5.0},{"damage":0.0,"enemies":"Centurion and Healer","floor":29.0,"turns":4.0},{"damage":0.0,"enemies":"Slavers","floor":30.0,"turns":3.0},{"damage":10.0,"enemies":"Champ","floor":33.0,"turns":9.0},{"damage":0.0,"enemies":"3 Shapes","floor":35.0,"turns":2.0},{"damage":0.0,"enemies":"3 Darklings","floor":36.0,"turns":2.0},{"damage":17.0,"enemies":"4 Shapes","floor":38.0,"turns":3.0},{"damage":0.0,"enemies":"Spire Growth","floor":39.0,"turns":4.0},{"damage":1.0,"enemies":"Reptomancer","floor":40.0,"turns":6.0},{"damage":21.0,"enemies":"Giant Head","floor":42.0,"turns":7.0},{"damage":0.0,"enemies":"Reptomancer","floor":44.0,"turns":3.0},{"damage":0.0,"enemies":"Nemesis","floor":46.0,"turns":5.0},{"damage":15.0,"enemies":"Awakened One","floor":50.0,"turns":11.0},{"damage":2.0,"enemies":"Shield and Spear","floor":54.0,"turns":4.0},{"damage":41,"enemies":"The Heart","floor":55,"turns":11}],"seed_played":"6306904399154108487","potions_obtained":[{"floor":1.0,"key":"EssenceOfSteel"},{"floor":8.0,"key":"Energy Potion"},{"floor":12.0,"key":"PowerPotion"},{"floor":16.0,"key":"GamblersBrew"},{"floor":21.0,"key":"Weak Potion"},{"floor":29.0,"key":"Explosive Potion"},{"floor":33.0,"key":"GhostInAJar"},{"floor":36.0,"key":"GamblersBrew"},{"floor":39.0,"key":"EntropicBrew"}],"is_trial":false,"path_per_floor":["M","M","M","M","?","R","E","M","T","R","M","E","R","M","R","B",null,"M","$","M","M","?","R","E","R","T","R","$","M","E","?","R","B",null,"M","M","$","M","M","E","R","E","T","E","?","E","?","$","R","B",null,"R","$","E","B",null],"character_chosen":"THE_SILENT","items_purchased":["Noxious Fumes","Riddle With Holes+1"],"campfire_rested":2,"item_purchase_floors":[19,37],"current_hp_per_floor":[61,61,61,51,51,51,34,34,34,52,52,52,52,51,51,41,63,61,61,57,54,54,54,50,50,50,50,50,50,50,34,52,42,63,63,63,63,46,46,45,45,24,24,24,63,65,62,62,62,47,62,62,62,60,19],"gold":29,"neow_bonus":"THREE_RARE_CARDS","is_prod":false,"is_daily":false,"chose_seed":false,"campfire_upgraded":2,"win_rate":0,"timestamp":1559585591,"path_taken":["M","M","M","M","?","R","E","M","T","R","M","E","R","M","R","BOSS","M","$","M","M","?","R","E","R","T","R","$","M","E","?","R","BOSS","M","M","$","M","M","E","R","E","T","E","?","E","?","?","R","BOSS","R","$","E","BOSS"],"build_version":"2019-01-23","purchased_purges":2,"victory":true,"max_hp_per_floor":[63,63,63,63,63,63,63,63,63,63,63,63,63,63,63,63,63,63,63,63,63,63,63,63,63,63,63,63,63,63,63,63,63,63,63,63,63,63,63,63,63,63,63,63,63,65,62,62,62,62,62,62,62,62,62],"card_choices":[{"not_picked":["Die Die Die","A Thousand Cuts"],"picked":"Adrenaline","floor":0.0},{"not_picked":["Bane","Cloak And Dagger"],"picked":"Backstab","floor":1.0},{"not_picked":["Quick Slash","Terror"],"picked":"Dash","floor":2.0},{"not_picked":["Blade Dance","Sucker Punch"],"picked":"Backflip","floor":3.0},{"not_picked":["Sucker Punch","Choke"],"picked":"Deadly Poison","floor":4.0},{"not_picked":["Dash","Dagger Throw"],"picked":"Blur","floor":7.0},{"not_picked":["Escape Plan","Slice"],"picked":"Skewer","floor":8.0},{"not_picked":["Catalyst","PiercingWail"],"picked":"Adrenaline","floor":11.0},{"not_picked":["Endless Agony","Flechettes"],"picked":"Footwork","floor":12.0},{"not_picked":["Acrobatics","Dodge and Roll","Eviscerate","Deadly Poison"],"picked":"SKIP","floor":14.0},{"not_picked":["Malaise","Burst","Envenom"],"picked":"Adrenaline","floor":16.0},{"not_picked":["Flying Knee","Terror","Accuracy+1"],"picked":"Dagger Spray","floor":18.0},{"not_picked":["Dash","Deadly Poison+1","Outmaneuver+1"],"picked":"Escape Plan","floor":20.0},{"not_picked":["Blade Dance","Slice+1","Deadly Poison"],"picked":"Finisher+1","floor":21.0},{"not_picked":["Dagger Throw","Blade Dance","Deadly Poison"],"picked":"Backflip","floor":22.0},{"not_picked":["Bouncing Flask","Doppelganger","Blade Dance"],"picked":"Corpse Explosion","floor":24.0},{"not_picked":["Dagger Spray+1","Slice+1","Cloak And Dagger"],"picked":"PiercingWail","floor":29.0},{"not_picked":["Tactician+1","Underhanded Strike+1","Heel Hook+1"],"picked":"Dash+1","floor":30.0},{"not_picked":["Venomology","Phantasmal Killer","Corpse Explosion"],"picked":"Adrenaline","floor":33.0},{"not_picked":["Setup","Accuracy+1","Cloak And Dagger"],"picked":"Outmaneuver+1","floor":35.0},{"not_picked":["Dagger Spray+1","Backflip+1","Flying Knee+1"],"picked":"Deflect+1","floor":36.0},{"not_picked":["Expertise","Sucker Punch+1","Eviscerate+1"],"picked":"Quick Slash+1","floor":38.0},{"not_picked":["Slice+1","Quick Slash+1","Deadly Poison","Distraction"],"picked":"SKIP","floor":39.0},{"not_picked":["Corpse Explosion","Eviscerate+1","Cloak And Dagger+1"],"picked":"PiercingWail+1","floor":40.0},{"not_picked":["Cloak And Dagger","Poisoned Stab+1","Dagger Throw+1"],"picked":"Footwork+1","floor":42.0},{"not_picked":["PiercingWail","Expertise+1","Bane+1"],"picked":"Adrenaline","floor":44.0},{"not_picked":["Dodge and Roll","Underhanded Strike+1","Reflex","Blade Dance"],"picked":"Singing Bowl","floor":46.0},{"not_picked":["Concentrate","Accuracy+1","Glass Knife+1"],"picked":"Skewer+1","floor":54.0}],"player_experience":265001,"relics_obtained":[{"floor":7.0,"key":"Shovel"},{"floor":9.0,"key":"Shuriken"},{"floor":12.0,"key":"Incense Burner"},{"floor":13.0,"key":"Question Card"},{"floor":15.0,"key":"Whetstone"},{"floor":22.0,"key":"Red Mask"},{"floor":23.0,"key":"MawBank"},{"floor":24.0,"key":"Torii"},{"floor":25.0,"key":"Molten Egg 2"},{"floor":26.0,"key":"Bottled Tornado"},{"floor":27.0,"key":"Potion Belt"},{"floor":30.0,"key":"Omamori"},{"floor":31.0,"key":"Necronomicon"},{"floor":40.0,"key":"Sundial"},{"floor":41.0,"key":"The Courier"},{"floor":42.0,"key":"Bottled Lightning"},{"floor":44.0,"key":"Singing Bowl"},{"floor":46.0,"key":"StoneCalendar"},{"floor":54.0,"key":"Bottled Flame"}],"event_choices":[{"damage_healed":0.0,"max_hp_gain":0.0,"max_hp_loss":0.0,"gold_gain":0.0,"event_name":"Living Wall","player_choice":"Grow","floor":5.0,"gold_loss":0.0,"damage_taken":0.0,"cards_upgraded":["Adrenaline"]},{"damage_healed":0.0,"max_hp_gain":0.0,"max_hp_loss":0.0,"gold_gain":0.0,"event_name":"Masked Bandits","player_choice":"Fought Bandits","floor":22.0,"gold_loss":0.0,"damage_taken":0.0},{"damage_healed":0.0,"max_hp_gain":0.0,"max_hp_loss":0.0,"gold_gain":0.0,"event_name":"Cursed Tome","player_choice":"Obtained Book","floor":31.0,"gold_loss":0.0,"damage_taken":16.0},{"damage_healed":39.0,"max_hp_gain":0.0,"max_hp_loss":0.0,"gold_gain":0.0,"event_name":"MindBloom","player_choice":"Heal","floor":45.0,"gold_loss":0.0,"damage_taken":0.0,"cards_obtained":["Doubt"]},{"damage_healed":0.0,"max_hp_gain":0.0,"max_hp_loss":3.0,"gold_gain":0.0,"event_name":"Winding Halls","player_choice":"Max HP","floor":47.0,"gold_loss":0.0,"damage_taken":0.0}],"is_beta":false,"boss_relics":[{"not_picked":["Runic Dome","Lizard Tail"],"picked":"Ectoplasm"},{"not_picked":["Black Star","Tiny House"],"picked":"Ring of the Serpent"}],"items_purged_floors":[19,28],"is_endless":false,"potions_floor_spawned":[1,8,12,16,21,29,33,36,39],"ascension_level":4}