{"gold_per_floor":[217,217,217,231,244,270,270,299,345,345,361,384,87,115,115,219,219,238,249,261,275,275,275,308,308,308,308],"floor_reached":27,"playtime":1665,"items_purged":["Strike_R"],"score":314,"play_id":"3c2d0b70-fa36-4f91-9275-156c95674d9f","local_time":"20190513185750","is_ascension_mode":true,"campfire_choices":[{"data":"Spot Weakness","floor":7,"key":"SMITH"},{"floor":10,"key":"REST"},{"data":"Exhume","floor":15,"key":"SMITH"},{"data":"Exhume","floor":23,"key":"SMITH"},{"data":"Disarm","floor":25,"key":"SMITH"}],"neow_cost":"NONE","seed_source_timestamp":259276288277000,"circlet_count":0,"master_deck":["Strike_R","Strike_R+1","Strike_R+1","Defend_R","Defend_R+1","Defend_R","Defend_R+1","Bash","Spot Weakness+1","Metallicize+1","Shockwave","Armaments","Shrug It Off","Inflame+1","Disarm+1","Exhume+1","Uppercut","Exhume+1","Feel No Pain+1","Metallicize+1","Anger","Power Through+1","Shockwave","Anger+1"],"relics":["Burning Blood","Frozen Egg 2","Blood Vial","Matryoshka","Centennial Puzzle","War Paint","Juzu Bracelet","Anchor","Runic Cube","Smiling Mask","Letter Opener"],"potions_floor_usage":[6,6,14,18,20],"damage_taken":[{"damage":7,"enemies":"Small Slimes","floor":1,"turns":4},{"damage":4,"enemies":"Jaw Worm","floor":4,"turns":4},{"damage":2,"enemies":"Cultist","floor":5,"turns":3},{"damage":10,"enemies":"3 Sentries","floor":6,"turns":8},{"damage":43,"enemies":"Gremlin Nob","floor":8,"turns":5},{"damage":2,"enemies":"Exordium Wildlife","floor":11,"turns":6},{"damage":17,"enemies":"3 Sentries","floor":14,"turns":7},{"damage":7,"enemies":"Hexaghost","floor":16,"turns":11},{"damage":9,"enemies":"3 Byrds","floor":18,"turns":8},{"damage":5,"enemies":"Shell Parasite","floor":19,"turns":8},{"damage":12,"enemies":"Centurion and Healer","floor":20,"turns":6},{"damage":8,"enemies":"Snake Plant","floor":21,"turns":6},{"damage":19,"enemies":"Slavers","floor":24,"turns":8},{"damage":64,"enemies":"Cultist and Chosen","floor":27,"turns":10}],"seed_played":"-1628586092472750426","potions_obtained":[{"floor":4,"key":"SkillPotion"},{"floor":5,"key":"Energy Potion"},{"floor":8,"key":"SteroidPotion"},{"floor":16,"key":"AttackPotion"},{"floor":19,"key":"SkillPotion"}],"is_trial":false,"path_per_floor":["M","?","?","M","M","E","R","E","T","R","M","T","$","E","R","B",null,"M","M","M","M","?","R","E","R","T","M"],"character_chosen":"IRONCLAD","items_purchased":["Inflame+1","Disarm","Exhume"],"campfire_rested":1,"item_purchase_floors":[13,13,13],"current_hp_per_floor":[79,67,51,53,57,53,53,18,18,42,48,48,48,39,39,40,70,69,72,68,68,68,68,57,57,57,0],"gold":308,"neow_bonus":"HUNDRED_GOLD","is_prod":false,"is_daily":false,"chose_seed":false,"campfire_upgraded":4,"win_rate":0,"timestamp":1557791870,"path_taken":["M","?","?","M","M","E","R","E","T","R","M","?","$","E","R","BOSS","M","M","M","M","?","R","E","R","T","M"],"build_version":"2019-01-23","purchased_purges":1,"victory":false,"max_hp_per_floor":[80,80,80,80,80,80,80,80,80,80,80,80,80,80,80,80,80,80,80,80,80,80,80,80,80,80,80],"card_choices":[{"not_picked":["Thunderclap","Headbutt"],"picked":"Spot Weakness","floor":1},{"not_picked":["Carnage","Havoc"],"picked":"Metallicize+1","floor":4},{"not_picked":["Thunderclap","Wild Strike"],"picked":"Shockwave","floor":5},{"not_picked":["Sentinel","Havoc"],"picked":"Armaments","floor":6},{"not_picked":["Warcry","Battle Trance"],"picked":"Shrug It Off","floor":8},{"not_picked":["Thunderclap","Reckless Charge","Blood for Blood"],"picked":"SKIP","floor":11},{"not_picked":["Immolate","Seeing Red"],"picked":"Uppercut","floor":14},{"not_picked":["Berserk+1","Reaper"],"picked":"Exhume","floor":16},{"not_picked":["Hemokinesis","True Grit"],"picked":"Feel No Pain+1","floor":18},{"not_picked":["Clothesline+1","Headbutt+1"],"picked":"Metallicize+1","floor":19},{"not_picked":["Fire Breathing+1","Shrug It Off"],"picked":"Anger","floor":20},{"not_picked":["Entrench","Perfected Strike"],"picked":"Power Through+1","floor":21},{"not_picked":["Second Wind+1","True Grit"],"picked":"Anger+1","floor":24}],"player_experience":181128,"relics_obtained":[{"floor":6,"key":"Blood Vial"},{"floor":8,"key":"Matryoshka"},{"floor":9,"key":"Centennial Puzzle"},{"floor":9,"key":"War Paint"},{"floor":12,"key":"Juzu Bracelet"},{"floor":14,"key":"Anchor"},{"floor":24,"key":"Smiling Mask"},{"floor":26,"key":"Letter Opener"}],"event_choices":[{"damage_healed":0,"gold_gain":0,"player_choice":"Success","damage_taken":12,"relics_obtained":["Frozen Egg 2"],"max_hp_gain":0,"max_hp_loss":0,"event_name":"Scrap Ooze","floor":2,"gold_loss":0},{"damage_healed":0,"gold_gain":0,"player_choice":"Entered Light","damage_taken":16,"max_hp_gain":0,"max_hp_loss":0,"event_name":"Shining Light","floor":3,"gold_loss":0,"cards_upgraded":["Strike_R","Strike_R"]},{"damage_healed":0,"gold_gain":0,"cards_transformed":["Strike_R"],"player_choice":"Transformed","damage_taken":0,"max_hp_gain":0,"max_hp_loss":0,"event_name":"Transmorgrifier","floor":22,"gold_loss":0,"cards_obtained":["Shockwave"]}],"is_beta":false,"boss_relics":[{"not_picked":["Coffee Dripper","Tiny House"],"picked":"Runic Cube"}],"items_purged_floors":[13],"is_endless":false,"potions_floor_spawned":[4,5,8,16,19],"killed_by":"Cultist and Chosen","ascension_level":5}