{"gold_per_floor":[110,110,135,51,71,71,94,94,163,183,207,221,283,283,283,406,406,431,431,451,451,25,25,40,65,65,65,83,83,208,229,229,348,348,364,364,378,378,55,55,94,115,141,141,22,22,37,370,370,370],"floor_reached":50,"playtime":2009,"items_purged":[],"score":514,"play_id":"0e7abde3-0840-42f0-957b-9791111d64c5","local_time":"20190427190334","is_ascension_mode":false,"campfire_choices":[{"data":"Neutralize","floor":6,"key":"SMITH"},{"data":"Trip","floor":8,"key":"SMITH"},{"data":"Distraction","floor":15,"key":"SMITH"},{"data":"Neutralize","floor":23,"key":"SMITH"},{"floor":27,"key":"REST"},{"data":"Cloak And Dagger","floor":29,"key":"SMITH"},{"floor":32,"key":"REST"},{"data":"Sadistic Nature","floor":40,"key":"SMITH"},{"data":"Well Laid Plans","floor":44,"key":"SMITH"},{"floor":49,"key":"REST"}],"neow_cost":"NONE","seed_source_timestamp":268444338209189,"circlet_count":0,"master_deck":["Defend_G","Defend_G","Defend_G","Defend_G","Strike_G","Survivor","Neutralize+1","Distraction+1","Predator","Trip+1","Cloak And Dagger+1","Slice","Heel Hook","Cloak And Dagger+1","Venomology+1","Die Die Die","Doppelganger+1","Envenom+1","Wraith Form v2+1","Crippling Poison+1","Sucker Punch+1","Neutralize+1","Madness+1","Panache","Deadly Poison+1","Dagger Spray+1","Backflip+1","Setup+1","Calculated Gamble+1","Corpse Explosion+1","Deflect+1","Sadistic Nature+1","Noxious Fumes","Backstab","Dark Shackles+1","Well Laid Plans+1","Deflect+1","Noxious Fumes","Noxious Fumes"],"relics":["Empty Cage","Toxic Egg 2","Omamori","Astrolabe","MutagenicStrength","Shuriken","The Courier","Turnip","Question Card","Cursed Key","Ninja Scroll","Ornamental Fan","PreservedInsect"],"potions_floor_usage":[16,16,16,24,25,28,28,30,31,33,35,50,50,50,50],"damage_taken":[{"damage":2,"enemies":"Small Slimes","floor":1,"turns":4},{"damage":0,"enemies":"2 Louse","floor":3,"turns":3},{"damage":0,"enemies":"Cultist","floor":5,"turns":3},{"damage":8,"enemies":"Lots of Slimes","floor":7,"turns":7},{"damage":0,"enemies":"Looter","floor":10,"turns":3},{"damage":0,"enemies":"Blue Slaver","floor":11,"turns":4},{"damage":8,"enemies":"Exordium Wildlife","floor":12,"turns":4},{"damage":18,"enemies":"Hexaghost","floor":16,"turns":11},{"damage":7,"enemies":"2 Thieves","floor":18,"turns":4},{"damage":30,"enemies":"Spheric Guardian","floor":20,"turns":8},{"damage":6,"enemies":"Shelled Parasite and Fungi","floor":24,"turns":3},{"damage":9,"enemies":"Cultist and Chosen","floor":25,"turns":5},{"damage":6,"enemies":"Sentry and Sphere","floor":28,"turns":5},{"damage":12,"enemies":"Colosseum Slavers","floor":30,"turns":3},{"damage":1,"enemies":"Colosseum Nobs","floor":30,"turns":2},{"damage":0,"enemies":"Centurion and Healer","floor":31,"turns":7},{"damage":33,"enemies":"Champ","floor":33,"turns":9},{"damage":5,"enemies":"3 Shapes","floor":35,"turns":5},{"damage":14,"enemies":"Orb Walker","floor":37,"turns":4},{"damage":18,"enemies":"Reptomancer","floor":41,"turns":6},{"damage":0,"enemies":"4 Shapes","floor":42,"turns":5},{"damage":0,"enemies":"Spire Growth","floor":47,"turns":5},{"damage":62,"enemies":"Time Eater","floor":50,"turns":9}],"seed_played":"-4229496950461440708","potions_obtained":[{"floor":3,"key":"AttackPotion"},{"floor":10,"key":"FearPotion"},{"floor":11,"key":"Energy Potion"},{"floor":16,"key":"GamblersBrew"},{"floor":25,"key":"Block Potion"},{"floor":28,"key":"Swift Potion"},{"floor":33,"key":"FearPotion"},{"floor":35,"key":"SteroidPotion"},{"floor":41,"key":"PowerPotion"},{"floor":47,"key":"Swift Potion"}],"is_trial":false,"path_per_floor":["M","?","M","$","M","R","M","R","T","M","M","M","?","?","R","B",null,"M","?","M","?","$","R","M","M","T","R","M","R","?","M","R","B",null,"M","?","M","?","$","R","E","M","T","R","$","?","M","?","R","B"],"character_chosen":"THE_SILENT","items_purchased":["Trip","Panache","Shuriken","Ninja Scroll","Backstab","Dark Shackles+1","Noxious Fumes","Noxious Fumes"],"campfire_rested":3,"item_purchase_floors":[4,22,22,39,39,39,45,45],"current_hp_per_floor":[68,51,51,51,51,51,43,43,43,43,43,35,35,35,35,17,70,63,63,33,33,33,33,27,18,18,39,33,33,20,20,41,8,70,65,65,51,51,51,51,33,33,33,33,33,33,33,33,54,0],"gold":370,"neow_bonus":"BOSS_RELIC","is_prod":false,"is_daily":false,"chose_seed":false,"campfire_upgraded":7,"win_rate":0,"timestamp":1556409814,"path_taken":["M","?","M","$","M","R","M","R","T","M","M","M","?","?","R","BOSS","M","?","M","?","$","R","?","M","T","R","?","R","?","M","R","BOSS","M","?","M","?","$","R","E","M","T","R","$","?","?","?","R","BOSS"],"build_version":"2019-01-23","purchased_purges":0,"victory":false,"max_hp_per_floor":[70,70,70,70,70,70,70,70,70,70,70,70,70,70,70,70,70,70,70,70,70,70,70,70,70,70,70,70,70,70,70,70,70,70,70,70,70,70,70,70,70,70,70,70,70,70,70,70,70,70],"card_choices":[{"not_picked":["Sucker Punch","Dodge and Roll"],"picked":"Distraction","floor":1},{"not_picked":["Slice","Calculated Gamble"],"picked":"Predator","floor":3},{"not_picked":["Flechettes","Tactician"],"picked":"Cloak And Dagger","floor":5},{"not_picked":["Quick Slash","Sucker Punch"],"picked":"Slice","floor":7},{"not_picked":["Flying Knee","Poisoned Stab"],"picked":"Heel Hook","floor":10},{"not_picked":["Acrobatics+1","Flechettes"],"picked":"Cloak And Dagger+1","floor":11},{"not_picked":["Prepared+1","Predator"],"picked":"Venomology+1","floor":12},{"not_picked":["Envenom","Tools of the Trade"],"picked":"Die Die Die","floor":16},{"not_picked":["Deflect+1","Prepared+1"],"picked":"Crippling Poison+1","floor":18},{"not_picked":["Quick Slash+1","A Thousand Cuts"],"picked":"Sucker Punch+1","floor":20},{"not_picked":["Sucker Punch+1","Eviscerate+1"],"picked":"Deadly Poison+1","floor":24},{"not_picked":["Outmaneuver+1","Flechettes"],"picked":"Dagger Spray+1","floor":25},{"not_picked":["Dagger Throw","Dash+1"],"picked":"Backflip+1","floor":28},{"not_picked":["Dagger Throw+1","Flying Knee"],"picked":"Setup+1","floor":30},{"not_picked":["Outmaneuver+1","Dagger Throw","Acrobatics+1"],"picked":"Calculated Gamble+1","floor":31},{"not_picked":["Venomology+1","Storm of Steel+1","After Image"],"picked":"Corpse Explosion+1","floor":33},{"not_picked":["Distraction+1","Heel Hook","Dagger Spray"],"picked":"Deflect+1","floor":35},{"not_picked":["Good Instincts+1","HandOfGreed","Bandage Up+1"],"picked":"Sadistic Nature","floor":36},{"not_picked":["Poisoned Stab","Concentrate+1","Quick Slash"],"picked":"Noxious Fumes","floor":37},{"not_picked":["Dagger Throw+1","Sucker Punch+1","Masterful Stab+1"],"picked":"Well Laid Plans","floor":41},{"not_picked":["Flechettes","Underhanded Strike+1","Skewer+1"],"picked":"Deflect+1","floor":42},{"not_picked":["Outmaneuver+1","Deflect+1","Flechettes+1","Setup+1"],"picked":"SKIP","floor":47}],"player_experience":518869,"relics_obtained":[{"floor":9,"key":"Toxic Egg 2"},{"floor":26,"key":"The Courier"},{"floor":30,"key":"Turnip"},{"floor":30,"key":"Question Card"},{"floor":41,"key":"Ornamental Fan"}],"event_choices":[{"damage_healed":0,"gold_gain":0,"player_choice":"Take Damage","damage_taken":17,"relics_obtained":["Golden Idol"],"max_hp_gain":0,"max_hp_loss":0,"event_name":"Golden Idol","floor":2,"gold_loss":0},{"damage_healed":0,"gold_gain":62,"player_choice":"Gained Gold","damage_taken":0,"max_hp_gain":0,"max_hp_loss":0,"event_name":"Golden Wing","floor":13,"gold_loss":0},{"damage_healed":0,"gold_gain":0,"player_choice":"Searched \u00272\u0027 times","damage_taken":0,"relics_obtained":["Omamori"],"max_hp_gain":0,"max_hp_loss":0,"event_name":"Dead Adventurer","floor":14,"gold_loss":0},{"damage_healed":0,"gold_gain":0,"player_choice":"Inject Mutagens","damage_taken":0,"relics_obtained":["MutagenicStrength"],"max_hp_gain":0,"max_hp_loss":0,"event_name":"Drug Dealer","floor":19,"gold_loss":0},{"damage_healed":0,"gold_gain":0,"player_choice":"2 cards matched","damage_taken":0,"max_hp_gain":0,"max_hp_loss":0,"event_name":"Match and Keep!","floor":21,"gold_loss":0,"cards_obtained":["Neutralize","Madness"]},{"damage_healed":0,"gold_gain":0,"player_choice":"2 cards matched","damage_taken":0,"max_hp_gain":0,"max_hp_loss":0,"event_name":"Match and Keep!","floor":21,"gold_loss":0,"cards_obtained":["Neutralize","Madness"]},{"damage_healed":0,"gold_gain":0,"player_choice":"Fight","damage_taken":0,"max_hp_gain":0,"max_hp_loss":0,"event_name":"Colosseum","floor":30,"gold_loss":0},{"damage_healed":0,"gold_gain":0,"player_choice":"Fought Nobs","damage_taken":0,"max_hp_gain":0,"max_hp_loss":0,"event_name":"Colosseum","floor":30,"gold_loss":0},{"damage_healed":0,"gold_gain":0,"player_choice":"Memory 1","damage_taken":0,"max_hp_gain":0,"max_hp_loss":0,"event_name":"SensoryStone","floor":36,"gold_loss":0},{"damage_healed":0,"gold_gain":0,"player_choice":"Ignored","damage_taken":0,"max_hp_gain":0,"max_hp_loss":0,"event_name":"Tomb of Lord Red Mask","floor":38,"gold_loss":0},{"damage_healed":0,"gold_gain":0,"player_choice":"Gave Potion","damage_taken":0,"relics_obtained":["PreservedInsect"],"max_hp_gain":0,"max_hp_loss":0,"event_name":"WeMeetAgain","floor":46,"gold_loss":0},{"damage_healed":0,"gold_gain":333,"player_choice":"Gave Idol","damage_taken":0,"max_hp_gain":0,"max_hp_loss":0,"event_name":"The Moai Head","floor":48,"relics_lost":["Golden Idol"],"gold_loss":0}],"is_beta":false,"boss_relics":[{"not_picked":["White Beast Statue","Velvet Choker"],"picked":"Astrolabe"},{"not_picked":["Runic Dome","Sozu"],"picked":"Cursed Key"}],"items_purged_floors":[],"is_endless":false,"potions_floor_spawned":[3,10,11,16,25,28,30,33,35,41,47],"killed_by":"Time Eater","ascension_level":0}