{"gold_per_floor":[114,114,114,264,278,278,296,296,296,296,317,340,340,265,265,363,363,388,403,403,419,74,74,117,136,161,161,186,224,260,285,285,285],"floor_reached":33,"playtime":1918,"items_purged":["Doubt"],"score":485,"play_id":"04587fee-a4ae-420e-8f59-3ec372e56520","local_time":"20181121144250","is_ascension_mode":true,"campfire_choices":[{"data":"Zap","floor":6,"key":"SMITH"},{"data":"Coolheaded","floor":8,"key":"SMITH"},{"data":"Dualcast","floor":10,"key":"SMITH"},{"data":"Defragment","floor":13,"key":"SMITH"},{"floor":15,"key":"REST"},{"floor":23,"key":"REST"},{"floor":27,"key":"REST"},{"floor":32,"key":"REST"}],"neow_cost":"NONE","seed_source_timestamp":4604421643694,"circlet_count":0,"master_deck":["AscendersBane","Strike_B","Defend_B+1","Defend_B+1","Defend_B","Defend_B","Zap+1","Dualcast+1","Ball Lightning","Seek","Coolheaded+1","Defragment+1","Electrodynamics","Chill","FTL","Bandage Up","Amplify","Thunder Strike"],"relics":["Cracked Core","Golden Idol","Question Card","Empty Cage","Bottled Tornado","Darkstone Periapt","Lantern","Red Mask","Singing Bowl"],"potions_floor_usage":[4,31,33],"damage_taken":[{"damage":11,"enemies":"2 Louse","floor":1,"turns":3},{"damage":0,"enemies":"Small Slimes","floor":5,"turns":3},{"damage":0,"enemies":"Cultist","floor":7,"turns":2},{"damage":8,"enemies":"Blue Slaver","floor":11,"turns":3},{"damage":0,"enemies":"2 Fungi Beasts","floor":12,"turns":3},{"damage":8,"enemies":"The Guardian","floor":16,"turns":10},{"damage":3,"enemies":"3 Byrds","floor":18,"turns":2},{"damage":29,"enemies":"2 Thieves","floor":19,"turns":4},{"damage":12,"enemies":"Cultist and Chosen","floor":21,"turns":4},{"damage":21,"enemies":"Slavers","floor":24,"turns":3},{"damage":8,"enemies":"Centurion and Healer","floor":25,"turns":5},{"damage":10,"enemies":"Shelled Parasite and Fungi","floor":28,"turns":5},{"damage":7,"enemies":"Masked Bandits","floor":29,"turns":2},{"damage":17,"enemies":"Book of Stabbing","floor":30,"turns":5},{"damage":9,"enemies":"Snake Plant","floor":31,"turns":4},{"damage":51,"enemies":"Automaton","floor":33,"turns":10}],"seed_played":"583597283367137903","potions_obtained":[{"floor":1,"key":"Fruit Juice"},{"floor":7,"key":"LiquidBronze"},{"floor":21,"key":"Dexterity Potion"},{"floor":29,"key":"Weak Potion"}],"is_trial":false,"path_per_floor":["M","?","?","?","M","R","M","R","T","R","M","M","R","$","R","B",null,"M","M","?","M","$","R","E","M","T","R","M","?","E","M","R","B"],"character_chosen":"DEFECT","items_purchased":["Bottled Tornado","Bandage Up"],"campfire_rested":4,"item_purchase_floors":[22,22],"current_hp_per_floor":[60,37,37,42,42,42,42,42,42,42,34,34,34,34,56,48,69,66,37,37,25,25,47,26,22,22,44,38,35,22,19,42,0],"gold":285,"neow_bonus":"TEN_PERCENT_HP_BONUS","is_prod":false,"is_daily":false,"chose_seed":false,"campfire_upgraded":4,"win_rate":0,"timestamp":1542800570,"path_taken":["M","?","?","?","M","R","M","R","T","R","M","M","R","$","R","BOSS","M","M","?","M","$","R","E","M","T","R","?","?","E","M","R","BOSS"],"build_version":"2018-11-15","purchased_purges":1,"victory":false,"max_hp_per_floor":[78,78,71,76,76,76,76,76,76,76,76,76,76,76,76,76,76,76,76,76,76,76,76,76,76,76,76,76,76,76,78,78,78],"card_choices":[{"not_picked":["Stack","Steam"],"picked":"Ball Lightning","floor":1},{"not_picked":["Barrage","Ball Lightning"],"picked":"Seek","floor":5},{"not_picked":["Compile Driver","Gash"],"picked":"Coolheaded","floor":7},{"not_picked":["Rebound","Gash","Sunder","Streamline"],"picked":"SKIP","floor":11},{"not_picked":["Sweeping Beam","Static Discharge","Streamline"],"picked":"Defragment","floor":12},{"not_picked":["Seek","Biased Cognition","Thunder Strike"],"picked":"Electrodynamics","floor":16},{"not_picked":["Conserve Battery","Stack+1","Consume"],"picked":"Chill","floor":18},{"not_picked":["Lockon+1","Genetic Algorithm","Gash","Heatsinks"],"picked":"SKIP","floor":19},{"not_picked":["Rebound","Cold Snap","Leap","Lockon"],"picked":"SKIP","floor":21},{"not_picked":["Skim","Stack","Beam Cell"],"picked":"Amplify","floor":24},{"not_picked":["Go for the Eyes","Hologram+1","Compile Driver","Steam"],"picked":"SKIP","floor":25},{"not_picked":["Coolheaded","Compile Driver","Heatsinks","Barrage"],"picked":"SKIP","floor":28},{"not_picked":["Static Discharge","FTL","Biased Cognition"],"picked":"Thunder Strike","floor":30},{"not_picked":["Go for the Eyes+1","Self Repair","Coolheaded","Consume+1"],"picked":"Singing Bowl","floor":31}],"player_experience":734819,"relics_obtained":[{"floor":9,"key":"Question Card"},{"floor":24,"key":"Darkstone Periapt"},{"floor":26,"key":"Lantern"},{"floor":29,"key":"Red Mask"},{"floor":30,"key":"Singing Bowl"}],"event_choices":[{"damage_healed":0,"gold_gain":0,"player_choice":"Entered Light","damage_taken":23,"max_hp_gain":0,"max_hp_loss":0,"event_name":"Shining Light","floor":2,"gold_loss":0,"cards_upgraded":["Defend_B","Defend_B"]},{"damage_healed":0,"gold_gain":0,"player_choice":"Lose Max HP","damage_taken":0,"relics_obtained":["Golden Idol"],"max_hp_gain":0,"max_hp_loss":7,"event_name":"Golden Idol","floor":3,"gold_loss":0},{"damage_healed":0,"gold_gain":150,"player_choice":"AGREE","damage_taken":0,"max_hp_gain":0,"max_hp_loss":0,"event_name":"Liars Game","floor":4,"gold_loss":0,"cards_obtained":["Doubt"]},{"damage_healed":0,"gold_gain":0,"cards_transformed":["Strike_B"],"player_choice":"Transformed","damage_taken":0,"max_hp_gain":0,"max_hp_loss":0,"event_name":"Transmorgrifier","floor":20,"gold_loss":0,"cards_obtained":["FTL"]},{"damage_healed":0,"gold_gain":0,"player_choice":"Fought Bandits","damage_taken":0,"max_hp_gain":0,"max_hp_loss":0,"event_name":"Masked Bandits","floor":29,"gold_loss":0}],"is_beta":false,"boss_relics":[{"not_picked":["Ectoplasm","Orrery"],"picked":"Empty Cage"}],"items_purged_floors":[14],"is_endless":false,"potions_floor_spawned":[1,7,21,25,29],"killed_by":"Automaton","ascension_level":15}