{"gold_per_floor":[16,28,28,44,44,44,64,64,90,118,144,144,174,154,154,154],"floor_reached":16,"playtime":690,"items_purged":[],"score":205,"play_id":"8d0fc3f2-2932-4dba-b5fc-d36f079ef6b4","local_time":"20190207042612","is_ascension_mode":true,"campfire_choices":[{"data":"Zap","floor":6,"key":"SMITH"},{"floor":8,"key":"REST"},{"floor":15,"key":"REST"}],"neow_cost":"NO_GOLD","seed_source_timestamp":88611029959592,"circlet_count":0,"master_deck":["AscendersBane","Strike_B","Strike_B","Strike_B","Defend_B","Defend_B","Defend_B","Defend_B","Zap+1","Dualcast","Conserve Battery","FTL","Steam","Reinforced Body+1","Chill"],"relics":["Cracked Core","Torii","Centennial Puzzle","Lantern","Juzu Bracelet","Peace Pipe"],"potions_floor_usage":[],"damage_taken":[{"damage":1,"enemies":"2 Louse","floor":1,"turns":2},{"damage":18,"enemies":"Small Slimes","floor":2,"turns":3},{"damage":0,"enemies":"Jaw Worm","floor":4,"turns":3},{"damage":1,"enemies":"Red Slaver","floor":7,"turns":4},{"damage":15,"enemies":"3 Sentries","floor":10,"turns":9},{"damage":25,"enemies":"Lagavulin","floor":13,"turns":9},{"damage":40,"enemies":"Hexaghost","floor":16,"turns":13}],"seed_played":"-7579481183015557914","potions_obtained":[{"floor":10,"key":"Energy Potion"},{"floor":13,"key":"Weak Potion"}],"is_trial":false,"path_per_floor":["M","M","?","M","?","R","M","R","T","E","T","?","E","?","R","B"],"character_chosen":"DEFECT","items_purchased":[],"campfire_rested":2,"item_purchase_floors":[],"current_hp_per_floor":[63,45,45,45,38,38,37,58,58,43,43,43,18,18,39,0],"gold":154,"neow_bonus":"ONE_RARE_RELIC","is_prod":false,"is_daily":false,"chose_seed":false,"campfire_upgraded":1,"win_rate":0,"timestamp":1549502772,"path_taken":["M","M","?","M","?","R","M","R","T","E","?","?","E","?","R","BOSS"],"build_version":"2019-01-23","purchased_purges":0,"victory":false,"max_hp_per_floor":[71,71,71,71,71,71,71,71,71,71,71,71,71,71,71,71],"card_choices":[{"not_picked":["Hologram","Beam Cell"],"picked":"Conserve Battery","floor":1},{"not_picked":["Doom and Gloom","Lockon"],"picked":"FTL","floor":2},{"not_picked":["Conserve Battery","Hello World","Stack"],"picked":"SKIP","floor":4},{"not_picked":["Coolheaded","Stack"],"picked":"Steam","floor":7},{"not_picked":["Undo","Static Discharge"],"picked":"Reinforced Body","floor":10},{"not_picked":["Sweeping Beam","Streamline"],"picked":"Chill","floor":13}],"player_experience":935443,"relics_obtained":[{"floor":9,"key":"Centennial Puzzle"},{"floor":10,"key":"Lantern"},{"floor":11,"key":"Juzu Bracelet"},{"floor":13,"key":"Peace Pipe"}],"event_choices":[{"damage_healed":0,"gold_gain":0,"player_choice":"Ignored","damage_taken":0,"max_hp_gain":0,"max_hp_loss":0,"event_name":"Liars Game","floor":3,"gold_loss":0},{"cards_removed":["Strike_B"],"damage_healed":0,"gold_gain":0,"player_choice":"Card Removal","damage_taken":7,"max_hp_gain":0,"max_hp_loss":0,"event_name":"Golden Wing","floor":5,"gold_loss":0},{"damage_healed":0,"gold_gain":0,"player_choice":"Grow","damage_taken":0,"max_hp_gain":0,"max_hp_loss":0,"event_name":"Living Wall","floor":12,"gold_loss":0,"cards_upgraded":["Reinforced Body"]},{"damage_healed":0,"gold_gain":0,"player_choice":"Bought 1 Potion","damage_taken":0,"max_hp_gain":0,"max_hp_loss":0,"event_name":"The Woman in Blue","floor":14,"gold_loss":0}],"is_beta":false,"boss_relics":[],"items_purged_floors":[],"is_endless":false,"potions_floor_spawned":[10,13],"killed_by":"Hexaghost","ascension_level":18}