{"gold_per_floor":[115,115,126,126,276,311,311,334,358,382,307,1,21,34,34,132,132,156,172,186,227,227,227,127,127,151,185,185,100,119,132,132,209,209,221,231,251,126,126,156,156,156,156,156,175,185,200,218,218,218],"floor_reached":51,"playtime":3414,"items_purged":["Injury","Strike_B","Undo"],"score":1441,"play_id":"4c85d981-e5a7-4faa-b6ab-0e0087d87331","local_time":"20190411182130","is_ascension_mode":true,"campfire_choices":[{"data":"Zap","floor":7,"key":"SMITH"},{"data":"Defragment","floor":15,"key":"SMITH"},{"data":"Capacitor","floor":23,"key":"SMITH"},{"data":"Buffer","floor":25,"key":"SMITH"},{"floor":28,"key":"REST"},{"data":"Electrodynamics","floor":32,"key":"SMITH"},{"floor":41,"key":"REST"},{"data":"Lockon","floor":44,"key":"SMITH"},{"floor":49,"key":"REST"}],"neow_cost":"NONE","seed_source_timestamp":39111097587790,"circlet_count":0,"master_deck":["AscendersBane","Zap+1","Dualcast","Defragment+1","Self Repair","Ball Lightning","Glacier","Buffer+1","Electrodynamics+1","Cold Snap","Capacitor+1","Seek","Chill","Cold Snap","Lockon+1","Multi-Cast","Beam Cell","Melter","Barrage","Doubt","White Noise","Defragment","Parasite"],"relics":["Cracked Core","NeowsBlessing","Juzu Bracelet","Bloody Idol","Oddly Smooth Stone","Anchor","Runic Capacitor","Philosopher\u0027s Stone","Red Mask","Centennial Puzzle","Bronze Scales","Cables","Pandora\u0027s Box","Bottled Tornado","Singing Bowl"],"potions_floor_usage":[16,20,20,50,50],"damage_taken":[{"damage":0,"enemies":"Jaw Worm","floor":1,"turns":1},{"damage":0,"enemies":"2 Louse","floor":3,"turns":1},{"damage":0,"enemies":"Lagavulin","floor":6,"turns":1},{"damage":6,"enemies":"Small Slimes","floor":8,"turns":4},{"damage":1,"enemies":"Looter","floor":10,"turns":2},{"damage":2,"enemies":"Large Slime","floor":13,"turns":5},{"damage":0,"enemies":"Blue Slaver","floor":14,"turns":4},{"damage":0,"enemies":"The Guardian","floor":16,"turns":9},{"damage":38,"enemies":"2 Thieves","floor":18,"turns":4},{"damage":31,"enemies":"3 Byrds","floor":19,"turns":4},{"damage":0,"enemies":"Centurion and Healer","floor":20,"turns":5},{"damage":0,"enemies":"Masked Bandits","floor":21,"turns":2},{"damage":39,"enemies":"Book of Stabbing","floor":27,"turns":6},{"damage":0,"enemies":"Sentry and Sphere","floor":30,"turns":3},{"damage":4,"enemies":"Cultist and Chosen","floor":31,"turns":4},{"damage":22,"enemies":"Automaton","floor":33,"turns":7},{"damage":0,"enemies":"Orb Walker","floor":35,"turns":3},{"damage":0,"enemies":"3 Shapes","floor":36,"turns":3},{"damage":0,"enemies":"Jaw Worm Horde","floor":37,"turns":3},{"damage":62,"enemies":"Reptomancer","floor":40,"turns":6},{"damage":0,"enemies":"Sphere and 2 Shapes","floor":45,"turns":2},{"damage":2,"enemies":"Maw","floor":46,"turns":5},{"damage":35,"enemies":"Spire Growth","floor":47,"turns":5},{"damage":22,"enemies":"Writhing Mass","floor":48,"turns":5},{"damage":4,"enemies":"Donu and Deca","floor":50,"turns":5}],"seed_played":"9132586422224384094","potions_obtained":[{"floor":1,"key":"Dexterity Potion"},{"floor":6,"key":"Poison Potion"},{"floor":8,"key":"FocusPotion"},{"floor":14,"key":"Regen Potion"},{"floor":16,"key":"Strength Potion"},{"floor":18,"key":"Regen Potion"},{"floor":20,"key":"SpeedPotion"},{"floor":27,"key":"FearPotion"},{"floor":33,"key":"Fire Potion"},{"floor":36,"key":"SkillPotion"},{"floor":37,"key":"FocusPotion"}],"is_trial":false,"path_per_floor":["M","?","M","?","?","E","R","M","T","M","?","$","M","M","R","B",null,"M","M","M","?","?","R","$","R","T","E","R","?","M","M","R","B",null,"M","M","M","$","?","E","R","?","T","R","M","M","M","M","R","B",null],"character_chosen":"DEFECT","items_purchased":["Runic Capacitor"],"campfire_rested":3,"item_purchase_floors":[12],"current_hp_per_floor":[64,53,53,53,53,53,53,54,54,53,53,53,58,65,65,71,71,40,16,57,57,57,57,57,57,62,35,56,56,61,69,69,59,68,71,71,71,71,67,17,37,67,67,67,67,69,46,38,59,62],"gold":218,"neow_bonus":"THREE_ENEMY_KILL","is_prod":false,"is_daily":false,"chose_seed":false,"campfire_upgraded":6,"win_rate":0,"timestamp":1554996090,"path_taken":["M","?","M","?","?","E","R","M","T","M","?","$","M","M","R","BOSS","M","M","M","?","?","R","?","R","T","E","R","?","M","M","R","BOSS","M","M","M","$","?","E","R","?","T","R","M","M","M","M","R","BOSS"],"build_version":"2019-01-23","purchased_purges":3,"victory":true,"max_hp_per_floor":[71,71,71,71,71,71,71,71,71,71,71,71,71,71,71,71,71,71,71,71,71,71,71,71,71,71,71,71,71,71,71,71,71,71,71,71,71,71,67,67,67,67,67,67,67,69,69,71,71,71],"card_choices":[{"not_picked":["BootSequence","Loop"],"picked":"Defragment","floor":1},{"not_picked":["Steam","Go for the Eyes","Hello World"],"picked":"SKIP","floor":3},{"not_picked":["Darkness","Turbo"],"picked":"Self Repair","floor":6},{"not_picked":["Compile Driver","Barrage"],"picked":"Ball Lightning","floor":8},{"not_picked":["Consume","Leap","Streamline"],"picked":"SKIP","floor":10},{"not_picked":["Ball Lightning","Compile Driver"],"picked":"Glacier","floor":13},{"not_picked":["Reinforced Body","Redo"],"picked":"Buffer","floor":14},{"not_picked":["Amplify","Core Surge"],"picked":"Electrodynamics","floor":16},{"not_picked":["Go for the Eyes","Gash"],"picked":"Cold Snap","floor":18},{"not_picked":["Steam Power","Scrape+1"],"picked":"Capacitor","floor":19},{"not_picked":["Streamline","Compile Driver","Hologram"],"picked":"SKIP","floor":20},{"not_picked":["Leap","All For One","Stack"],"picked":"SKIP","floor":27},{"not_picked":["Undo","Force Field","Auto Shields"],"picked":"SKIP","floor":30},{"not_picked":["Darkness+1","Leap","Steam"],"picked":"SKIP","floor":31},{"not_picked":["Fission","Reboot"],"picked":"Seek","floor":33},{"not_picked":["Streamline","Static Discharge","Rip and Tear"],"picked":"SKIP","floor":35},{"not_picked":["Turbo","Sweeping Beam+1","Coolheaded+1"],"picked":"SKIP","floor":36},{"not_picked":["Leap","Gash+1"],"picked":"Barrage","floor":37},{"not_picked":["Streamline","Coolheaded","Compile Driver"],"picked":"SKIP","floor":40},{"not_picked":["Thunder Strike","Melter+1"],"picked":"White Noise","floor":45},{"not_picked":["Coolheaded","Lockon","Double Energy+1"],"picked":"Singing Bowl","floor":46},{"not_picked":["Rebound","Stack"],"picked":"Defragment","floor":47},{"not_picked":["Cold Snap+1","Gash","Compile Driver"],"picked":"Singing Bowl","floor":48}],"player_experience":1041252,"relics_obtained":[{"floor":6,"key":"Oddly Smooth Stone"},{"floor":9,"key":"Anchor"},{"floor":21,"key":"Red Mask"},{"floor":26,"key":"Centennial Puzzle"},{"floor":27,"key":"Bronze Scales"},{"floor":40,"key":"Bottled Tornado"},{"floor":43,"key":"Singing Bowl"}],"event_choices":[{"damage_healed":0,"gold_gain":0,"player_choice":"Success","damage_taken":11,"relics_obtained":["Juzu Bracelet"],"max_hp_gain":0,"max_hp_loss":0,"event_name":"Scrap Ooze","floor":2,"gold_loss":0},{"damage_healed":0,"gold_gain":0,"player_choice":"Take Wound","damage_taken":0,"relics_obtained":["Golden Idol"],"max_hp_gain":0,"max_hp_loss":0,"event_name":"Golden Idol","floor":4,"gold_loss":0,"cards_obtained":["Injury"]},{"damage_healed":0,"gold_gain":150,"player_choice":"AGREE","damage_taken":0,"max_hp_gain":0,"max_hp_loss":0,"event_name":"Liars Game","floor":5,"gold_loss":0,"cards_obtained":["Doubt"]},{"cards_removed":["Doubt"],"damage_healed":0,"gold_gain":0,"player_choice":"Card Removal","damage_taken":0,"max_hp_gain":0,"max_hp_loss":0,"event_name":"The Cleric","floor":11,"gold_loss":75},{"damage_healed":0,"gold_gain":0,"player_choice":"Fought Bandits","damage_taken":0,"max_hp_gain":0,"max_hp_loss":0,"event_name":"Masked Bandits","floor":21,"gold_loss":0},{"damage_healed":0,"gold_gain":0,"player_choice":"Gave Idol","damage_taken":0,"relics_obtained":["Bloody Idol"],"max_hp_gain":0,"max_hp_loss":0,"event_name":"Forgotten Altar","floor":22,"relics_lost":["Golden Idol"],"gold_loss":0},{"damage_healed":0,"gold_gain":0,"player_choice":"Obtained Relic","damage_taken":0,"relics_obtained":["Cables"],"max_hp_gain":0,"max_hp_loss":0,"event_name":"Addict","floor":29,"gold_loss":85},{"damage_healed":0,"gold_gain":0,"player_choice":"Max HP","damage_taken":0,"max_hp_gain":0,"max_hp_loss":4,"event_name":"Winding Halls","floor":39,"gold_loss":0},{"damage_healed":30,"gold_gain":0,"player_choice":"Heal","damage_taken":0,"max_hp_gain":0,"max_hp_loss":0,"event_name":"MindBloom","floor":42,"gold_loss":0,"cards_obtained":["Doubt"]}],"is_beta":false,"boss_relics":[{"not_picked":["Ectoplasm","Orrery"],"picked":"Philosopher\u0027s Stone"},{"not_picked":["Empty Cage","Fusion Hammer"],"picked":"Pandora\u0027s Box"}],"items_purged_floors":[12,24,38],"is_endless":false,"potions_floor_spawned":[1,6,8,14,16,18,20,27,33,36,37,45,47],"ascension_level":19}