{"gold_per_floor":[116,116,135,150,168,168,202,202,202,202,215,228,245,245,245,374,374,357,376,376,389,99,127,127,127,182,221,233,260,302,325,337,447,459,491,518,530,558,585,616,628,671,683,695,724,751,776,788,800,812,824,836,22,52,52],"floor_reached":55,"playtime":3377,"items_purged":[],"score":765,"play_id":"ce6976d5-7f1c-4b08-9f5f-f628c803b6ca","local_time":"20190505204518","is_ascension_mode":false,"campfire_choices":[{"data":"Neutralize","floor":6,"key":"SMITH"},{"floor":8,"key":"REST"},{"floor":15,"key":"REST"},{"data":"Footwork","floor":25,"key":"SMITH"},{"floor":32,"key":"REST"},{"floor":41,"key":"RECALL"},{"data":"Caltrops","floor":49,"key":"SMITH"},{"data":"Bouncing Flask","floor":52,"key":"SMITH"}],"neow_cost":"NONE","seed_source_timestamp":256352220519547,"circlet_count":0,"master_deck":["Survivor","Neutralize+1","Dodge and Roll","Prepared+1","Dagger Spray","PiercingWail","Backstab","Calculated Gamble","Underhanded Strike","Well Laid Plans","Die Die Die","Cloak And Dagger","Endless Agony","Prepared","A Thousand Cuts","Leg Sweep","Footwork+1","Underhanded Strike","Grand Finale","After Image","Well Laid Plans","Quick Slash+1","Acrobatics+1","Dodge and Roll","Noxious Fumes+1","Cloak And Dagger+1","Crippling Poison+1","Deadly Poison+1","Corpse Explosion","PiercingWail+1","Bouncing Flask+1","Parasite","Cloak And Dagger+1","Caltrops+1","Flechettes+1","Regret","Backflip+1","Backflip","Prepared+1","Sadistic Nature","Noxious Fumes","Caltrops","Concentrate+1"],"relics":["Philosopher\u0027s Stone","Orichalcum","Strawberry","Bloody Idol","Pandora\u0027s Box","Gambling Chip","The Courier","MawBank","Potion Belt","The Specimen","Cursed Key","Girya","Meat on the Bone","Ninja Scroll","Nunchaku","Centennial Puzzle","Incense Burner"],"potions_floor_usage":[16,23,27,29,38,55,55,55,55],"damage_taken":[{"damage":0,"enemies":"Cultist","floor":1,"turns":4},{"damage":4,"enemies":"Small Slimes","floor":3,"turns":4},{"damage":0,"enemies":"2 Louse","floor":4,"turns":3},{"damage":17,"enemies":"Exordium Wildlife","floor":5,"turns":7},{"damage":28,"enemies":"3 Sentries","floor":7,"turns":12},{"damage":0,"enemies":"2 Fungi Beasts","floor":11,"turns":3},{"damage":0,"enemies":"3 Louse","floor":12,"turns":3},{"damage":0,"enemies":"Red Slaver","floor":13,"turns":4},{"damage":42,"enemies":"Slime Boss","floor":16,"turns":12},{"damage":4,"enemies":"2 Thieves","floor":18,"turns":4},{"damage":0,"enemies":"3 Byrds","floor":19,"turns":5},{"damage":9,"enemies":"Centurion and Healer","floor":21,"turns":6},{"damage":18,"enemies":"Slavers","floor":23,"turns":6},{"damage":21,"enemies":"Gremlin Leader","floor":27,"turns":8},{"damage":6,"enemies":"3 Cultists","floor":29,"turns":4},{"damage":33,"enemies":"Slavers","floor":30,"turns":4},{"damage":16,"enemies":"Snake Plant","floor":31,"turns":6},{"damage":25,"enemies":"Automaton","floor":33,"turns":8},{"damage":23,"enemies":"3 Darklings","floor":35,"turns":5},{"damage":0,"enemies":"3 Shapes","floor":36,"turns":3},{"damage":14,"enemies":"Writhing Mass","floor":38,"turns":5},{"damage":27,"enemies":"Jaw Worm Horde","floor":39,"turns":4},{"damage":0,"enemies":"Sphere and 2 Shapes","floor":40,"turns":4},{"damage":1,"enemies":"Nemesis","floor":42,"turns":7},{"damage":23,"enemies":"3 Darklings","floor":45,"turns":2},{"damage":17,"enemies":"Maw","floor":46,"turns":8},{"damage":0,"enemies":"Transient","floor":47,"turns":5},{"damage":67,"enemies":"Awakened One","floor":50,"turns":13},{"damage":33,"enemies":"Shield and Spear","floor":54,"turns":6},{"damage":58,"enemies":"The Heart","floor":55,"turns":5}],"seed_played":"-4185532780580255338","potions_obtained":[{"floor":1,"key":"Dexterity Potion"},{"floor":5,"key":"GhostInAJar"},{"floor":13,"key":"AttackPotion"},{"floor":19,"key":"FairyPotion"},{"floor":27,"key":"AttackPotion"},{"floor":31,"key":"Poison Potion"},{"floor":36,"key":"PowerPotion"},{"floor":39,"key":"PowerPotion"},{"floor":40,"key":"Strength Potion"},{"floor":46,"key":"Dexterity Potion"}],"is_trial":false,"path_per_floor":["M","?","M","M","M","R","E","R","T","?","M","M","M","?","R","B",null,"M","M","?","M","$","E","$","R","T","E","T","M","E","M","R","B",null,"M","M","$","M","M","M","R","E","T","?","M","M","M","$","R","B",null,"R","$","E","B"],"character_chosen":"THE_SILENT","items_purchased":["Gambling Chip","Sadistic Nature","Ninja Scroll","Nunchaku","Centennial Puzzle","Noxious Fumes","Caltrops"],"campfire_rested":3,"item_purchase_floors":[22,53,53,53,53,53,53],"current_hp_per_floor":[70,70,66,66,49,49,21,42,49,49,49,49,49,30,53,11,77,73,73,73,69,69,56,56,56,61,50,55,59,36,30,58,43,77,59,69,74,68,51,61,66,75,77,77,59,52,62,67,72,22,77,77,77,49,0],"gold":52,"neow_bonus":"BOSS_RELIC","is_prod":false,"is_daily":false,"chose_seed":false,"campfire_upgraded":4,"win_rate":0,"timestamp":1557107118,"path_taken":["M","?","?","M","M","R","E","R","T","?","?","M","M","?","R","BOSS","M","M","?","M","$","E","$","R","T","E","?","M","E","M","R","BOSS","M","M","$","M","M","M","R","E","T","?","M","M","M","$","R","BOSS","R","$","E","BOSS"],"build_version":"2019-01-23","purchased_purges":0,"victory":false,"max_hp_per_floor":[70,70,70,70,70,70,70,70,77,77,77,77,77,77,77,77,77,77,77,77,77,77,77,77,77,77,77,77,77,77,77,77,77,77,77,77,77,77,77,77,77,77,77,77,77,77,77,77,77,77,77,77,77,77,77],"card_choices":[{"not_picked":["Reflex","Distraction"],"picked":"Dodge and Roll","floor":1},{"not_picked":["Finisher","Blade Dance"],"picked":"Prepared","floor":3},{"not_picked":["PiercingWail","Acrobatics"],"picked":"Dagger Spray","floor":4},{"not_picked":["Bane","Acrobatics"],"picked":"PiercingWail","floor":5},{"not_picked":["Crippling Poison","Venomology"],"picked":"Backstab","floor":7},{"not_picked":["Dodge and Roll","All Out Attack"],"picked":"Calculated Gamble","floor":11},{"not_picked":["Blade Dance","Prepared"],"picked":"Underhanded Strike","floor":12},{"not_picked":["Accuracy","Deflect"],"picked":"Well Laid Plans","floor":13},{"not_picked":["Bullet Time","Envenom"],"picked":"Die Die Die","floor":16},{"not_picked":["Deflect","Dagger Spray"],"picked":"Well Laid Plans","floor":18},{"not_picked":["Accuracy","Masterful Stab"],"picked":"Quick Slash+1","floor":19},{"not_picked":["Cloak And Dagger","Outmaneuver"],"picked":"Acrobatics+1","floor":21},{"not_picked":["Poisoned Stab","Prepared"],"picked":"Dodge and Roll","floor":23},{"not_picked":["Doppelganger","Distraction"],"picked":"Noxious Fumes+1","floor":27},{"not_picked":["Slice","Quick Slash+1"],"picked":"Cloak And Dagger+1","floor":29},{"not_picked":["Bullet Time","Deflect"],"picked":"Crippling Poison+1","floor":30},{"not_picked":["Setup","Underhanded Strike+1"],"picked":"Deadly Poison+1","floor":31},{"not_picked":["Doppelganger","Glass Knife"],"picked":"Corpse Explosion","floor":33},{"not_picked":["Predator+1","Sucker Punch"],"picked":"PiercingWail+1","floor":35},{"not_picked":["Footwork+1","Dodge and Roll"],"picked":"Bouncing Flask","floor":36},{"not_picked":["Flying Knee","Bane+1"],"picked":"Cloak And Dagger+1","floor":38},{"not_picked":["Expertise+1","Grand Finale","Leg Sweep+1"],"picked":"SKIP","floor":39},{"not_picked":["Dagger Spray","Quick Slash+1"],"picked":"Caltrops","floor":40},{"not_picked":["Finisher","Envenom"],"picked":"Flechettes+1","floor":42},{"not_picked":["Blur","Calculated Gamble"],"picked":"Backflip+1","floor":45},{"not_picked":["Calculated Gamble","Expertise+1"],"picked":"Backflip","floor":46},{"not_picked":["Blade Dance","Dagger Spray+1"],"picked":"Prepared+1","floor":47},{"not_picked":["Tactician","Predator"],"picked":"Concentrate+1","floor":54}],"player_experience":532590,"relics_obtained":[{"floor":7,"key":"Orichalcum"},{"floor":9,"key":"Strawberry"},{"floor":23,"key":"The Courier"},{"floor":26,"key":"MawBank"},{"floor":27,"key":"Potion Belt"},{"floor":30,"key":"The Specimen"},{"floor":42,"key":"Girya"},{"floor":43,"key":"Meat on the Bone"},{"floor":54,"key":"Incense Burner"}],"event_choices":[{"damage_healed":0,"gold_gain":0,"player_choice":"Bought 0 Potions","damage_taken":0,"max_hp_gain":0,"max_hp_loss":0,"event_name":"The Woman in Blue","floor":2,"gold_loss":0},{"damage_healed":0,"gold_gain":0,"player_choice":"Upgraded","damage_taken":0,"max_hp_gain":0,"max_hp_loss":0,"event_name":"Upgrade Shrine","floor":10,"gold_loss":0,"cards_upgraded":["Prepared"]},{"damage_healed":0,"gold_gain":0,"player_choice":"Take Damage","damage_taken":19,"relics_obtained":["Golden Idol"],"max_hp_gain":0,"max_hp_loss":0,"event_name":"Golden Idol","floor":14,"gold_loss":0},{"damage_healed":0,"gold_gain":0,"player_choice":"Gave Idol","damage_taken":0,"relics_obtained":["Bloody Idol"],"max_hp_gain":0,"max_hp_loss":0,"event_name":"Forgotten Altar","floor":20,"relics_lost":["Golden Idol"],"gold_loss":0},{"cards_removed":["Choke"],"damage_healed":0,"gold_gain":0,"player_choice":"Removed Attack","damage_taken":0,"max_hp_gain":0,"max_hp_loss":0,"event_name":"Falling","floor":44,"gold_loss":0}],"is_beta":false,"boss_relics":[{"not_picked":["Velvet Choker","HoveringKite"],"picked":"Pandora\u0027s Box"},{"not_picked":["Fusion Hammer","Calling Bell"],"picked":"Cursed Key"}],"items_purged_floors":[],"is_endless":false,"potions_floor_spawned":[1,5,13,19,27,31,36,39,40,46],"killed_by":"The Heart","ascension_level":0}