{"gold_per_floor":[117,131,131,150,450,450,479,479,479,498,186,199,215,215,215,286,286,302,352,352,25,35,35,52,52],"floor_reached":25,"playtime":1414,"items_purged":[],"score":365,"play_id":"dc8f06e5-1252-4bee-8cd2-4019c09db0f6","local_time":"20181201063855","is_ascension_mode":true,"campfire_choices":[{"data":"Darkness","floor":6,"key":"SMITH"},{"data":"Darkness","floor":8,"key":"SMITH"},{"floor":15,"key":"REST"},{"data":"Capacitor","floor":23,"key":"SMITH"}],"neow_cost":"PERCENT_DAMAGE","seed_source_timestamp":23314894120568,"circlet_count":0,"master_deck":["AscendersBane","Strike_B","Strike_B","Defend_B","Defend_B","Defend_B","Defend_B","Zap","Dualcast","Seek","Darkness+1","Cold Snap","Darkness+1","Blizzard+1","Glacier","Glacier+1","Capacitor+1","Darkness+1","Machine Learning"],"relics":["Cracked Core","Old Coin","Darkstone Periapt","Toxic Egg 2","Singing Bowl","Sozu","FossilizedHelix"],"potions_floor_usage":[16,16],"damage_taken":[{"damage":2,"enemies":"2 Louse","floor":1,"turns":2},{"damage":4,"enemies":"Small Slimes","floor":2,"turns":3},{"damage":2,"enemies":"Jaw Worm","floor":4,"turns":3},{"damage":18,"enemies":"Lagavulin","floor":7,"turns":5},{"damage":9,"enemies":"Blue Slaver","floor":10,"turns":3},{"damage":19,"enemies":"Large Slime","floor":12,"turns":6},{"damage":1,"enemies":"2 Fungi Beasts","floor":13,"turns":4},{"damage":26,"enemies":"Slime Boss","floor":16,"turns":7},{"damage":4,"enemies":"Spheric Guardian","floor":18,"turns":4},{"damage":0,"enemies":"Shell Parasite","floor":22,"turns":5},{"damage":12,"enemies":"Centurion and Healer","floor":24,"turns":6},{"damage":54,"enemies":"Cultist and Chosen","floor":25,"turns":5}],"seed_played":"7065892827408867985","potions_obtained":[{"floor":1,"key":"Fire Potion"},{"floor":2,"key":"Weak Potion"},{"floor":12,"key":"FocusPotion"}],"is_trial":false,"path_per_floor":["M","M","?","M","?","R","E","R","T","M","$","M","M","?","R","B",null,"M","?","?","$","M","R","M","M"],"character_chosen":"DEFECT","items_purchased":["Singing Bowl","Capacitor","FossilizedHelix"],"campfire_rested":1,"item_purchase_floors":[11,11,21],"current_hp_per_floor":[44,40,63,61,56,56,38,38,38,29,29,10,11,11,32,6,56,54,54,54,54,56,56,46,0],"gold":52,"neow_bonus":"TRANSFORM_TWO_CARDS","is_prod":false,"is_daily":false,"chose_seed":false,"campfire_upgraded":3,"win_rate":0,"timestamp":1543635535,"path_taken":["M","M","?","M","?","R","E","R","T","M","?","?","M","?","R","BOSS","M","?","?","$","?","R","M","M"],"build_version":"2018-11-15","purchased_purges":0,"victory":false,"max_hp_per_floor":[71,71,71,71,71,71,71,71,71,71,71,71,73,73,73,73,73,75,75,75,75,77,77,79,79],"card_choices":[{"not_picked":["Beam Cell","FTL"],"picked":"Cold Snap","floor":1},{"not_picked":["Hello World","Rip and Tear"],"picked":"Darkness","floor":2},{"not_picked":["Tempest","Hello World"],"picked":"Blizzard","floor":4},{"not_picked":["Melter","Streamline"],"picked":"Glacier","floor":7},{"not_picked":["Storm","Beam Cell"],"picked":"Glacier+1","floor":10},{"not_picked":["Sweeping Beam","Streamline"],"picked":"Darkness+1","floor":12},{"not_picked":["Barrage","Gash","Cold Snap"],"picked":"Singing Bowl","floor":13},{"not_picked":["Meteor Strike","Seek+1"],"picked":"Machine Learning","floor":16},{"not_picked":["Static Discharge","Steam Power+1","Hello World"],"picked":"Singing Bowl","floor":18},{"not_picked":["Conserve Battery+1","Hologram+1","Static Discharge"],"picked":"Singing Bowl","floor":22},{"not_picked":["Leap+1","Go for the Eyes","Thunder Strike"],"picked":"Singing Bowl","floor":24}],"player_experience":801855,"relics_obtained":[{"floor":7,"key":"Darkstone Periapt"},{"floor":9,"key":"Toxic Egg 2"}],"event_choices":[{"damage_healed":23,"gold_gain":0,"player_choice":"Banana","damage_taken":0,"max_hp_gain":0,"max_hp_loss":0,"event_name":"Big Fish","floor":3,"gold_loss":0},{"damage_healed":0,"gold_gain":0,"player_choice":"Success","damage_taken":5,"relics_obtained":["Old Coin"],"max_hp_gain":0,"max_hp_loss":0,"event_name":"Scrap Ooze","floor":5,"gold_loss":0},{"damage_healed":0,"gold_gain":0,"player_choice":"Grow","damage_taken":0,"max_hp_gain":0,"max_hp_loss":0,"event_name":"Living Wall","floor":14,"gold_loss":0,"cards_upgraded":["Blizzard"]},{"damage_healed":0,"gold_gain":50,"player_choice":"Stole From Cult","damage_taken":0,"max_hp_gain":0,"max_hp_loss":0,"event_name":"Nest","floor":19,"gold_loss":0},{"damage_healed":0,"gold_gain":0,"player_choice":"Got Potions","damage_taken":0,"max_hp_gain":0,"max_hp_loss":0,"event_name":"Lab","floor":20,"gold_loss":0}],"is_beta":false,"boss_relics":[{"not_picked":["Black Star","Runic Dome"],"picked":"Sozu"}],"items_purged_floors":[],"is_endless":false,"potions_floor_spawned":[1,2,4,12,18],"killed_by":"Cultist and Chosen","ascension_level":16}