{"gold_per_floor":[16,34,34,46,65,90,90,90,90,120,138,138],"floor_reached":12,"playtime":1013,"items_purged":[],"score":115,"play_id":"8c7fb40e-5fe4-4cf4-9fc1-ce8b8843d30e","local_time":"20190516214915","is_ascension_mode":true,"campfire_choices":[{"floor":7.0,"key":"REST"}],"neow_cost":"NO_GOLD","seed_source_timestamp":529386800765999,"circlet_count":0,"master_deck":["Defend_G","Defend_G","Defend_G","Defend_G","Defend_G","Strike_G","Strike_G","Strike_G","Strike_G","Survivor","Neutralize","Storm of Steel","Well Laid Plans","Acrobatics","Envenom","Slice","Cloak And Dagger","A Thousand Cuts","PiercingWail"],"special_seed":0,"relics":["Ring of the Snake","Calipers","Gremlin Horn","The Courier"],"potions_floor_usage":[],"damage_taken":[{"damage":0.0,"enemies":"Cultist","floor":1.0,"turns":5.0},{"damage":9.0,"enemies":"Small Slimes","floor":2.0,"turns":3.0},{"damage":6.0,"enemies":"2 Louse","floor":4.0,"turns":3.0},{"damage":1.0,"enemies":"2 Fungi Beasts","floor":5.0,"turns":4.0},{"damage":46.0,"enemies":"3 Sentries","floor":6.0,"turns":15.0},{"damage":0.0,"enemies":"Gremlin Nob","floor":8.0,"turns":3.0},{"damage":27.0,"enemies":"Lagavulin","floor":10.0,"turns":9.0},{"damage":1,"enemies":"Gremlin Gang","floor":11,"turns":7},{"damage":2,"enemies":"Exordium Thugs","floor":12,"turns":2}],"seed_played":"-1026398907652175808","potions_obtained":[{"floor":2.0,"key":"Explosive Potion"},{"floor":4.0,"key":"SmokeBomb"},{"floor":6.0,"key":"SkillPotion"}],"is_trial":false,"path_per_floor":["M","M","?","M","M","E","R","E","T","E","M","M"],"character_chosen":"THE_SILENT","items_purchased":[],"campfire_rested":1,"item_purchase_floors":[],"current_hp_per_floor":[70,61,61,55,54,8,29,29,29,2,1,0],"gold":138,"neow_bonus":"THREE_RARE_CARDS","is_prod":false,"is_daily":false,"chose_seed":false,"campfire_upgraded":0,"win_rate":0,"timestamp":1558061355,"path_taken":["M","M","?","M","M","E","R","E","T","E","M","?"],"build_version":"2019-01-23","purchased_purges":0,"victory":false,"max_hp_per_floor":[70,70,70,70,70,70,70,70,70,70,70,70],"card_choices":[{"not_picked":["Tools of the Trade","Burst"],"picked":"Storm of Steel","floor":0.0},{"not_picked":["Cloak And Dagger","Reflex"],"picked":"Well Laid Plans","floor":1.0},{"not_picked":["Quick Slash","Underhanded Strike"],"picked":"Acrobatics","floor":2.0},{"not_picked":["Underhanded Strike","Dash"],"picked":"Slice","floor":4.0},{"not_picked":["Well Laid Plans","Deflect"],"picked":"Cloak And Dagger","floor":5.0},{"not_picked":["Deadly Poison","Dodge and Roll"],"picked":"A Thousand Cuts","floor":6.0},{"not_picked":["Sucker Punch","Acrobatics"],"picked":"PiercingWail","floor":10.0},{"not_picked":["Flying Knee","All Out Attack","Eviscerate"],"picked":"SKIP","floor":11}],"player_experience":193745,"relics_obtained":[{"floor":6.0,"key":"Calipers"},{"floor":9.0,"key":"Gremlin Horn"},{"floor":10.0,"key":"The Courier"}],"event_choices":[{"damage_healed":0.0,"max_hp_gain":0.0,"max_hp_loss":0.0,"gold_gain":0.0,"cards_transformed":["Strike_G"],"event_name":"Transmorgrifier","player_choice":"Transformed","floor":3.0,"gold_loss":0.0,"damage_taken":0.0,"cards_obtained":["Envenom"]}],"is_beta":false,"boss_relics":[],"items_purged_floors":[],"is_endless":false,"potions_floor_spawned":[2,4,6],"killed_by":"Exordium Thugs","ascension_level":3}