{"gold_per_floor":[118,118,135,210,226,226,256,256,293,305,287,265,295,321,333,449,461,486,109,127,127,127,127,147,147,170,46,66,66],"floor_reached":29,"playtime":1259,"items_purged":[],"score":348,"play_id":"08506186-b17b-483a-8c14-043a6361d64b","local_time":"20190420150842","is_ascension_mode":true,"campfire_choices":[{"data":"Blind","floor":6,"key":"SMITH"},{"floor":10,"key":"REST"},{"data":"Night Terror","floor":15,"key":"SMITH"},{"floor":23,"key":"REST"},{"floor":25,"key":"REST"}],"neow_cost":"NONE","seed_source_timestamp":154500597393878,"circlet_count":0,"master_deck":["Defend_G","Defend_G","Defend_G","Defend_G","Defend_G","Strike_G","Strike_G","Strike_G","Strike_G","Strike_G","Survivor+1","Neutralize","Blind+1","Footwork+1","Dodge and Roll","Prepared","Masterful Stab","Night Terror+1","Dash","Corpse Explosion","Bouncing Flask","Deadly Poison","Bouncing Flask","Backstab","Endless Agony","Endless Agony","Bouncing Flask","Dash","Burst"],"relics":["Ring of the Snake","Lantern","MawBank","Orrery","Anchor","Kunai","Juzu Bracelet","Potion Belt"],"potions_floor_usage":[16,16,18,20],"damage_taken":[{"damage":0,"enemies":"2 Louse","floor":1,"turns":3},{"damage":2,"enemies":"Jaw Worm","floor":3,"turns":6},{"damage":6,"enemies":"Cultist","floor":5,"turns":5},{"damage":0,"enemies":"Looter","floor":11,"turns":4},{"damage":3,"enemies":"Exordium Thugs","floor":12,"turns":8},{"damage":7,"enemies":"Red Slaver","floor":13,"turns":5},{"damage":0,"enemies":"Gremlin Gang","floor":14,"turns":8},{"damage":40,"enemies":"The Guardian","floor":16,"turns":22},{"damage":35,"enemies":"Spheric Guardian","floor":18,"turns":6},{"damage":12,"enemies":"3 Byrds","floor":20,"turns":4},{"damage":0,"enemies":"Colosseum Slavers","floor":21,"turns":3},{"damage":0,"enemies":"Cultist and Chosen","floor":24,"turns":4},{"damage":3,"enemies":"Centurion and Healer","floor":28,"turns":10},{"damage":53,"enemies":"Gremlin Leader","floor":29,"turns":5}],"seed_played":"1223503913356412722","potions_obtained":[{"floor":1,"key":"SteroidPotion"},{"floor":3,"key":"Swift Potion"},{"floor":14,"key":"FearPotion"},{"floor":18,"key":"Block Potion"}],"is_trial":false,"path_per_floor":["M","?","M","?","M","R","?","T","T","R","M","M","M","M","R","B",null,"M","$","M","?","$","R","M","R","T","?","M","E"],"character_chosen":"THE_SILENT","items_purchased":["Anchor","Kunai"],"campfire_rested":3,"item_purchase_floors":[19,19],"current_hp_per_floor":[63,49,47,36,30,30,30,30,30,51,51,48,41,41,41,1,53,18,18,6,6,6,27,27,48,48,48,45,0],"gold":66,"neow_bonus":"RANDOM_COLORLESS","is_prod":false,"is_daily":false,"chose_seed":false,"campfire_upgraded":2,"win_rate":0,"timestamp":1555790922,"path_taken":["M","?","M","?","M","R","?","?","T","R","M","?","M","M","R","BOSS","M","$","M","?","?","R","M","R","T","?","M","E"],"build_version":"2019-01-23","purchased_purges":0,"victory":false,"max_hp_per_floor":[70,70,70,70,70,70,70,70,70,70,70,70,70,70,70,70,70,70,70,70,70,70,70,70,70,70,70,70,70],"card_choices":[{"not_picked":["Heel Hook","Setup"],"picked":"Footwork","floor":1},{"not_picked":["Outmaneuver","Flying Knee","Tactician"],"picked":"SKIP","floor":3},{"not_picked":["Sucker Punch","Setup"],"picked":"Dodge and Roll","floor":5},{"not_picked":["Concentrate","Expertise"],"picked":"Prepared","floor":11},{"not_picked":["Reflex","Outmaneuver"],"picked":"Masterful Stab","floor":12},{"not_picked":["Tactician","Outmaneuver"],"picked":"Night Terror","floor":13},{"not_picked":["Outmaneuver","Cloak And Dagger"],"picked":"Dash","floor":14},{"not_picked":["Glass Knife","Phantasmal Killer"],"picked":"Corpse Explosion","floor":16},{"not_picked":["Deadly Poison","Calculated Gamble"],"picked":"Bouncing Flask","floor":17},{"not_picked":["Distraction","Deflect"],"picked":"Deadly Poison","floor":17},{"not_picked":["Quick Slash","Deflect"],"picked":"Bouncing Flask","floor":17},{"not_picked":["Finisher","Flying Knee"],"picked":"Backstab","floor":17},{"not_picked":["Underhanded Strike","Predator"],"picked":"Endless Agony","floor":17},{"not_picked":["Accuracy","Riddle With Holes"],"picked":"Endless Agony","floor":18},{"not_picked":["Dodge and Roll+1","Flechettes"],"picked":"Bouncing Flask","floor":20},{"not_picked":["Eviscerate","Cloak And Dagger"],"picked":"Dash","floor":24},{"not_picked":["Escape Plan","Dagger Spray"],"picked":"Burst","floor":28}],"player_experience":469851,"relics_obtained":[{"floor":8,"key":"MawBank"},{"floor":26,"key":"Juzu Bracelet"}],"event_choices":[{"damage_healed":0,"gold_gain":0,"player_choice":"Entered Light","damage_taken":14,"max_hp_gain":0,"max_hp_loss":0,"event_name":"Shining Light","floor":2,"gold_loss":0,"cards_upgraded":["Footwork","Survivor"]},{"damage_healed":0,"gold_gain":75,"player_choice":"Gather Gold","damage_taken":11,"max_hp_gain":0,"max_hp_loss":0,"event_name":"World of Goop","floor":4,"gold_loss":0},{"damage_healed":0,"gold_gain":30,"player_choice":"Searched \u00272\u0027 times","damage_taken":0,"relics_obtained":["Lantern"],"max_hp_gain":0,"max_hp_loss":0,"event_name":"Dead Adventurer","floor":7,"gold_loss":0},{"damage_healed":0,"gold_gain":0,"player_choice":"Fight","damage_taken":0,"max_hp_gain":0,"max_hp_loss":0,"event_name":"Colosseum","floor":21,"gold_loss":0},{"damage_healed":0,"gold_gain":0,"player_choice":"Fled From Nobs","damage_taken":0,"max_hp_gain":0,"max_hp_loss":0,"event_name":"Colosseum","floor":21,"gold_loss":0},{"damage_healed":0,"gold_gain":0,"player_choice":"Paid Gold","damage_taken":0,"relics_obtained":["Potion Belt"],"max_hp_gain":0,"max_hp_loss":0,"event_name":"WeMeetAgain","floor":27,"gold_loss":124}],"is_beta":false,"boss_relics":[{"not_picked":["WristBlade","White Beast Statue"],"picked":"Orrery"}],"items_purged_floors":[],"is_endless":false,"potions_floor_spawned":[1,3,14,18,21],"killed_by":"Gremlin Leader","ascension_level":9}