{"gold_per_floor":[20,20,37,55,55,81,81,108,108,176,192,117,117,152,152,152],"floor_reached":16,"playtime":1568,"items_purged":["Strike_R"],"score":118,"play_id":"a4566a8b-9771-4bd4-b1c1-c9d81f6aa8e0","local_time":"20190609090013","is_ascension_mode":false,"campfire_choices":[{"floor":7,"key":"REST"},{"floor":15,"key":"REST"}],"neow_cost":"NO_GOLD","seed_source_timestamp":2411181401206758,"circlet_count":0,"master_deck":["Strike_R","Strike_R+1","Strike_R","Strike_R","Defend_R","Defend_R+1","Defend_R","Defend_R","Bash","Shrug It Off","Disarm","Heavy Blade","Metallicize","Iron Wave","Headbutt"],"relics":["Burning Blood","Gremlin Horn","Darkstone Periapt","Golden Idol","Frozen Egg 2"],"potions_floor_usage":[6],"damage_taken":[{"damage":5,"enemies":"2 Louse","floor":1,"turns":3},{"damage":7,"enemies":"Jaw Worm","floor":3,"turns":4},{"damage":0,"enemies":"Small Slimes","floor":4,"turns":3},{"damage":31,"enemies":"Lagavulin","floor":6,"turns":9},{"damage":33,"enemies":"Gremlin Nob","floor":8,"turns":6},{"damage":2,"enemies":"Blue Slaver","floor":11,"turns":6},{"damage":33,"enemies":"3 Sentries","floor":14,"turns":14},{"damage":69,"enemies":"Slime Boss","floor":16,"turns":11}],"seed_played":"-2930195756678955080","potions_obtained":[{"floor":3,"key":"EssenceOfSteel"},{"floor":8,"key":"Swift Potion"}],"is_trial":false,"path_per_floor":["M","?","M","M","?","E","R","E","T","?","M","$","?","E","R","B"],"character_chosen":"IRONCLAD","items_purchased":[],"campfire_rested":2,"item_purchase_floors":[],"current_hp_per_floor":[96,101,100,101,81,56,86,59,59,59,63,63,63,36,63,0],"gold":152,"neow_bonus":"TWENTY_PERCENT_HP_BONUS","is_prod":false,"is_daily":false,"chose_seed":false,"campfire_upgraded":0,"win_rate":0,"timestamp":1560096013,"path_taken":["M","?","M","M","?","E","R","E","T","?","M","?","?","E","R","BOSS"],"build_version":"2019-01-23","purchased_purges":1,"victory":false,"max_hp_per_floor":[96,101,101,101,101,101,101,101,101,101,101,101,93,93,93,93],"card_choices":[{"not_picked":["Flex","Cleave"],"picked":"Shrug It Off","floor":1},{"not_picked":["Clash","Rampage"],"picked":"Disarm","floor":3},{"not_picked":["Perfected Strike","Fire Breathing"],"picked":"Heavy Blade","floor":4},{"not_picked":["Intimidate","Warcry"],"picked":"Metallicize","floor":6},{"not_picked":["Juggernaut","Anger"],"picked":"Iron Wave","floor":8},{"not_picked":["Sever Soul","True Grit","Havoc"],"picked":"SKIP","floor":11},{"not_picked":["Sword Boomerang","Body Slam"],"picked":"Headbutt","floor":14}],"player_experience":59883,"relics_obtained":[{"floor":6,"key":"Gremlin Horn"},{"floor":8,"key":"Darkstone Periapt"},{"floor":14,"key":"Frozen Egg 2"}],"event_choices":[{"damage_healed":0,"gold_gain":0,"player_choice":"Donut","damage_taken":0,"max_hp_gain":5,"max_hp_loss":0,"event_name":"Big Fish","floor":2,"gold_loss":0},{"damage_healed":0,"gold_gain":0,"player_choice":"Entered Light","damage_taken":20,"max_hp_gain":0,"max_hp_loss":0,"event_name":"Shining Light","floor":5,"gold_loss":0,"cards_upgraded":["Strike_R","Defend_R"]},{"damage_healed":0,"gold_gain":68,"player_choice":"Gained Gold","damage_taken":0,"max_hp_gain":0,"max_hp_loss":0,"event_name":"Golden Wing","floor":10,"gold_loss":0},{"damage_healed":0,"gold_gain":0,"player_choice":"Lose Max HP","damage_taken":0,"relics_obtained":["Golden Idol"],"max_hp_gain":0,"max_hp_loss":8,"event_name":"Golden Idol","floor":13,"gold_loss":0}],"is_beta":false,"boss_relics":[],"items_purged_floors":[12],"is_endless":false,"potions_floor_spawned":[3,8],"killed_by":"Slime Boss","ascension_level":0}