{"gold_per_floor":[111,124,136,149,29,29,61,80,80,110,110,121,131,151,151,255,255,275,290,37,53,152,163,163,196,196,211,211,246,258,275,275,370,370,390,265,284,47,62,75,110,110,133,158,171,204,204,221,221,221],"floor_reached":51,"playtime":5155,"items_purged":["Strike_B","Strike_B","Defend_B","Strike_B"],"score":822,"play_id":"b4e1708b-2a32-4d86-945f-22827c625d6e","local_time":"20190607005447","is_ascension_mode":false,"campfire_choices":[{"data":"Zap","floor":6,"key":"SMITH"},{"data":"Dualcast","floor":11,"key":"SMITH"},{"data":"Go for the Eyes","floor":15,"key":"SMITH"},{"data":"Coolheaded","floor":24,"key":"SMITH"},{"data":"Compile Driver","floor":32,"key":"SMITH"},{"floor":49,"key":"REST"}],"neow_cost":"NONE","seed_source_timestamp":1073193702685806,"circlet_count":0,"master_deck":["Strike_B+1","Defend_B+1","Zap+1","Dualcast+1","Cold Snap+1","Self Repair+1","Coolheaded+1","BootSequence+1","Ball Lightning+1","Go for the Eyes+1","All For One+1","Leap+1","Conserve Battery+1","All For One+1","Compile Driver+1","Machine Learning+1","Gash+1","Compile Driver+1","Gash+1","Conserve Battery+1","Chill+1","FTL+1","Electrodynamics+1","Double Energy+1","Aggregate+1","Consume+1","Hologram+1","Impatience+1","Go for the Eyes+1","Steam+1","Hologram+1"],"relics":["Cracked Core","Frozen Egg 2","Toxic Egg 2","Torii","Nuclear Battery","Bottled Flame","Shuriken","Bronze Scales","Astrolabe","Orichalcum","Centennial Puzzle","Potion Belt","Blood Vial","Mark of the Bloom"],"potions_floor_usage":[16,21,33,33,45,50],"damage_taken":[{"damage":0,"enemies":"Cultist","floor":1,"turns":3},{"damage":2,"enemies":"Small Slimes","floor":2,"turns":3},{"damage":2,"enemies":"2 Louse","floor":3,"turns":3},{"damage":5,"enemies":"Looter","floor":4,"turns":4},{"damage":23,"enemies":"3 Sentries","floor":7,"turns":7},{"damage":0,"enemies":"2 Fungi Beasts","floor":8,"turns":3},{"damage":11,"enemies":"Lagavulin","floor":10,"turns":5},{"damage":1,"enemies":"Blue Slaver","floor":12,"turns":3},{"damage":0,"enemies":"Red Slaver","floor":13,"turns":3},{"damage":1,"enemies":"Exordium Wildlife","floor":14,"turns":3},{"damage":4,"enemies":"Hexaghost","floor":16,"turns":9},{"damage":0,"enemies":"3 Byrds","floor":18,"turns":5},{"damage":0,"enemies":"Spheric Guardian","floor":19,"turns":3},{"damage":2,"enemies":"Snake Plant","floor":21,"turns":4},{"damage":0,"enemies":"Centurion and Healer","floor":23,"turns":5},{"damage":13,"enemies":"Book of Stabbing","floor":25,"turns":5},{"damage":0,"enemies":"3 Cultists","floor":27,"turns":4},{"damage":0,"enemies":"Gremlin Leader","floor":29,"turns":4},{"damage":0,"enemies":"Shelled Parasite and Fungi","floor":30,"turns":3},{"damage":0,"enemies":"Chosen and Byrds","floor":31,"turns":4},{"damage":20,"enemies":"Collector","floor":33,"turns":5},{"damage":26,"enemies":"3 Shapes","floor":35,"turns":4},{"damage":0,"enemies":"Orb Walker","floor":37,"turns":3},{"damage":0,"enemies":"4 Shapes","floor":39,"turns":2},{"damage":0,"enemies":"Jaw Worm Horde","floor":40,"turns":2},{"damage":1,"enemies":"Giant Head","floor":41,"turns":6},{"damage":6,"enemies":"Reptomancer","floor":44,"turns":4},{"damage":0,"enemies":"Writhing Mass","floor":45,"turns":5},{"damage":0,"enemies":"Nemesis","floor":46,"turns":5},{"damage":0,"enemies":"Transient","floor":48,"turns":5},{"damage":15,"enemies":"Time Eater","floor":50,"turns":7}],"seed_played":"-3377370055052252384","potions_obtained":[{"floor":4,"key":"Weak Potion"},{"floor":8,"key":"Regen Potion"},{"floor":10,"key":"Dexterity Potion"},{"floor":13,"key":"LiquidBronze"},{"floor":19,"key":"Swift Potion"},{"floor":25,"key":"PowerPotion"},{"floor":29,"key":"FearPotion"},{"floor":41,"key":"Explosive Potion"},{"floor":44,"key":"GamblersBrew"},{"floor":46,"key":"PowerPotion"},{"floor":48,"key":"SkillPotion"}],"is_trial":false,"path_per_floor":["M","M","M","M","$","R","E","M","T","E","R","M","M","M","R","B",null,"M","M","$","M","?","M","R","E","T","M","?","E","M","M","R","B",null,"M","$","M","$","M","M","E","?","T","E","M","E","?","M","R","B",null],"character_chosen":"DEFECT","items_purchased":["Ball Lightning","Machine Learning+1","Impatience+1"],"campfire_rested":1,"item_purchase_floors":[5,20,38],"current_hp_per_floor":[82,80,82,77,77,77,61,68,68,64,64,63,63,62,62,65,82,82,82,82,82,82,82,82,76,76,82,82,82,82,82,82,69,82,63,63,63,63,63,63,69,69,69,70,77,77,77,77,77,62],"gold":221,"neow_bonus":"TEN_PERCENT_HP_BONUS","is_prod":false,"is_daily":false,"chose_seed":false,"campfire_upgraded":5,"win_rate":0.0,"timestamp":1559883287,"path_taken":["M","?","M","M","$","R","E","M","T","E","R","M","M","?","R","BOSS","M","M","$","M","?","M","R","E","T","M","?","E","M","?","R","BOSS","M","$","M","$","M","M","E","?","T","E","M","E","?","M","R","BOSS"],"build_version":"2019-01-23","purchased_purges":4,"victory":true,"max_hp_per_floor":[82,82,82,82,82,82,82,82,82,82,82,82,82,82,82,82,82,82,82,82,82,82,82,82,82,82,82,82,82,82,82,82,82,82,82,82,82,82,82,82,82,78,78,78,78,78,78,78,78,78],"card_choices":[{"not_picked":["Hologram","Chaos"],"picked":"Cold Snap","floor":1},{"not_picked":["Steam","Redo"],"picked":"Self Repair","floor":2},{"not_picked":["Barrage","Leap"],"picked":"Coolheaded","floor":3},{"not_picked":["Melter","Go for the Eyes"],"picked":"BootSequence","floor":4},{"not_picked":["Auto Shields","Redo"],"picked":"Go for the Eyes","floor":7},{"not_picked":["Conserve Battery","Go for the Eyes"],"picked":"All For One","floor":8},{"not_picked":["Cold Snap","Reprogram+1","Ball Lightning"],"picked":"SKIP","floor":10},{"not_picked":["Stack+1","Lockon"],"picked":"Leap+1","floor":12},{"not_picked":["Streamline","Cold Snap"],"picked":"Static Discharge+1","floor":13},{"not_picked":["Stack+1","Coolheaded+1"],"picked":"Conserve Battery+1","floor":14},{"not_picked":["Biased Cognition+1","Thunder Strike"],"picked":"All For One","floor":16},{"not_picked":["Stack+1","Force Field+1","Auto Shields+1"],"picked":"SKIP","floor":18},{"not_picked":["Ball Lightning","Leap+1"],"picked":"Compile Driver","floor":19},{"not_picked":["Ball Lightning","Conserve Battery+1"],"picked":"Gash+1","floor":21},{"not_picked":["Rip and Tear","Leap+1","Conserve Battery+1"],"picked":"SKIP","floor":23},{"not_picked":["Aggregate+1","Rip and Tear","Multi-Cast+1"],"picked":"SKIP","floor":25},{"not_picked":["Coolheaded+1","Self Repair+1"],"picked":"Compile Driver","floor":27},{"not_picked":["Glacier+1","Loop+1"],"picked":"Conserve Battery+1","floor":29},{"not_picked":["Beam Cell","Gash"],"picked":"Chill+1","floor":30},{"not_picked":["Auto Shields+1","Go for the Eyes"],"picked":"FTL","floor":31},{"not_picked":["Multi-Cast+1","Reboot+1"],"picked":"Electrodynamics+1","floor":33},{"not_picked":["Darkness+1","Streamline+1","Cold Snap+1"],"picked":"SKIP","floor":35},{"not_picked":["Heatsinks+1","Coolheaded+1"],"picked":"Hologram+1","floor":37},{"not_picked":["Sweeping Beam+1","Hologram+1"],"picked":"Go for the Eyes+1","floor":39},{"not_picked":["Rainbow+1","Cold Snap","Conserve Battery+1"],"picked":"SKIP","floor":40},{"not_picked":["Hologram+1","Go for the Eyes+1","Chill+1"],"picked":"SKIP","floor":41},{"not_picked":["Hologram+1","Compile Driver+1","Streamline"],"picked":"SKIP","floor":44},{"not_picked":["Stack+1","Double Energy+1"],"picked":"Steam+1","floor":45},{"not_picked":["Coolheaded+1","Genetic Algorithm+1","Consume+1"],"picked":"SKIP","floor":46},{"not_picked":["Chill+1","Coolheaded+1"],"picked":"Hologram+1","floor":48}],"player_experience":13151,"relics_obtained":[{"floor":7,"key":"Frozen Egg 2"},{"floor":9,"key":"Toxic Egg 2"},{"floor":10,"key":"Torii"},{"floor":25,"key":"Bottled Flame"},{"floor":26,"key":"Shuriken"},{"floor":29,"key":"Bronze Scales"},{"floor":41,"key":"Orichalcum"},{"floor":43,"key":"Centennial Puzzle"},{"floor":44,"key":"Potion Belt"},{"floor":46,"key":"Blood Vial"}],"event_choices":[{"damage_healed":0,"gold_gain":99,"player_choice":"Stole From Cult","damage_taken":0,"max_hp_gain":0,"max_hp_loss":0,"event_name":"Nest","floor":22,"gold_loss":0},{"damage_healed":0,"gold_gain":0,"player_choice":"Copied","damage_taken":0,"max_hp_gain":0,"max_hp_loss":0,"event_name":"Duplicator","floor":28,"gold_loss":0,"cards_obtained":["Gash"]},{"damage_healed":0,"gold_gain":0,"player_choice":"Max HP","damage_taken":0,"max_hp_gain":0,"max_hp_loss":4,"event_name":"Winding Halls","floor":42,"gold_loss":0},{"damage_healed":0,"gold_gain":0,"player_choice":"Upgrade","damage_taken":0,"relics_obtained":["Mark of the Bloom"],"max_hp_gain":0,"max_hp_loss":0,"event_name":"MindBloom","floor":47,"gold_loss":0,"cards_upgraded":["Strike_B","Defend_B","Cold Snap","Self Repair","BootSequence","Ball Lightning","All For One","All For One","Compile Driver","FTL"]}],"is_beta":false,"boss_relics":[{"not_picked":["Philosopher\u0027s Stone","Tiny House"],"picked":"Nuclear Battery"},{"not_picked":["Black Star","Velvet Choker"],"picked":"Astrolabe"}],"items_purged_floors":[5,20,36,38],"is_endless":false,"potions_floor_spawned":[4,8,10,12,13,19,25,29,30,31,41,44,46,48],"ascension_level":0}