{"gold_per_floor":[111,126,51,126,146,146,161,161,161,161,161,161,175,186,186,262,262,276,276,287,199,124,124,174,174,226,226,66,86,113,126,126,200,200,220,232,147,147,147,147,147],"floor_reached":41,"playtime":2110,"items_purged":["Defend_B"],"score":1129,"play_id":"1e309676-5e33-48af-ac9a-a449e2ff51b2","local_time":"20190321160321","is_ascension_mode":true,"campfire_choices":[{"data":"Zap","floor":6.0,"key":"SMITH"},{"data":"Strike_B","floor":8.0,"key":"PURGE"},{"data":"Consume","floor":10.0,"key":"SMITH"},{"data":"Strike_B","floor":15.0,"key":"PURGE"},{"data":"Capacitor","floor":23.0,"key":"SMITH"},{"data":"Strike_B","floor":25.0,"key":"PURGE"},{"data":"Defend_B","floor":27.0,"key":"PURGE"},{"floor":32.0,"key":"REST"},{"data":"Defragment","floor":40.0,"key":"SMITH"}],"neow_cost":"TEN_PERCENT_HP_LOSS","seed_source_timestamp":0,"circlet_count":0,"master_deck":["AscendersBane","Zap+1","Dualcast","Ball Lightning","BootSequence","Glacier","Consume+1","FTL","Glacier","Capacitor+1","Loop","Tempest","Blizzard","Echo Form","Defragment+1","Bandage Up"],"special_seed":0,"relics":["Cracked Core","Peace Pipe","Blue Candle","Sozu","DataDisk","Happy Flower","Empty Cage"],"potions_floor_usage":[41],"damage_taken":[{"damage":2.0,"enemies":"2 Louse","floor":1.0,"turns":2.0},{"damage":2.0,"enemies":"Jaw Worm","floor":2.0,"turns":3.0},{"damage":6.0,"enemies":"Cultist","floor":5.0,"turns":3.0},{"damage":0.0,"enemies":"Red Slaver","floor":7.0,"turns":3.0},{"damage":3.0,"enemies":"Blue Slaver","floor":13.0,"turns":3.0},{"damage":0.0,"enemies":"Looter","floor":14.0,"turns":3.0},{"damage":20.0,"enemies":"The Guardian","floor":16.0,"turns":13.0},{"damage":14.0,"enemies":"3 Byrds","floor":18.0,"turns":3.0},{"damage":1.0,"enemies":"Shell Parasite","floor":20.0,"turns":6.0},{"damage":16.0,"enemies":"Centurion and Healer","floor":29.0,"turns":7.0},{"damage":3.0,"enemies":"Cultist and Chosen","floor":31.0,"turns":6.0},{"damage":0.0,"enemies":"Automaton","floor":33.0,"turns":11.0},{"damage":6.0,"enemies":"Orb Walker","floor":35.0,"turns":3.0},{"damage":20.0,"enemies":"3 Darklings","floor":36.0,"turns":5.0},{"damage":53,"enemies":"Jaw Worm Horde","floor":41,"turns":2}],"seed_played":"-8564468872428904456","potions_obtained":[{"floor":1.0,"key":"SkillPotion"},{"floor":7.0,"key":"FocusPotion"},{"floor":13.0,"key":"Strength Potion"}],"is_trial":false,"path_per_floor":["M","M","?","?","M","R","M","R","T","R","$","$","M","M","R","B",null,"M","?","M","$","?","R","?","R","T","R","$","M","T","M","R","B",null,"M","M","$","?","?","R","M"],"character_chosen":"DEFECT","items_purchased":["Capacitor","Loop","Defragment"],"campfire_rested":1,"item_purchase_floors":[21,28,37],"current_hp_per_floor":[62,60,60,49,43,43,43,43,43,43,43,43,40,40,40,20,53,39,39,38,38,38,38,38,38,38,38,38,22,22,19,38,38,58,52,32,32,52,52,52,0],"gold":147,"neow_bonus":"ONE_RARE_RELIC","is_prod":false,"is_daily":false,"chose_seed":false,"campfire_upgraded":4,"win_rate":0,"timestamp":1553173401,"path_taken":["M","M","?","?","M","R","M","R","T","R","?","$","M","M","R","BOSS","M","?","?","?","?","R","?","R","T","R","$","M","?","M","R","BOSS","M","M","$","?","?","R","M"],"build_version":"2019-01-23","purchased_purges":1,"victory":false,"max_hp_per_floor":[64,64,64,64,64,64,64,64,64,64,64,64,64,64,64,64,64,64,64,64,64,64,64,64,64,64,64,64,64,64,64,64,64,64,64,64,64,52,52,52,52],"card_choices":[{"not_picked":["Darkness","Fusion"],"picked":"Ball Lightning","floor":1.0},{"not_picked":["Streamline","Sweeping Beam"],"picked":"BootSequence","floor":2.0},{"not_picked":["Turbo","Static Discharge"],"picked":"Glacier","floor":5.0},{"not_picked":["Conserve Battery","Hologram"],"picked":"Consume","floor":7.0},{"not_picked":["Double Energy","Undo","Fusion"],"picked":"SKIP","floor":13.0},{"not_picked":["Beam Cell","Leap"],"picked":"FTL","floor":14.0},{"not_picked":["Reboot","Amplify"],"picked":"Biased Cognition","floor":16.0},{"not_picked":["Steam+1","Doom and Gloom","Melter"],"picked":"SKIP","floor":18.0},{"not_picked":["Rebound","Aggregate"],"picked":"Glacier","floor":20.0},{"not_picked":["FTL","Sweeping Beam"],"picked":"Tempest","floor":29.0},{"not_picked":["Beam Cell","Compile Driver"],"picked":"Blizzard","floor":31.0},{"not_picked":["Reboot","Machine Learning"],"picked":"Echo Form","floor":33.0},{"not_picked":["Scrape+1","Rebound","Turbo"],"picked":"SKIP","floor":35.0},{"not_picked":["Steam+1","Rebound+1","Coolheaded"],"picked":"SKIP","floor":36.0},{"not_picked":["Violence","HandOfGreed"],"picked":"Bandage Up","floor":39.0}],"player_experience":1027120,"relics_obtained":[{"floor":9.0,"key":"Blue Candle"},{"floor":26.0,"key":"DataDisk"},{"floor":30.0,"key":"Happy Flower"}],"event_choices":[{"cards_removed":["Strike_B"],"damage_healed":0.0,"max_hp_gain":0.0,"max_hp_loss":0.0,"gold_gain":0.0,"event_name":"The Cleric","player_choice":"Card Removal","floor":3.0,"gold_loss":75.0,"damage_taken":0.0},{"damage_healed":0.0,"max_hp_gain":0.0,"max_hp_loss":0.0,"gold_gain":75.0,"event_name":"World of Goop","player_choice":"Gather Gold","floor":4.0,"gold_loss":0.0,"damage_taken":11.0},{"damage_healed":0.0,"max_hp_gain":0.0,"max_hp_loss":0.0,"gold_gain":0.0,"event_name":"Lab","player_choice":"Got Potions","floor":19.0,"gold_loss":0.0,"damage_taken":0.0},{"cards_removed":["Defend_B"],"damage_healed":0.0,"max_hp_gain":0.0,"max_hp_loss":0.0,"gold_gain":0.0,"event_name":"Beggar","player_choice":"Gave Gold","floor":22.0,"gold_loss":75.0,"damage_taken":0.0},{"damage_healed":0.0,"max_hp_gain":0.0,"max_hp_loss":0.0,"gold_gain":50.0,"event_name":"Nest","player_choice":"Stole From Cult","floor":24.0,"gold_loss":0.0,"damage_taken":0.0},{"damage_healed":52.0,"max_hp_gain":0.0,"max_hp_loss":12.0,"gold_gain":0.0,"event_name":"The Moai Head","player_choice":"Heal","floor":38.0,"gold_loss":0.0,"damage_taken":0.0},{"damage_healed":0.0,"max_hp_gain":0.0,"max_hp_loss":0.0,"gold_gain":0.0,"event_name":"SensoryStone","player_choice":"Memory 1","floor":39.0,"gold_loss":0.0,"damage_taken":0.0}],"is_beta":false,"boss_relics":[{"not_picked":["Black Star","Cursed Key"],"picked":"Sozu"},{"not_picked":["Astrolabe","Busted Crown"],"picked":"Empty Cage"}],"items_purged_floors":[28],"is_endless":false,"potions_floor_spawned":[1,7,13,18,31,33,35],"killed_by":"Jaw Worm Horde","ascension_level":19}