{"gold_per_floor":[10,20,36,46,62,62,78,88,88,88,118,118,151,171,171,242,242,252,177,177,177,92,92,17,31,82,82,98,108,108],"floor_reached":30,"playtime":2286,"items_purged":["Slice"],"score":464,"play_id":"39dcf682-98c1-43b8-a66f-9698a76d264a","local_time":"20181213073712","is_ascension_mode":true,"campfire_choices":[{"data":"Skewer","floor":6,"key":"SMITH"},{"data":"Cloak And Dagger","floor":10,"key":"SMITH"},{"floor":12,"key":"REST"},{"floor":15,"key":"REST"},{"data":"Envenom","floor":23,"key":"SMITH"},{"floor":27,"key":"REST"}],"neow_cost":"NO_GOLD","seed_source_timestamp":102105763716007,"circlet_count":0,"master_deck":["AscendersBane","Survivor","Neutralize","Deadly Poison","Accuracy","Skewer+1","Backstab","PiercingWail","Tools of the Trade","Leg Sweep","Cloak And Dagger+1","Blade Dance","Reflex","Glass Knife","Envenom+1","PiercingWail","Dagger Spray","Bane","Setup","PiercingWail","Acrobatics","Doppelganger","Deflect","Infinite Blades+1","Underhanded Strike","Catalyst"],"relics":["Ring of the Snake","Blue Candle","Turnip","Ornamental Fan","Pandora\u0027s Box","Paper Crane","Anchor"],"potions_floor_usage":[11,16,29,30],"damage_taken":[{"damage":1,"enemies":"Cultist","floor":1,"turns":4},{"damage":0,"enemies":"Small Slimes","floor":2,"turns":4},{"damage":1,"enemies":"Jaw Worm","floor":3,"turns":5},{"damage":6,"enemies":"Exordium Wildlife","floor":4,"turns":4},{"damage":0,"enemies":"2 Fungi Beasts","floor":5,"turns":4},{"damage":5,"enemies":"Red Slaver","floor":7,"turns":2},{"damage":7,"enemies":"Large Slime","floor":8,"turns":6},{"damage":27,"enemies":"3 Sentries","floor":11,"turns":8},{"damage":25,"enemies":"Lagavulin","floor":13,"turns":6},{"damage":3,"enemies":"Blue Slaver","floor":14,"turns":3},{"damage":11,"enemies":"The Guardian","floor":16,"turns":14},{"damage":17,"enemies":"Shell Parasite","floor":18,"turns":4},{"damage":1,"enemies":"3 Byrds","floor":25,"turns":7},{"damage":22,"enemies":"3 Cultists","floor":28,"turns":6},{"damage":30,"enemies":"Cultist and Chosen","floor":29,"turns":7},{"damage":24,"enemies":"Chosen and Byrds","floor":30,"turns":5}],"seed_played":"8722185619079697862","potions_obtained":[{"floor":2,"key":"Dexterity Potion"},{"floor":3,"key":"GhostInAJar"},{"floor":14,"key":"SteroidPotion"},{"floor":16,"key":"SpeedPotion"},{"floor":29,"key":"PowerPotion"}],"is_trial":false,"path_per_floor":["M","M","M","M","M","R","M","M","T","R","E","R","E","M","R","B",null,"M","?","?","$","?","R","$","M","T","R","M","M","M"],"character_chosen":"THE_SILENT","items_purchased":[],"campfire_rested":3,"item_purchase_floors":[],"current_hp_per_floor":[58,58,57,51,51,51,46,39,39,39,12,31,6,3,22,11,52,35,35,35,35,35,35,35,34,34,53,31,1,0],"gold":108,"neow_bonus":"TRANSFORM_TWO_CARDS","is_prod":false,"is_daily":false,"chose_seed":false,"campfire_upgraded":3,"win_rate":0,"timestamp":1544675832,"path_taken":["M","M","M","M","M","R","?","M","T","R","E","R","E","M","R","BOSS","M","?","?","?","?","R","$","M","T","R","M","M","?"],"build_version":"2018-12-06","purchased_purges":1,"victory":false,"max_hp_per_floor":[66,66,66,66,66,66,66,66,66,66,66,66,66,66,66,66,66,66,66,66,66,66,66,66,66,66,66,66,66,66],"card_choices":[{"not_picked":["Dagger Spray","Slice"],"picked":"Accuracy","floor":1},{"not_picked":["Deflect","Sucker Punch"],"picked":"Skewer","floor":2},{"not_picked":["Flechettes","Crippling Poison"],"picked":"Backstab","floor":3},{"not_picked":["Dodge and Roll","Reflex"],"picked":"PiercingWail","floor":4},{"not_picked":["Sucker Punch","Poisoned Stab"],"picked":"Tools of the Trade","floor":5},{"not_picked":["Poisoned Stab","Expertise"],"picked":"Leg Sweep","floor":7},{"not_picked":["Dagger Spray","Slice"],"picked":"Cloak And Dagger","floor":8},{"not_picked":["Eviscerate","Distraction"],"picked":"Blade Dance","floor":11},{"not_picked":["Quick Slash","Deadly Poison"],"picked":"Reflex","floor":13},{"not_picked":["Poisoned Stab","Slice"],"picked":"Glass Knife","floor":14},{"not_picked":["Malaise","Grand Finale"],"picked":"Envenom","floor":16},{"not_picked":["Slice","Blade Dance"],"picked":"Acrobatics","floor":18},{"not_picked":["Backflip","Dagger Spray"],"picked":"Infinite Blades+1","floor":25},{"not_picked":["All Out Attack","Infinite Blades"],"picked":"Underhanded Strike","floor":28},{"not_picked":["Dagger Spray","Backstab"],"picked":"Catalyst","floor":29}],"player_experience":859848,"relics_obtained":[{"floor":9,"key":"Blue Candle"},{"floor":11,"key":"Turnip"},{"floor":13,"key":"Ornamental Fan"},{"floor":26,"key":"Anchor"}],"event_choices":[{"cards_removed":["Poisoned Stab"],"damage_healed":0,"gold_gain":0,"player_choice":"Gave Gold","damage_taken":0,"max_hp_gain":0,"max_hp_loss":0,"event_name":"Beggar","floor":19,"gold_loss":75},{"damage_healed":0,"gold_gain":0,"cards_transformed":["Slice","Quick Slash"],"player_choice":"Became Test Subject","damage_taken":0,"max_hp_gain":0,"max_hp_loss":0,"event_name":"Drug Dealer","floor":20,"gold_loss":0,"cards_obtained":["Doppelganger","Deflect"]},{"damage_healed":0,"gold_gain":0,"player_choice":"Obtained Relic","damage_taken":0,"relics_obtained":["Paper Crane"],"max_hp_gain":0,"max_hp_loss":0,"event_name":"Addict","floor":22,"gold_loss":85}],"is_beta":false,"boss_relics":[{"not_picked":["Fusion Hammer","Busted Crown"],"picked":"Pandora\u0027s Box"}],"items_purged_floors":[24],"is_endless":false,"potions_floor_spawned":[2,3,8,14,16,25,29],"killed_by":"Chosen and Byrds","ascension_level":18}