{"gold_per_floor":[116,80,80,80,93,93,116,140,163,184,169,192,192,206,206,329,329,342,49,49,39,60,60,84,108,133,34,58,58,58,76,76,207,207,225,250,80,205,538,555,569,569,569,569,589,605,251,271,271,271],"floor_reached":51,"playtime":9545,"items_purged":["Strike_G","Strike_G","Strike_G","Defend_G"],"score":674,"play_id":"f9be3d0b-5e11-4081-b769-67b4bd66c075","local_time":"20190611032932","is_ascension_mode":false,"campfire_choices":[{"data":"Blind","floor":6,"key":"SMITH"},{"data":"Venomology","floor":13,"key":"SMITH"},{"data":"Footwork","floor":15,"key":"SMITH"},{"data":"Prepared","floor":23,"key":"SMITH"},{"floor":29,"key":"REST"},{"data":"Infinite Blades","floor":32,"key":"SMITH"},{"data":"A Thousand Cuts","floor":42,"key":"SMITH"},{"data":"Enlightenment","floor":44,"key":"SMITH"},{"data":"Escape Plan","floor":49,"key":"SMITH"}],"neow_cost":"NONE","seed_source_timestamp":291540332611173,"circlet_count":0,"master_deck":["Defend_G","Defend_G","Defend_G","Defend_G","Strike_G","Strike_G","Survivor","Neutralize","Blind+1","Footwork+1","Deadly Poison","Venomology+1","Escape Plan+1","Dodge and Roll","Prepared+1","After Image+1","Blade Dance+1","Infinite Blades+1","Poisoned Stab+1","Prepared","Infinite Blades","Blade Dance","A Thousand Cuts+1","Blade Dance","A Thousand Cuts","Escape Plan+1","Choke","Footwork","Enlightenment+1","Prepared","Deflect+1","Prepared","Outmaneuver+1","Backflip+1","Calculated Gamble","Backstab+1","Tactician"],"relics":["Ring of the Snake","Smiling Mask","Runic Pyramid","Membership Card","Blood Vial","MutagenicStrength","Coffee Dripper","Prayer Wheel","Kunai","Shuriken","OrangePellets","Ancient Tea Set"],"potions_floor_usage":[8,10,11,14,16,16,16,21,21,21,22,24,25,25,28,31,33,33,35,35,36,38,40,40,45,46,48,50,50,50,50],"damage_taken":[{"damage":0,"enemies":"Jaw Worm","floor":1,"turns":4},{"damage":0,"enemies":"Cultist","floor":5,"turns":4},{"damage":0,"enemies":"Small Slimes","floor":7,"turns":5},{"damage":2,"enemies":"Looter","floor":8,"turns":4},{"damage":2,"enemies":"Exordium Wildlife","floor":10,"turns":8},{"damage":1,"enemies":"Exordium Thugs","floor":11,"turns":5},{"damage":0,"enemies":"2 Fungi Beasts","floor":12,"turns":6},{"damage":0,"enemies":"Large Slime","floor":14,"turns":7},{"damage":8,"enemies":"Hexaghost","floor":16,"turns":14},{"damage":0,"enemies":"Spheric Guardian","floor":18,"turns":7},{"damage":0,"enemies":"2 Thieves","floor":21,"turns":4},{"damage":33,"enemies":"3 Cultists","floor":22,"turns":12},{"damage":3,"enemies":"Shelled Parasite and Fungi","floor":24,"turns":6},{"damage":14,"enemies":"Snecko","floor":25,"turns":9},{"damage":11,"enemies":"3 Cultists","floor":28,"turns":7},{"damage":0,"enemies":"Centurion and Healer","floor":31,"turns":8},{"damage":5,"enemies":"Collector","floor":33,"turns":13},{"damage":3,"enemies":"3 Shapes","floor":35,"turns":6},{"damage":5,"enemies":"3 Darklings","floor":36,"turns":7},{"damage":0,"enemies":"Mind Bloom Boss Battle","floor":38,"turns":6},{"damage":2,"enemies":"Writhing Mass","floor":40,"turns":7},{"damage":0,"enemies":"Maw","floor":41,"turns":8},{"damage":8,"enemies":"Spire Growth","floor":45,"turns":6},{"damage":0,"enemies":"Sphere and 2 Shapes","floor":46,"turns":6},{"damage":9,"enemies":"4 Shapes","floor":48,"turns":3},{"damage":15,"enemies":"Donu and Deca","floor":50,"turns":10}],"seed_played":"-3866953747109678314","potions_obtained":[{"floor":1,"key":"EntropicBrew"},{"floor":11,"key":"Block Potion"},{"floor":18,"key":"Strength Potion"},{"floor":22,"key":"LiquidBronze"},{"floor":24,"key":"Swift Potion"},{"floor":25,"key":"Strength Potion"},{"floor":40,"key":"SpeedPotion"}],"is_trial":false,"path_per_floor":["M","$","?","?","M","R","M","M","T","M","M","M","R","M","R","B",null,"M","$","?","M","M","R","M","M","T","$","M","R","?","M","R","B",null,"M","M","$","?","?","M","M","R","T","R","M","M","$","M","R","B",null],"character_chosen":"THE_SILENT","items_purchased":["Footwork","Infinite Blades","Membership Card","Infinite Blades","Blade Dance","Choke","Footwork","Enlightenment","Shuriken","OrangePellets","Ancient Tea Set"],"campfire_rested":1,"item_purchase_floors":[2,19,19,27,27,37,37,37,47,47,47],"current_hp_per_floor":[70,70,53,53,53,53,53,51,51,64,63,63,63,63,63,55,70,70,70,70,70,37,37,34,20,20,20,11,32,32,34,34,31,70,67,64,64,66,66,66,68,68,68,68,62,64,64,57,57,70],"gold":271,"neow_bonus":"RANDOM_COLORLESS","is_prod":false,"is_daily":false,"chose_seed":false,"campfire_upgraded":8,"win_rate":0.0,"timestamp":1560238172,"path_taken":["M","$","?","?","M","R","M","M","T","?","M","?","R","M","R","BOSS","M","$","?","M","M","R","M","?","T","$","?","R","?","M","R","BOSS","M","M","$","?","?","M","?","R","T","R","M","M","$","M","R","BOSS"],"build_version":"2019-01-23","purchased_purges":4,"victory":true,"max_hp_per_floor":[70,70,70,70,70,70,70,70,70,70,70,70,70,70,70,70,70,70,70,70,70,70,70,70,70,70,70,70,70,70,70,70,70,70,70,70,70,70,70,70,70,70,70,70,70,70,70,70,70,70],"card_choices":[{"not_picked":["Dagger Spray","Flying Knee","Acrobatics"],"picked":"SKIP","floor":1},{"not_picked":["PiercingWail","Bane"],"picked":"Deadly Poison","floor":5},{"not_picked":["Quick Slash","Outmaneuver"],"picked":"Venomology","floor":7},{"not_picked":["Finisher","Quick Slash"],"picked":"Escape Plan","floor":8},{"not_picked":["Underhanded Strike","Slice","Dagger Throw"],"picked":"SKIP","floor":10},{"not_picked":["Terror","Underhanded Strike"],"picked":"Dodge and Roll","floor":11},{"not_picked":["Endless Agony","Skewer","Bullet Time"],"picked":"SKIP","floor":12},{"not_picked":["Predator","Blade Dance"],"picked":"Prepared","floor":14},{"not_picked":["Burst","Doppelganger"],"picked":"After Image","floor":16},{"not_picked":["Quick Slash","Leg Sweep"],"picked":"Blade Dance+1","floor":18},{"not_picked":["Underhanded Strike","Sucker Punch+1","Dagger Spray"],"picked":"SKIP","floor":21},{"not_picked":["Slice","Riddle With Holes"],"picked":"Poisoned Stab+1","floor":22},{"not_picked":["Bane+1","Deadly Poison+1"],"picked":"Prepared","floor":24},{"not_picked":["PiercingWail","Leg Sweep","Dagger Spray+1"],"picked":"SKIP","floor":25},{"not_picked":["Flying Knee","Bane"],"picked":"A Thousand Cuts","floor":28},{"not_picked":["Underhanded Strike+1","Deadly Poison+1"],"picked":"Blade Dance","floor":31},{"not_picked":["Corpse Explosion","Night Terror"],"picked":"A Thousand Cuts","floor":33},{"not_picked":["Dodge and Roll","All Out Attack","Heel Hook"],"picked":"SKIP","floor":35},{"not_picked":["Backflip+1","Well Laid Plans+1"],"picked":"Escape Plan+1","floor":36},{"not_picked":["Dagger Throw+1","Terror+1"],"picked":"Prepared","floor":40},{"not_picked":["Flying Knee","Outmaneuver","Calculated Gamble+1"],"picked":"SKIP","floor":40},{"not_picked":["Dagger Spray+1","Deadly Poison"],"picked":"Deflect+1","floor":41},{"not_picked":["Sucker Punch+1","Corpse Explosion"],"picked":"Prepared","floor":41},{"not_picked":["Escape Plan","Eviscerate+1"],"picked":"Outmaneuver+1","floor":45},{"not_picked":["Flying Knee+1","Catalyst","Endless Agony"],"picked":"SKIP","floor":45},{"not_picked":["Bane","Bouncing Flask+1"],"picked":"Backflip+1","floor":46},{"not_picked":["Glass Knife","Infinite Blades+1"],"picked":"Calculated Gamble","floor":46},{"not_picked":["Flying Knee+1","Quick Slash"],"picked":"Backstab+1","floor":48},{"not_picked":["PiercingWail","Choke+1"],"picked":"Tactician","floor":48}],"player_experience":39394,"relics_obtained":[{"floor":9,"key":"Smiling Mask"},{"floor":26,"key":"Blood Vial"},{"floor":38,"key":"Prayer Wheel"},{"floor":43,"key":"Kunai"}],"event_choices":[{"damage_healed":0,"gold_gain":0,"player_choice":"Take Damage","damage_taken":17,"relics_obtained":["Golden Idol"],"max_hp_gain":0,"max_hp_loss":0,"event_name":"Golden Idol","floor":3,"gold_loss":0},{"damage_healed":0,"gold_gain":0,"player_choice":"Bought 0 Potions","damage_taken":0,"max_hp_gain":0,"max_hp_loss":0,"event_name":"The Woman in Blue","floor":4,"gold_loss":0},{"damage_healed":0,"gold_gain":0,"player_choice":"Upgraded","damage_taken":0,"max_hp_gain":0,"max_hp_loss":0,"event_name":"Upgrade Shrine","floor":20,"gold_loss":0,"cards_upgraded":["After Image"]},{"damage_healed":0,"gold_gain":0,"player_choice":"Inject Mutagens","damage_taken":0,"relics_obtained":["MutagenicStrength"],"max_hp_gain":0,"max_hp_loss":0,"event_name":"Drug Dealer","floor":30,"gold_loss":0},{"damage_healed":0,"gold_gain":0,"player_choice":"Fight","damage_taken":0,"max_hp_gain":0,"max_hp_loss":0,"event_name":"MindBloom","floor":38,"gold_loss":0},{"damage_healed":0,"gold_gain":333,"player_choice":"Gave Idol","damage_taken":0,"max_hp_gain":0,"max_hp_loss":0,"event_name":"The Moai Head","floor":39,"relics_lost":["Golden Idol"],"gold_loss":0}],"is_beta":false,"boss_relics":[{"not_picked":["Cursed Key","Empty Cage"],"picked":"Runic Pyramid"},{"not_picked":["Tiny House","Busted Crown"],"picked":"Coffee Dripper"}],"items_purged_floors":[19,27,37,47],"is_endless":false,"potions_floor_spawned":[1,11,14,18,22,24,25,35,40,45,48],"ascension_level":0}