{"gold_per_floor":[112,112,112,131,56,56,99,99,125,146,146,161,181,181,181,277,277,301,301,319,319,337,337,353,353],"floor_reached":25,"playtime":1473,"items_purged":["Injury"],"score":396,"play_id":"2d7259f4-9506-4e7e-b9ef-a31165a7387b","local_time":"20190404194127","is_ascension_mode":true,"campfire_choices":[{"data":"Zap","floor":6,"key":"SMITH"},{"floor":8,"key":"REST"},{"data":"Dualcast","floor":11,"key":"SMITH"},{"floor":15,"key":"REST"},{"data":"Buffer","floor":23,"key":"SMITH"}],"neow_cost":"NONE","seed_source_timestamp":9265638227387,"circlet_count":0,"master_deck":["AscendersBane","Zap+1","Dualcast+1","Tempest+1","Self Repair","Ball Lightning","Buffer+1","Beam Cell","Echo Form","Chaos","Conserve Battery","Meteor Strike","Chill","Hologram","Conserve Battery"],"relics":["Runic Pyramid","Golden Idol","Regal Pillow","Happy Flower","Pandora\u0027s Box","CultistMask"],"potions_floor_usage":[13,25,25],"damage_taken":[{"damage":8,"enemies":"2 Louse","floor":1,"turns":3},{"damage":15,"enemies":"Small Slimes","floor":4,"turns":4},{"damage":40,"enemies":"Lagavulin","floor":7,"turns":6},{"damage":1,"enemies":"Cultist","floor":10,"turns":3},{"damage":19,"enemies":"Exordium Wildlife","floor":12,"turns":5},{"damage":16,"enemies":"Lots of Slimes","floor":13,"turns":3},{"damage":15,"enemies":"The Guardian","floor":16,"turns":9},{"damage":23,"enemies":"2 Thieves","floor":18,"turns":4},{"damage":9,"enemies":"Spheric Guardian","floor":20,"turns":4},{"damage":0,"enemies":"Snecko","floor":22,"turns":4},{"damage":24,"enemies":"Cultist and Chosen","floor":24,"turns":6},{"damage":48,"enemies":"Slavers","floor":25,"turns":5}],"seed_played":"-363256984289797843","potions_obtained":[{"floor":7,"key":"LiquidBronze"},{"floor":10,"key":"FearPotion"},{"floor":16,"key":"Fire Potion"},{"floor":24,"key":"Dexterity Potion"}],"is_trial":false,"path_per_floor":["M","?","?","M","$","R","E","R","T","M","R","M","M","?","R","B",null,"M","$","M","?","M","R","M","E"],"character_chosen":"DEFECT","items_purchased":[],"campfire_rested":2,"item_purchase_floors":[],"current_hp_per_floor":[56,56,56,41,41,41,1,37,37,36,36,24,15,15,51,43,64,48,48,39,39,53,53,43,0],"gold":353,"neow_bonus":"BOSS_RELIC","is_prod":false,"is_daily":false,"chose_seed":false,"campfire_upgraded":3,"win_rate":0,"timestamp":1554396087,"path_taken":["M","?","?","?","$","R","E","R","T","M","R","M","M","?","R","BOSS","M","?","M","?","M","R","M","E"],"build_version":"2019-01-23","purchased_purges":1,"victory":false,"max_hp_per_floor":[71,71,71,71,71,71,71,71,71,71,71,71,71,71,71,71,71,71,71,71,71,71,71,71,71],"card_choices":[{"not_picked":["Hologram","Darkness","Melter"],"picked":"SKIP","floor":1},{"not_picked":["Leap","Stack","Rebound"],"picked":"SKIP","floor":4},{"not_picked":["Streamline","Undo","All For One"],"picked":"SKIP","floor":7},{"not_picked":["Stack","Turbo"],"picked":"Self Repair","floor":10},{"not_picked":["Storm","Steam Power","Go for the Eyes"],"picked":"SKIP","floor":12},{"not_picked":["Sweeping Beam","Gash"],"picked":"Ball Lightning","floor":13},{"not_picked":["Machine Learning","Fission"],"picked":"Buffer","floor":16},{"not_picked":["Sweeping Beam","Steam"],"picked":"Conserve Battery","floor":18},{"not_picked":["Rebound","Redo","Streamline"],"picked":"SKIP","floor":20},{"not_picked":["Streamline+1","Compile Driver","Scrape"],"picked":"SKIP","floor":22},{"not_picked":["Consume","Stack","Conserve Battery"],"picked":"SKIP","floor":24}],"player_experience":1036079,"relics_obtained":[{"floor":7,"key":"Regal Pillow"},{"floor":9,"key":"Happy Flower"}],"event_choices":[{"damage_healed":0,"gold_gain":0,"player_choice":"Take Wound","damage_taken":0,"relics_obtained":["Golden Idol"],"max_hp_gain":0,"max_hp_loss":0,"event_name":"Golden Idol","floor":2,"gold_loss":0,"cards_obtained":["Injury"]},{"damage_healed":0,"gold_gain":0,"cards_transformed":["Strike_B"],"player_choice":"Transformed","damage_taken":0,"max_hp_gain":0,"max_hp_loss":0,"event_name":"Transmorgrifier","floor":3,"gold_loss":0,"cards_obtained":["Tempest"]},{"damage_healed":0,"gold_gain":0,"player_choice":"Forge","damage_taken":0,"max_hp_gain":0,"max_hp_loss":0,"event_name":"Accursed Blacksmith","floor":14,"gold_loss":0,"cards_upgraded":["Tempest"]},{"damage_healed":0,"gold_gain":0,"player_choice":"Trade","damage_taken":0,"relics_obtained":["CultistMask"],"max_hp_gain":0,"max_hp_loss":0,"event_name":"FaceTrader","floor":21,"gold_loss":0}],"is_beta":false,"boss_relics":[{"not_picked":["Philosopher\u0027s Stone","Runic Dome"],"picked":"Pandora\u0027s Box"}],"items_purged_floors":[5],"is_endless":false,"potions_floor_spawned":[7,10,16,24],"killed_by":"Slavers","ascension_level":19}