{"gold_per_floor":[119,119,129,129,144,144,157,157,157,157,157],"floor_reached":11,"playtime":442,"items_purged":[],"score":120,"play_id":"ba65ea7f-d064-455d-80b0-4b541fc6e70e","local_time":"20190207031823","is_ascension_mode":true,"campfire_choices":[{"floor":6,"key":"REST"},{"floor":8,"key":"REST"},{"data":"Capacitor","floor":10,"key":"SMITH"}],"neow_cost":"CURSE","seed_source_timestamp":84789969569335,"circlet_count":0,"master_deck":["AscendersBane","Strike_B","Strike_B","Strike_B","Strike_B","Defend_B","Defend_B","Defend_B","Defend_B","Zap","Dualcast","Pain","Cold Snap","White Noise","Capacitor+1","Consume+1","White Noise","Steam","White Noise"],"relics":["Cracked Core","Prayer Wheel","Ornamental Fan","Vajra"],"potions_floor_usage":[11],"damage_taken":[{"damage":3,"enemies":"2 Louse","floor":1,"turns":4},{"damage":12,"enemies":"Jaw Worm","floor":3,"turns":4},{"damage":10,"enemies":"Cultist","floor":5,"turns":3},{"damage":22,"enemies":"Lots of Slimes","floor":7,"turns":6},{"damage":54,"enemies":"Exordium Thugs","floor":11,"turns":4}],"seed_played":"-8962985512652222567","potions_obtained":[{"floor":7,"key":"Poison Potion"}],"is_trial":false,"path_per_floor":["M","?","M","?","M","R","M","R","T","R","M"],"character_chosen":"DEFECT","items_purchased":[],"campfire_rested":2,"item_purchase_floors":[],"current_hp_per_floor":[61,56,44,44,34,55,33,54,54,54,0],"gold":157,"neow_bonus":"ONE_RARE_RELIC","is_prod":false,"is_daily":false,"chose_seed":false,"campfire_upgraded":1,"win_rate":0,"timestamp":1549498703,"path_taken":["M","?","M","?","?","R","?","R","T","R","M"],"build_version":"2019-01-23","purchased_purges":0,"victory":false,"max_hp_per_floor":[71,71,71,71,71,71,71,71,71,71,71],"card_choices":[{"not_picked":["Genetic Algorithm","Go for the Eyes"],"picked":"Cold Snap","floor":1},{"not_picked":["Redo","Ball Lightning"],"picked":"White Noise","floor":1},{"not_picked":["Chaos","Leap"],"picked":"Capacitor","floor":3},{"not_picked":["Stack","Static Discharge"],"picked":"Consume","floor":3},{"not_picked":["Streamline","Gash"],"picked":"White Noise","floor":5},{"not_picked":["Multi-Cast","Scrape"],"picked":"Steam","floor":5},{"not_picked":["Cold Snap","Loop"],"picked":"White Noise","floor":7},{"not_picked":["Sweeping Beam","Aggregate","Stack"],"picked":"SKIP","floor":7}],"player_experience":931690,"relics_obtained":[{"floor":9,"key":"Vajra"}],"event_choices":[{"damage_healed":0,"gold_gain":0,"player_choice":"Success","damage_taken":5,"relics_obtained":["Ornamental Fan"],"max_hp_gain":0,"max_hp_loss":0,"event_name":"Scrap Ooze","floor":2,"gold_loss":0},{"damage_healed":0,"gold_gain":0,"player_choice":"Upgraded","damage_taken":0,"max_hp_gain":0,"max_hp_loss":0,"event_name":"Upgrade Shrine","floor":4,"gold_loss":0,"cards_upgraded":["Consume"]}],"is_beta":false,"boss_relics":[],"items_purged_floors":[],"is_endless":false,"potions_floor_spawned":[7],"killed_by":"Exordium Thugs","ascension_level":18}