{"gold_per_floor":[110,129,142,160,177,177,205,232,309,309,319,351],"floor_reached":12,"playtime":890,"items_purged":[],"score":161,"play_id":"0bd06343-c93b-43f9-87aa-bb0741cbfdab","local_time":"20181115200850","is_ascension_mode":true,"campfire_choices":[{"data":"Iron Wave","floor":6.0,"key":"SMITH"},{"floor":10.0,"key":"REST"}],"neow_cost":"NONE","seed_source_timestamp":0,"circlet_count":0,"master_deck":["Strike_R","Strike_R","Strike_R","Strike_R","Strike_R","Defend_R","Defend_R","Defend_R","Defend_R","Bash+1","AscendersBane","Disarm","Iron Wave+1","Dropkick","Seeing Red","Intimidate","Fire Breathing"],"special_seed":0,"relics":["Burning Blood","Bottled Lightning","Odd Mushroom","Sundial","Charon\u0027s Ashes"],"potions_floor_usage":[],"damage_taken":[{"damage":1.0,"enemies":"Cultist","floor":1.0,"turns":3.0},{"damage":6.0,"enemies":"2 Louse","floor":2.0,"turns":2.0},{"damage":5.0,"enemies":"Small Slimes","floor":3.0,"turns":3.0},{"damage":10.0,"enemies":"2 Fungi Beasts","floor":4.0,"turns":5.0},{"damage":4.0,"enemies":"Red Slaver","floor":5.0,"turns":6.0},{"damage":22.0,"enemies":"Lagavulin","floor":7.0,"turns":7.0},{"damage":21.0,"enemies":"The Mushroom Lair","floor":8.0,"turns":6.0},{"damage":8.0,"enemies":"Blue Slaver","floor":11.0,"turns":5.0},{"damage":44.0,"enemies":"3 Sentries","floor":12.0,"turns":14.0}],"seed_played":"448779772298077948","potions_obtained":[{"floor":3.0,"key":"Energy Potion"},{"floor":7.0,"key":"SmokeBomb"}],"is_trial":false,"path_per_floor":["M","M","M","M","M","R","E","?","T","R","M","E"],"character_chosen":"IRONCLAD","items_purchased":[],"campfire_rested":1,"item_purchase_floors":[],"current_hp_per_floor":[73,73,74,70,72,72,56,41,41,63,61,23],"gold":351,"neow_bonus":"UPGRADE_CARD","is_prod":false,"is_daily":false,"chose_seed":false,"campfire_upgraded":1,"win_rate":0,"timestamp":1542301730,"path_taken":["M","?","M","M","M","R","E","?","T","R","M","E"],"build_version":"2018-11-08","purchased_purges":0,"victory":false,"max_hp_per_floor":[75,75,75,75,75,75,75,75,75,75,75,75],"card_choices":[{"not_picked":["Havoc","Feel No Pain"],"picked":"Disarm","floor":1.0},{"not_picked":["Body Slam","Anger"],"picked":"Iron Wave","floor":2.0},{"not_picked":["Wild Strike","Anger","Sword Boomerang"],"picked":"SKIP","floor":3.0},{"not_picked":["Havoc","Clash"],"picked":"Dropkick","floor":4.0},{"not_picked":["Hemokinesis","Havoc","Burning Pact"],"picked":"SKIP","floor":5.0},{"not_picked":["Dropkick","Sword Boomerang"],"picked":"Seeing Red","floor":7.0},{"not_picked":["Burning Pact","Headbutt"],"picked":"Intimidate","floor":11.0},{"not_picked":["Dual Wield","Sentinel"],"picked":"Fire Breathing","floor":12}],"player_experience":727600,"relics_obtained":[{"floor":7.0,"key":"Bottled Lightning"},{"floor":8.0,"key":"Odd Mushroom"},{"floor":9.0,"key":"Sundial"},{"floor":12,"key":"Charon\u0027s Ashes"}],"event_choices":[{"event_name":"Mushrooms","player_choice":"Fought Mushrooms","floor":8.0,"damage_taken":0.0}],"is_beta":false,"boss_relics":[],"items_purged_floors":[],"is_endless":false,"potions_floor_spawned":[3,7,8,11,12],"killed_by":"3 Sentries","ascension_level":15}