{"gold_per_floor":[115,290,300,319,157,157,175,175,175,193,256,276,276,276,276,377,377,396,396,27,43,43,57,57,57,83,83,103,103,103,134,134,134],"floor_reached":33,"playtime":1195,"items_purged":["Doubt"],"score":398,"play_id":"bfa7640a-02c4-4835-90ec-f987942a43a4","local_time":"20190425151659","is_ascension_mode":true,"campfire_choices":[{"data":"Neutralize","floor":6,"key":"SMITH"},{"data":"Cloak And Dagger","floor":8,"key":"SMITH"},{"floor":13,"key":"REST"},{"data":"Bouncing Flask","floor":15,"key":"SMITH"},{"data":"Noxious Fumes","floor":24,"key":"SMITH"},{"data":"Cloak And Dagger","floor":27,"key":"SMITH"},{"data":"Cloak And Dagger","floor":29,"key":"SMITH"},{"data":"The Bomb","floor":32,"key":"SMITH"}],"neow_cost":"NONE","seed_source_timestamp":82852878981601,"circlet_count":0,"master_deck":["AscendersBane","Defend_G","Defend_G","Defend_G","Defend_G","Defend_G","Strike_G","Strike_G","Strike_G","Strike_G","Strike_G","Survivor","Neutralize+1","Cloak And Dagger+1","Dagger Spray","Deadly Poison","Caltrops","Leg Sweep","Cloak And Dagger+1","Bouncing Flask+1","PiercingWail","Glass Knife","Infinite Blades","Noxious Fumes+1","The Bomb+1","Trip","Cloak And Dagger+1","Deadly Poison","Outmaneuver+1","Acrobatics"],"relics":["Ring of the Snake","Matryoshka","Tiny Chest","Eternal Feather","Orichalcum","Ornamental Fan","Omamori","Blood Vial","Potion Belt"],"potions_floor_usage":[11,16,21],"damage_taken":[{"damage":7,"enemies":"Small Slimes","floor":1,"turns":6},{"damage":15,"enemies":"Jaw Worm","floor":3,"turns":7},{"damage":6,"enemies":"Cultist","floor":4,"turns":4},{"damage":11,"enemies":"3 Louse","floor":7,"turns":3},{"damage":0,"enemies":"Exordium Wildlife","floor":10,"turns":4},{"damage":16,"enemies":"3 Sentries","floor":11,"turns":9},{"damage":0,"enemies":"Large Slime","floor":12,"turns":6},{"damage":76,"enemies":"Slime Boss","floor":16,"turns":16},{"damage":7,"enemies":"Spheric Guardian","floor":18,"turns":5},{"damage":0,"enemies":"3 Byrds","floor":21,"turns":3},{"damage":20,"enemies":"Snake Plant","floor":23,"turns":5},{"damage":16,"enemies":"Chosen and Byrds","floor":28,"turns":6},{"damage":53,"enemies":"Gremlin Leader","floor":31,"turns":7},{"damage":34,"enemies":"Collector","floor":33,"turns":7}],"seed_played":"-6550838121041993651","potions_obtained":[{"floor":1,"key":"Ancient Potion"},{"floor":3,"key":"Fire Potion"},{"floor":11,"key":"Ancient Potion"},{"floor":18,"key":"AttackPotion"}],"is_trial":false,"path_per_floor":["M","?","M","M","$","R","M","R","T","M","E","M","R","?","R","B",null,"M","T","$","M","?","M","R","$","T","R","M","R","$","E","R","B"],"character_chosen":"THE_SILENT","items_purchased":["Caltrops","Fire Potion","Noxious Fumes","The Bomb","Trip"],"campfire_rested":1,"item_purchase_floors":[5,5,20,20,20],"current_hp_per_floor":[63,63,48,42,42,42,31,31,31,31,15,15,38,77,77,1,58,51,51,51,51,51,31,46,46,46,61,47,62,62,11,29,0],"gold":134,"neow_bonus":"TEN_PERCENT_HP_BONUS","is_prod":false,"is_daily":false,"chose_seed":false,"campfire_upgraded":7,"win_rate":0,"timestamp":1556223419,"path_taken":["M","?","M","M","$","R","M","R","T","M","E","M","R","?","R","BOSS","M","?","$","M","?","M","R","$","T","R","M","R","?","E","R","BOSS"],"build_version":"2019-01-23","purchased_purges":1,"victory":false,"max_hp_per_floor":[77,77,77,77,77,77,77,77,77,77,77,77,77,77,77,77,77,77,77,77,77,77,77,77,77,77,77,77,77,77,77,77,77],"card_choices":[{"not_picked":["Skewer","Quick Slash"],"picked":"Cloak And Dagger","floor":1},{"not_picked":["Dodge and Roll","Underhanded Strike"],"picked":"Dagger Spray","floor":3},{"not_picked":["PiercingWail","Slice"],"picked":"Deadly Poison","floor":4},{"not_picked":["Reflex","Bane"],"picked":"Leg Sweep","floor":7},{"not_picked":["Dodge and Roll","Deadly Poison"],"picked":"Cloak And Dagger","floor":10},{"not_picked":["Underhanded Strike","Dagger Spray"],"picked":"Bouncing Flask","floor":11},{"not_picked":["Slice","Prepared"],"picked":"PiercingWail","floor":12},{"not_picked":["A Thousand Cuts","Unload"],"picked":"Glass Knife","floor":16},{"not_picked":["Dagger Spray","Poisoned Stab+1"],"picked":"Infinite Blades","floor":18},{"not_picked":["Blade Dance","Slice+1"],"picked":"Cloak And Dagger","floor":21},{"not_picked":["Acrobatics","Cloak And Dagger"],"picked":"Deadly Poison","floor":23},{"not_picked":["Accuracy","Riddle With Holes"],"picked":"Outmaneuver+1","floor":28},{"not_picked":["Malaise","Deflect"],"picked":"Acrobatics","floor":31}],"player_experience":504816,"relics_obtained":[{"floor":9,"key":"Matryoshka"},{"floor":11,"key":"Tiny Chest"},{"floor":19,"key":"Orichalcum"},{"floor":19,"key":"Ornamental Fan"},{"floor":26,"key":"Omamori"},{"floor":26,"key":"Blood Vial"},{"floor":31,"key":"Potion Belt"}],"event_choices":[{"damage_healed":0,"gold_gain":175,"player_choice":"AGREE","damage_taken":0,"max_hp_gain":0,"max_hp_loss":0,"event_name":"Liars Game","floor":2,"gold_loss":0,"cards_obtained":["Doubt"]},{"damage_healed":39,"gold_gain":0,"player_choice":"Full Heal","damage_taken":0,"max_hp_gain":0,"max_hp_loss":0,"event_name":"Wheel of Change","floor":14,"gold_loss":0},{"damage_healed":0,"gold_gain":0,"player_choice":"Ignored","damage_taken":0,"max_hp_gain":0,"max_hp_loss":0,"event_name":"Ghosts","floor":22,"gold_loss":0}],"is_beta":false,"boss_relics":[{"not_picked":["Philosopher\u0027s Stone","Runic Pyramid"],"picked":"Eternal Feather"}],"items_purged_floors":[5],"is_endless":false,"potions_floor_spawned":[1,3,11,18],"killed_by":"Collector","ascension_level":10}