{"gold_per_floor":[111,111,121,135,135,135,168,186,241,241,255,218,183,199,199,303,303,319,244,258,271,271,302,302,302],"floor_reached":25,"playtime":1362,"items_purged":[],"score":234,"play_id":"d98f5cb6-2f90-4ff8-ba54-841b91a43bc1","local_time":"20190429202917","is_ascension_mode":true,"campfire_choices":[{"data":"Dualcast","floor":6,"key":"SMITH"},{"floor":10,"key":"REST"},{"data":"Beam Cell","floor":15,"key":"SMITH"},{"floor":24,"key":"REST"}],"neow_cost":"NONE","seed_source_timestamp":972903399559100,"circlet_count":0,"master_deck":["Strike_B","Strike_B","Strike_B","Defend_B","Defend_B+1","Defend_B","Defend_B+1","Zap","Dualcast+1","Darkness+1","Coolheaded","Redo+1","BootSequence","Sweeping Beam","Ball Lightning","Undo","Beam Cell+1","Reboot+1","Capacitor","Turbo","Writhe","Chaos"],"relics":["Cracked Core","Happy Flower","Tiny Chest","Black Star","War Paint","Smiling Mask","FossilizedHelix"],"potions_floor_usage":[7,18,23],"damage_taken":[{"damage":5,"enemies":"Small Slimes","floor":1,"turns":3},{"damage":6,"enemies":"Jaw Worm","floor":3,"turns":4},{"damage":5,"enemies":"2 Louse","floor":4,"turns":3},{"damage":36,"enemies":"Gremlin Nob","floor":7,"turns":4},{"damage":0,"enemies":"Blue Slaver","floor":8,"turns":2},{"damage":0,"enemies":"Looter","floor":11,"turns":3},{"damage":0,"enemies":"Lots of Slimes","floor":14,"turns":2},{"damage":21,"enemies":"Hexaghost","floor":16,"turns":9},{"damage":8,"enemies":"3 Byrds","floor":18,"turns":5},{"damage":3,"enemies":"Shell Parasite","floor":20,"turns":5},{"damage":31,"enemies":"Snake Plant","floor":21,"turns":5},{"damage":31,"enemies":"Book of Stabbing","floor":23,"turns":5},{"damage":35,"enemies":"Gremlin Leader","floor":25,"turns":6}],"seed_played":"-4797996552025372007","potions_obtained":[{"floor":3,"key":"FearPotion"},{"floor":4,"key":"Explosive Potion"},{"floor":16,"key":"Block Potion"},{"floor":18,"key":"LiquidBronze"},{"floor":21,"key":"Energy Potion"}],"is_trial":false,"path_per_floor":["M","?","M","M","?","R","E","M","T","R","M","$","?","M","R","B",null,"M","?","M","M","?","E","R","E"],"character_chosen":"DEFECT","items_purchased":["Undo"],"campfire_rested":2,"item_purchase_floors":[12],"current_hp_per_floor":[77,77,71,66,50,50,14,14,14,38,38,38,58,58,58,37,82,74,74,71,40,40,9,33,0],"gold":302,"neow_bonus":"TEN_PERCENT_HP_BONUS","is_prod":false,"is_daily":false,"chose_seed":false,"campfire_upgraded":2,"win_rate":0,"timestamp":1556587757,"path_taken":["M","?","M","M","?","R","E","M","T","R","M","$","?","M","R","BOSS","M","?","M","M","?","E","R","E"],"build_version":"2019-01-23","purchased_purges":0,"victory":false,"max_hp_per_floor":[82,82,82,82,82,82,82,82,82,82,82,82,82,82,82,82,82,82,82,82,82,82,82,82,82],"card_choices":[{"not_picked":["Conserve Battery","Compile Driver"],"picked":"Darkness","floor":1},{"not_picked":["Barrage","Ball Lightning"],"picked":"Coolheaded","floor":3},{"not_picked":["Rip and Tear","FTL"],"picked":"Redo","floor":4},{"not_picked":["Electrodynamics","Glacier"],"picked":"BootSequence","floor":7},{"not_picked":["Steam","Static Discharge"],"picked":"Sweeping Beam","floor":8},{"not_picked":["Turbo","Genetic Algorithm"],"picked":"Ball Lightning","floor":11},{"not_picked":["Go for the Eyes","Coolheaded"],"picked":"Beam Cell","floor":14},{"not_picked":["Core Surge","Fission"],"picked":"Reboot","floor":16},{"not_picked":["Hologram","Steam Power"],"picked":"Capacitor","floor":18},{"not_picked":["Go for the Eyes","Hologram","Heatsinks+1"],"picked":"SKIP","floor":20},{"not_picked":["Go for the Eyes","Gash"],"picked":"Turbo","floor":21},{"not_picked":["Blizzard+1","Aggregate"],"picked":"Chaos","floor":23}],"player_experience":69625,"relics_obtained":[{"floor":7,"key":"Happy Flower"},{"floor":9,"key":"Tiny Chest"},{"floor":23,"key":"Smiling Mask"},{"floor":23,"key":"FossilizedHelix"}],"event_choices":[{"damage_healed":0,"gold_gain":0,"player_choice":"Grow","damage_taken":0,"max_hp_gain":0,"max_hp_loss":0,"event_name":"Living Wall","floor":2,"gold_loss":0,"cards_upgraded":["Darkness"]},{"damage_healed":0,"gold_gain":0,"player_choice":"Entered Light","damage_taken":16,"max_hp_gain":0,"max_hp_loss":0,"event_name":"Shining Light","floor":5,"gold_loss":0,"cards_upgraded":["Defend_B","Redo"]},{"damage_healed":20,"gold_gain":0,"player_choice":"Healed","damage_taken":0,"max_hp_gain":0,"max_hp_loss":0,"event_name":"The Cleric","floor":13,"gold_loss":35},{"cards_removed":["Strike_B"],"damage_healed":0,"gold_gain":0,"player_choice":"Gave Gold","damage_taken":0,"max_hp_gain":0,"max_hp_loss":0,"event_name":"Beggar","floor":19,"gold_loss":75},{"damage_healed":0,"gold_gain":0,"player_choice":"Opened","damage_taken":0,"relics_obtained":["War Paint"],"max_hp_gain":0,"max_hp_loss":0,"event_name":"The Mausoleum","floor":22,"gold_loss":0,"cards_obtained":["Writhe"]}],"is_beta":false,"boss_relics":[{"not_picked":["White Beast Statue","Nuclear Battery"],"picked":"Black Star"}],"items_purged_floors":[],"is_endless":false,"potions_floor_spawned":[3,4,16,18,21],"killed_by":"Gremlin Leader","ascension_level":1}