{"gold_per_floor":[16,91,91,103,103,103,103,103,127,127,157,157,173,190,190,190],"floor_reached":16,"playtime":950,"items_purged":[],"score":98,"play_id":"c52eb7e7-0484-42e2-baac-676d8b7989ed","local_time":"20190426201427","is_ascension_mode":false,"campfire_choices":[{"data":"Slice","floor":6,"key":"SMITH"},{"data":"Unload","floor":8,"key":"SMITH"},{"data":"Flying Knee","floor":10,"key":"SMITH"},{"data":"Strike_G","floor":12,"key":"SMITH"},{"floor":15,"key":"REST"}],"neow_cost":"NO_GOLD","seed_source_timestamp":713200286871300,"circlet_count":0,"master_deck":["Defend_G","Defend_G","Defend_G","Defend_G","Defend_G","Strike_G","Strike_G","Strike_G","Strike_G+1","Strike_G","Survivor","Neutralize","Unload+1","Flying Knee+1","Slice+1","Parasite","Escape Plan","Skewer","Eviscerate"],"relics":["Ring of the Snake","Blood Vial","Dodecahedron"],"potions_floor_usage":[16],"damage_taken":[{"damage":6,"enemies":"2 Louse","floor":1,"turns":2},{"damage":2,"enemies":"Small Slimes","floor":4,"turns":3},{"damage":15,"enemies":"3 Sentries","floor":11,"turns":8},{"damage":3,"enemies":"Jaw Worm","floor":13,"turns":3},{"damage":0,"enemies":"Lots of Slimes","floor":14,"turns":4},{"damage":77,"enemies":"Slime Boss","floor":16,"turns":10}],"seed_played":"5171740622576918253","potions_obtained":[{"floor":1,"key":"SpeedPotion"},{"floor":13,"key":"PowerPotion"}],"is_trial":false,"path_per_floor":["M","?","?","M","?","R","?","R","T","R","E","R","M","M","R","B"],"character_chosen":"THE_SILENT","items_purchased":[],"campfire_rested":1,"item_purchase_floors":[],"current_hp_per_floor":[64,53,53,51,51,51,68,68,68,68,55,55,54,56,70,0],"gold":190,"neow_bonus":"THREE_RARE_CARDS","is_prod":false,"is_daily":false,"chose_seed":false,"campfire_upgraded":4,"win_rate":0.0,"timestamp":1556327667,"path_taken":["M","?","?","M","?","R","?","R","T","R","E","R","?","M","R","BOSS"],"build_version":"2019-01-23","purchased_purges":0,"victory":false,"max_hp_per_floor":[70,70,70,70,70,70,70,70,70,70,70,70,70,70,70,70],"card_choices":[{"not_picked":["After Image","Venomology"],"picked":"Unload","floor":0},{"not_picked":["Blur","Distraction"],"picked":"Flying Knee","floor":1},{"not_picked":["Distraction","Acrobatics"],"picked":"Slice","floor":4},{"not_picked":["Distraction","Poisoned Stab"],"picked":"Escape Plan","floor":11},{"not_picked":["Deflect","Flying Knee"],"picked":"Skewer","floor":13},{"not_picked":["Blade Dance","Deadly Poison"],"picked":"Eviscerate","floor":14}],"player_experience":4821,"relics_obtained":[{"floor":9,"key":"Blood Vial"},{"floor":11,"key":"Dodecahedron"}],"event_choices":[{"damage_healed":0,"gold_gain":75,"player_choice":"Gather Gold","damage_taken":11,"max_hp_gain":0,"max_hp_loss":0,"event_name":"World of Goop","floor":2,"gold_loss":0},{"damage_healed":0,"gold_gain":0,"player_choice":"Ignored","damage_taken":0,"max_hp_gain":0,"max_hp_loss":0,"event_name":"Liars Game","floor":3,"gold_loss":0},{"damage_healed":0,"gold_gain":0,"player_choice":"Ignored","damage_taken":0,"max_hp_gain":0,"max_hp_loss":0,"event_name":"Golden Idol","floor":5,"gold_loss":0},{"damage_healed":17,"gold_gain":0,"player_choice":"Healed and dodged fight","damage_taken":0,"max_hp_gain":0,"max_hp_loss":0,"event_name":"Mushrooms","floor":7,"gold_loss":0,"cards_obtained":["Parasite"]}],"is_beta":false,"boss_relics":[],"items_purged_floors":[],"is_endless":false,"potions_floor_spawned":[1,13],"killed_by":"Slime Boss","ascension_level":0}