{"gold_per_floor":[116,116,126,142,153,182,182,214,214,214,243,275,298,318,318,394,394,411,422,422,82,97,97,147,147,173,185,198,198,208,224,224,299,299,318,318,328,328,118,118,136,136,136,152,152,162,181,194,194,194],"floor_reached":50,"playtime":3760,"items_purged":["Defend_B"],"score":927,"play_id":"74748178-5d89-4962-93bd-d99ec40a8aec","local_time":"20190212044112","is_ascension_mode":true,"campfire_choices":[{"data":"Zap","floor":7.0,"key":"SMITH"},{"floor":10.0,"key":"REST"},{"floor":15.0,"key":"REST"},{"floor":25.0,"key":"REST"},{"floor":29.0,"key":"REST"},{"data":"Barrage","floor":32.0,"key":"SMITH"},{"floor":40,"key":"REST"},{"floor":42,"key":"REST"},{"data":"Biased Cognition","floor":45,"key":"SMITH"},{"floor":49,"key":"REST"}],"neow_cost":"NONE","seed_source_timestamp":0,"circlet_count":0,"master_deck":["AscendersBane","Defend_B","Defend_B","Defend_B","Zap+1","Dualcast","Conserve Battery","Ball Lightning","Hologram","Core Surge","Lockon","Leap","Echo Form","Reinforced Body","Barrage+1","Chill","White Noise","Undo","White Noise","Biased Cognition+1","Coolheaded","Leap","Coolheaded+1","Cold Snap+1"],"special_seed":0,"relics":["Cracked Core","Blue Candle","Orichalcum","Bottled Lightning","Odd Mushroom","Torii","Art of War","Inserter","Thread and Needle","Blood Vial","Empty Cage","Ginger"],"potions_floor_usage":[37,50,50],"damage_taken":[{"damage":2.0,"enemies":"Jaw Worm","floor":1.0,"turns":3.0},{"damage":0.0,"enemies":"Small Slimes","floor":3.0,"turns":3.0},{"damage":0.0,"enemies":"Cultist","floor":4.0,"turns":3.0},{"damage":6.0,"enemies":"Red Slaver","floor":5.0,"turns":3.0},{"damage":23.0,"enemies":"3 Sentries","floor":6.0,"turns":9.0},{"damage":28.0,"enemies":"Lagavulin","floor":8.0,"turns":5.0},{"damage":15.0,"enemies":"The Mushroom Lair","floor":11.0,"turns":5.0},{"damage":12.0,"enemies":"Gremlin Nob","floor":12.0,"turns":4.0},{"damage":7.0,"enemies":"2 Fungi Beasts","floor":14.0,"turns":3.0},{"damage":14.0,"enemies":"The Guardian","floor":16.0,"turns":12.0},{"damage":1.0,"enemies":"Chosen","floor":18.0,"turns":5.0},{"damage":17.0,"enemies":"3 Byrds","floor":19.0,"turns":6.0},{"damage":10.0,"enemies":"Snecko","floor":22.0,"turns":5.0},{"damage":0.0,"enemies":"Book of Stabbing","floor":23.0,"turns":2.0},{"damage":9.0,"enemies":"Shelled Parasite and Fungi","floor":27.0,"turns":7.0},{"damage":30.0,"enemies":"3 Cultists","floor":28.0,"turns":6.0},{"damage":1.0,"enemies":"Chosen and Byrds","floor":30.0,"turns":8.0},{"damage":3.0,"enemies":"Centurion and Healer","floor":31.0,"turns":8.0},{"damage":14.0,"enemies":"Automaton","floor":33.0,"turns":11.0},{"damage":13.0,"enemies":"Orb Walker","floor":35.0,"turns":5.0},{"damage":43,"enemies":"3 Darklings","floor":37,"turns":6},{"damage":34,"enemies":"Jaw Worm Horde","floor":41,"turns":6},{"damage":1,"enemies":"Sphere and 2 Shapes","floor":44,"turns":7},{"damage":7,"enemies":"Spire Growth","floor":46,"turns":6},{"damage":19,"enemies":"Transient","floor":47,"turns":6},{"damage":0,"enemies":"Maw","floor":48,"turns":7},{"damage":58,"enemies":"Time Eater","floor":50,"turns":8}],"seed_played":"5917155190067031095","potions_obtained":[{"floor":1.0,"key":"AttackPotion"},{"floor":4.0,"key":"SkillPotion"},{"floor":11.0,"key":"FairyPotion"},{"floor":14.0,"key":"Weak Potion"},{"floor":19.0,"key":"SmokeBomb"},{"floor":27.0,"key":"PowerPotion"},{"floor":30.0,"key":"EssenceOfSteel"},{"floor":35.0,"key":"SteroidPotion"}],"is_trial":false,"path_per_floor":["M","?","M","M","M","E","R","E","T","R","?","E","T","M","R","B",null,"M","M","?","$","M","E","?","R","T","M","M","R","M","M","R","B",null,"M","?","M","?","$","R","M","R","T","M","R","M","M","M","R","B"],"character_chosen":"DEFECT","items_purchased":["Thread and Needle","Regen Potion","Strength Potion"],"campfire_rested":7,"item_purchase_floors":[21,39,39],"current_hp_per_floor":[69,62,62,62,56,33,33,5,5,28,13,1,1,1,24,10,61,60,43,43,43,33,33,33,56,56,49,21,44,45,44,44,32,67,56,56,15,15,15,38,6,29,29,30,30,25,8,10,33,0],"gold":194,"neow_bonus":"TEN_PERCENT_HP_BONUS","is_prod":false,"is_daily":false,"chose_seed":false,"campfire_upgraded":3,"win_rate":0,"timestamp":1549935672,"path_taken":["M","?","M","M","M","E","R","E","T","R","?","E","?","M","R","BOSS","M","M","?","$","?","E","?","R","T","M","M","R","M","M","R","BOSS","M","?","M","?","$","R","?","R","T","M","R","M","M","M","R","BOSS"],"build_version":"2019-01-23","purchased_purges":1,"victory":false,"max_hp_per_floor":[78,78,78,78,78,78,78,78,78,78,78,78,78,78,78,78,78,78,78,78,78,78,78,78,78,78,78,78,78,78,78,78,78,78,78,78,78,78,78,78,78,78,78,78,78,78,78,78,78,78],"card_choices":[{"not_picked":["Static Discharge","Redo"],"picked":"Conserve Battery","floor":1.0},{"not_picked":["Undo","Go for the Eyes"],"picked":"Ball Lightning","floor":3.0},{"not_picked":["Redo","Rebound","Darkness"],"picked":"SKIP","floor":4.0},{"not_picked":["Leap","Sweeping Beam"],"picked":"Hologram","floor":5.0},{"not_picked":["Darkness","Capacitor"],"picked":"Core Surge","floor":6.0},{"not_picked":["Scrape","Sunder"],"picked":"Lockon","floor":8.0},{"not_picked":["Gash","Sweeping Beam"],"picked":"Leap","floor":12.0},{"not_picked":["Hologram","Redo","Ball Lightning"],"picked":"SKIP","floor":14.0},{"not_picked":["All For One","Fission"],"picked":"Echo Form","floor":16.0},{"not_picked":["Go for the Eyes","Chaos"],"picked":"Reinforced Body","floor":18.0},{"not_picked":["Hologram","Conserve Battery","Gash"],"picked":"SKIP","floor":19.0},{"not_picked":["Creative AI","Rebound"],"picked":"Barrage","floor":22.0},{"not_picked":["Redo","Static Discharge+1"],"picked":"Chill","floor":27.0},{"not_picked":["Go for the Eyes+1","Heatsinks"],"picked":"White Noise","floor":28.0},{"not_picked":["Rebound","Steam+1"],"picked":"Undo","floor":30.0},{"not_picked":["Redo","Rebound"],"picked":"White Noise","floor":31.0},{"not_picked":["Core Surge","Meteor Strike"],"picked":"Biased Cognition","floor":33.0},{"not_picked":["Storm+1","Hologram","Beam Cell"],"picked":"SKIP","floor":35.0},{"not_picked":["Streamline","Ball Lightning"],"picked":"Coolheaded","floor":37},{"not_picked":["Static Discharge","Leap"],"picked":"Coolheaded+1","floor":41},{"not_picked":["Leap","Hologram","Electrodynamics"],"picked":"SKIP","floor":44},{"not_picked":["Aggregate","Ball Lightning"],"picked":"Cold Snap+1","floor":46},{"not_picked":["Gash","Steam Power+1","Stack"],"picked":"SKIP","floor":47},{"not_picked":["Streamline","Beam Cell","Lockon"],"picked":"SKIP","floor":48}],"player_experience":946409,"relics_obtained":[{"floor":6.0,"key":"Blue Candle"},{"floor":8.0,"key":"Orichalcum"},{"floor":9.0,"key":"Bottled Lightning"},{"floor":11.0,"key":"Odd Mushroom"},{"floor":12.0,"key":"Torii"},{"floor":13.0,"key":"Art of War"},{"floor":26.0,"key":"Blood Vial"},{"floor":43,"key":"Ginger"}],"event_choices":[{"cards_removed":["Strike_B"],"damage_healed":0.0,"max_hp_gain":0.0,"max_hp_loss":0.0,"gold_gain":0.0,"event_name":"Golden Wing","player_choice":"Card Removal","floor":2.0,"gold_loss":0.0,"damage_taken":7.0},{"damage_healed":0.0,"max_hp_gain":0.0,"max_hp_loss":0.0,"gold_gain":0.0,"event_name":"Mushrooms","player_choice":"Fought Mushrooms","floor":11.0,"gold_loss":0.0,"damage_taken":0.0},{"damage_healed":0.0,"max_hp_gain":0.0,"max_hp_loss":0.0,"gold_gain":0.0,"event_name":"N\u0027loth","player_choice":"Ignored","floor":20.0,"gold_loss":0.0,"damage_taken":0.0},{"damage_healed":0.0,"max_hp_gain":0.0,"max_hp_loss":0.0,"gold_gain":100.0,"event_name":"The Joust","player_choice":"Bet on Murderer","floor":24.0,"gold_loss":50.0,"damage_taken":0.0},{"damage_healed":0,"gold_gain":0,"player_choice":"Ignored","damage_taken":0,"max_hp_gain":0,"max_hp_loss":0,"event_name":"Mysterious Sphere","floor":36,"gold_loss":0},{"damage_healed":0,"gold_gain":0,"cards_transformed":["Strike_B"],"player_choice":"Transformed","damage_taken":0,"max_hp_gain":0,"max_hp_loss":0,"event_name":"Transmorgrifier","floor":38,"gold_loss":0,"cards_obtained":["Leap"]}],"is_beta":false,"boss_relics":[{"not_picked":["FrozenCore","Ectoplasm"],"picked":"Inserter"},{"not_picked":["Black Star","Tiny House"],"picked":"Empty Cage"}],"items_purged_floors":[39],"is_endless":false,"potions_floor_spawned":[1,4,11,14,19,27,30,31,35,44,46,47],"killed_by":"Time Eater","ascension_level":18}