{"gold_per_floor":[119,119,47,47,67,67,93,110,161,174,209,225,260,280,280,383,383,401,414,429,447,447,447,447],"floor_reached":24,"playtime":1249,"items_purged":[],"score":311,"play_id":"c069eabb-dbe6-41f0-bf3a-2913cb9ad9a1","local_time":"20190527214330","is_ascension_mode":true,"campfire_choices":[{"data":"Zap","floor":6.0,"key":"SMITH"},{"data":"Hologram","floor":15.0,"key":"SMITH"},{"floor":23.0,"key":"REST"}],"neow_cost":"NONE","seed_source_timestamp":717054684934100,"circlet_count":0,"master_deck":["Defend_B","Defend_B","Defend_B","Defend_B","Zap+1","Dualcast","Gash","Ball Lightning","Gash","Conserve Battery","Compile Driver","Steam","Hologram+1","FTL","Coolheaded","Gash","Static Discharge","Cold Snap","Echo Form","Conserve Battery+1","Turbo","Heatsinks","Bite","Bite","Bite","Bite","Bite"],"special_seed":0,"relics":["Cracked Core","PreservedInsect","Potion Belt","Bird Faced Urn","Dodecahedron","Eternal Feather"],"potions_floor_usage":[],"damage_taken":[{"damage":1.0,"enemies":"Small Slimes","floor":1.0,"turns":3.0},{"damage":0.0,"enemies":"2 Louse","floor":5.0,"turns":3.0},{"damage":33.0,"enemies":"Gremlin Nob","floor":7.0,"turns":4.0},{"damage":0.0,"enemies":"Cultist","floor":8.0,"turns":3.0},{"damage":0.0,"enemies":"Gremlin Gang","floor":10.0,"turns":3.0},{"damage":10.0,"enemies":"Lagavulin","floor":11.0,"turns":5.0},{"damage":0.0,"enemies":"Looter","floor":12.0,"turns":3.0},{"damage":4.0,"enemies":"3 Sentries","floor":13.0,"turns":4.0},{"damage":0.0,"enemies":"Blue Slaver","floor":14.0,"turns":2.0},{"damage":16.0,"enemies":"The Guardian","floor":16.0,"turns":10.0},{"damage":10.0,"enemies":"3 Byrds","floor":18.0,"turns":4.0},{"damage":19.0,"enemies":"Spheric Guardian","floor":19.0,"turns":5.0},{"damage":18.0,"enemies":"Snecko","floor":20.0,"turns":6.0},{"damage":17.0,"enemies":"Snake Plant","floor":21.0,"turns":4.0},{"damage":55,"enemies":"Gremlin Leader","floor":24,"turns":5}],"seed_played":"3103915765648645111","potions_obtained":[{"floor":5.0,"key":"Explosive Potion"},{"floor":7.0,"key":"SteroidPotion"},{"floor":11.0,"key":"SpeedPotion"},{"floor":14.0,"key":"FocusPotion"},{"floor":16.0,"key":"GamblersBrew"},{"floor":18.0,"key":"Explosive Potion"}],"is_trial":false,"path_per_floor":["M","?","$","?","M","R","E","M","T","M","E","M","E","M","R","B",null,"M","M","M","M","?","R","E"],"character_chosen":"DEFECT","items_purchased":["Gash","Conserve Battery"],"campfire_rested":1,"item_purchase_floors":[3,3],"current_hp_per_floor":[67,67,67,67,67,67,34,34,34,34,24,24,20,20,20,6,58,50,35,19,6,6,36,0],"gold":447,"neow_bonus":"THREE_CARDS","is_prod":false,"is_daily":false,"chose_seed":false,"campfire_upgraded":2,"win_rate":0,"timestamp":1559011410,"path_taken":["M","?","$","?","M","R","E","?","T","M","E","M","E","M","R","BOSS","M","?","M","M","?","R","E"],"build_version":"2019-01-23","purchased_purges":0,"victory":false,"max_hp_per_floor":[75,75,75,75,75,75,75,75,75,75,75,75,75,75,75,75,75,75,75,75,75,52,52,52],"card_choices":[{"not_picked":["Go for the Eyes","Leap"],"picked":"Gash","floor":0.0},{"not_picked":["Cold Snap","Streamline"],"picked":"Ball Lightning","floor":1.0},{"not_picked":["Force Field","Barrage"],"picked":"Compile Driver","floor":5.0},{"not_picked":["Hello World","Reinforced Body"],"picked":"Steam","floor":7.0},{"not_picked":["Reboot","Streamline"],"picked":"Hologram","floor":8.0},{"not_picked":["Static Discharge","Sweeping Beam"],"picked":"FTL","floor":10.0},{"not_picked":["Barrage","Gash"],"picked":"Coolheaded","floor":11.0},{"not_picked":["Reinforced Body","Rip and Tear"],"picked":"Gash","floor":12.0},{"not_picked":["Sweeping Beam","Streamline"],"picked":"Static Discharge","floor":13.0},{"not_picked":["Conserve Battery","Hologram"],"picked":"Cold Snap","floor":14.0},{"not_picked":["Buffer","Reboot"],"picked":"Echo Form","floor":16.0},{"not_picked":["FTL","Stack"],"picked":"Conserve Battery+1","floor":18.0},{"not_picked":["Cold Snap","Auto Shields+1"],"picked":"Turbo","floor":19.0},{"not_picked":["Recycle","Barrage","Reprogram"],"picked":"SKIP","floor":20.0},{"not_picked":["Beam Cell+1","Streamline"],"picked":"Heatsinks","floor":21.0}],"player_experience":250681,"relics_obtained":[{"floor":7.0,"key":"PreservedInsect"},{"floor":9.0,"key":"Potion Belt"},{"floor":11.0,"key":"Bird Faced Urn"},{"floor":13.0,"key":"Dodecahedron"}],"event_choices":[{"damage_healed":0.0,"max_hp_gain":0.0,"max_hp_loss":0.0,"gold_gain":0.0,"event_name":"Liars Game","player_choice":"Ignored","floor":2.0,"gold_loss":0.0,"damage_taken":0.0},{"cards_removed":["Strike_B"],"damage_healed":0.0,"max_hp_gain":0.0,"max_hp_loss":0.0,"gold_gain":0.0,"event_name":"Bonfire Elementals","player_choice":"Offered Basic","floor":4.0,"gold_loss":0.0,"damage_taken":0.0},{"damage_healed":0.0,"max_hp_gain":0.0,"max_hp_loss":23.0,"gold_gain":0.0,"event_name":"Vampires","player_choice":"Became a vampire","floor":22.0,"gold_loss":0.0,"damage_taken":0.0,"cards_obtained":["Bite","Bite","Bite","Bite","Bite"]}],"is_beta":false,"boss_relics":[{"not_picked":["Orrery","Tiny House"],"picked":"Eternal Feather"}],"items_purged_floors":[],"is_endless":false,"potions_floor_spawned":[5,7,11,14,16,18],"killed_by":"Gremlin Leader","ascension_level":6}