{"gold_per_floor":[116,132,145,164,182,182,241,241,241,257,280,280],"floor_reached":12,"playtime":1018,"items_purged":[],"score":148,"play_id":"9b6c77e5-5536-4496-8f5b-34246a6b2df9","local_time":"20181129165424","is_ascension_mode":true,"campfire_choices":[{"data":"Armaments","floor":6,"key":"SMITH"},{"floor":8,"key":"REST"}],"neow_cost":"NONE","seed_source_timestamp":9723504955711,"circlet_count":0,"master_deck":["AscendersBane","Strike_R","Strike_R","Strike_R","Strike_R","Strike_R","Defend_R","Defend_R","Defend_R","Defend_R","Bash","Feel No Pain","Armaments+1","Pommel Strike","Limit Break","Power Through","Corruption","True Grit"],"relics":["Burning Blood","Tiny Chest","Odd Mushroom"],"potions_floor_usage":[12],"damage_taken":[{"damage":5,"enemies":"Cultist","floor":1,"turns":4},{"damage":11,"enemies":"Small Slimes","floor":2,"turns":4},{"damage":9,"enemies":"2 Louse","floor":3,"turns":3},{"damage":17,"enemies":"Gremlin Gang","floor":4,"turns":6},{"damage":4,"enemies":"3 Louse","floor":5,"turns":6},{"damage":58,"enemies":"Lagavulin","floor":7,"turns":9},{"damage":16,"enemies":"Blue Slaver","floor":10,"turns":5},{"damage":12,"enemies":"The Mushroom Lair","floor":11,"turns":6},{"damage":44,"enemies":"Gremlin Nob","floor":12,"turns":6}],"seed_played":"-4751334595244031958","potions_obtained":[{"floor":1,"key":"Fire Potion"},{"floor":3,"key":"SpeedPotion"}],"is_trial":false,"path_per_floor":["M","M","M","M","M","R","E","R","T","M","?","E"],"character_chosen":"IRONCLAD","items_purchased":[],"campfire_rested":1,"item_purchase_floors":[],"current_hp_per_floor":[76,71,68,57,59,59,7,31,31,21,15,0],"gold":280,"neow_bonus":"TEN_PERCENT_HP_BONUS","is_prod":false,"is_daily":false,"chose_seed":false,"campfire_upgraded":1,"win_rate":0,"timestamp":1543499664,"path_taken":["M","?","?","M","M","R","E","R","T","M","?","E"],"build_version":"2018-11-15","purchased_purges":0,"victory":false,"max_hp_per_floor":[82,82,82,82,82,82,82,82,82,82,82,82],"card_choices":[{"not_picked":["Dropkick","Second Wind"],"picked":"Feel No Pain","floor":1},{"not_picked":["Flex","Twin Strike"],"picked":"Armaments","floor":2},{"not_picked":["Heavy Blade","Body Slam"],"picked":"Pommel Strike","floor":3},{"not_picked":["Shockwave","Reckless Charge"],"picked":"Limit Break","floor":4},{"not_picked":["Infernal Blade","Bloodletting"],"picked":"Power Through","floor":5},{"not_picked":["Hemokinesis","Anger","Combust"],"picked":"SKIP","floor":7},{"not_picked":["Flame Barrier","Uppercut"],"picked":"Corruption","floor":10},{"not_picked":["Twin Strike","Pommel Strike"],"picked":"True Grit","floor":11}],"player_experience":786217,"relics_obtained":[{"floor":7,"key":"Tiny Chest"},{"floor":11,"key":"Odd Mushroom"}],"event_choices":[{"damage_healed":0,"gold_gain":0,"player_choice":"Fought Mushrooms","damage_taken":0,"max_hp_gain":0,"max_hp_loss":0,"event_name":"Mushrooms","floor":11,"gold_loss":0}],"is_beta":false,"boss_relics":[],"items_purged_floors":[],"is_endless":false,"potions_floor_spawned":[1,3,11],"killed_by":"Gremlin Nob","ascension_level":16}