{"gold_per_floor":[109,124,136,146,100,100,119,119,166,166,166,176,191,202,202,202],"floor_reached":16,"playtime":746,"items_purged":[],"score":191,"play_id":"31e140af-c279-4e54-98d9-3b55e6b46ca8","local_time":"20190306024108","is_ascension_mode":true,"campfire_choices":[{"data":"Self Repair","floor":6,"key":"SMITH"},{"data":"Capacitor","floor":10,"key":"SMITH"},{"floor":15,"key":"REST"}],"neow_cost":"NONE","seed_source_timestamp":1683858163497,"circlet_count":0,"master_deck":["AscendersBane","Strike_B","Strike_B","Strike_B","Strike_B","Defend_B","Defend_B","Defend_B","Defend_B","Zap+1","Dualcast","Conserve Battery","Capacitor+1","Hologram+1","Blizzard","Self Repair+1","Echo Form","Coolheaded"],"relics":["Cracked Core","Orichalcum"],"potions_floor_usage":[13],"damage_taken":[{"damage":0,"enemies":"Cultist","floor":1,"turns":3},{"damage":0,"enemies":"Small Slimes","floor":2,"turns":3},{"damage":0,"enemies":"2 Louse","floor":3,"turns":2},{"damage":6,"enemies":"Blue Slaver","floor":4,"turns":4},{"damage":34,"enemies":"Exordium Thugs","floor":5,"turns":5},{"damage":19,"enemies":"3 Louse","floor":7,"turns":4},{"damage":24,"enemies":"Large Slime","floor":12,"turns":6},{"damage":7,"enemies":"Looter","floor":13,"turns":3},{"damage":14,"enemies":"3 Louse","floor":14,"turns":4},{"damage":37,"enemies":"Hexaghost","floor":16,"turns":11}],"seed_played":"2772794664332841885","potions_obtained":[{"floor":2,"key":"Poison Potion"},{"floor":3,"key":"Poison Potion"},{"floor":5,"key":"Dexterity Potion"},{"floor":12,"key":"Explosive Potion"}],"is_trial":false,"path_per_floor":["M","M","M","M","M","R","M","?","T","R","?","M","M","M","R","B"],"character_chosen":"DEFECT","items_purchased":[],"campfire_rested":1,"item_purchase_floors":[],"current_hp_per_floor":[64,64,64,58,24,24,15,38,38,38,38,14,17,13,34,0],"gold":202,"neow_bonus":"UPGRADE_CARD","is_prod":false,"is_daily":false,"chose_seed":false,"campfire_upgraded":2,"win_rate":0,"timestamp":1551829268,"path_taken":["M","M","?","M","M","R","M","?","T","R","?","M","?","M","R","BOSS"],"build_version":"2019-01-23","purchased_purges":0,"victory":false,"max_hp_per_floor":[71,71,71,71,71,71,71,71,71,71,71,71,71,71,71,71],"card_choices":[{"not_picked":["Aggregate","Lockon"],"picked":"Conserve Battery","floor":1},{"not_picked":["Streamline","Steam"],"picked":"Capacitor","floor":2},{"not_picked":["Consume","Tempest"],"picked":"Hologram","floor":3},{"not_picked":["Conserve Battery","Redo"],"picked":"Blizzard","floor":4},{"not_picked":["Cold Snap","Double Energy"],"picked":"Self Repair","floor":5},{"not_picked":["Beam Cell","Leap","Aggregate"],"picked":"SKIP","floor":7},{"not_picked":["Chaos","BootSequence"],"picked":"Echo Form","floor":12},{"not_picked":["Beam Cell","Turbo","Leap"],"picked":"SKIP","floor":13},{"not_picked":["Sweeping Beam","Stack"],"picked":"Coolheaded","floor":14}],"player_experience":1015968,"relics_obtained":[{"floor":9,"key":"Orichalcum"}],"event_choices":[{"damage_healed":23,"gold_gain":0,"player_choice":"Banana","damage_taken":0,"max_hp_gain":0,"max_hp_loss":0,"event_name":"Big Fish","floor":8,"gold_loss":0},{"damage_healed":0,"gold_gain":0,"player_choice":"Upgraded","damage_taken":0,"max_hp_gain":0,"max_hp_loss":0,"event_name":"Upgrade Shrine","floor":11,"gold_loss":0,"cards_upgraded":["Hologram"]}],"is_beta":false,"boss_relics":[],"items_purged_floors":[],"is_endless":false,"potions_floor_spawned":[2,3,5,7,12],"killed_by":"Hexaghost","ascension_level":19}