{"gold_per_floor":[113,113,124,124,124,157,2,35,90,117,117,136,211,211,211,336,336,352,368,386,420,420],"floor_reached":22,"playtime":1464,"items_purged":[],"score":284,"play_id":"87b0f676-66ad-4073-a2cc-7bebf703ef57","local_time":"20190605151305","is_ascension_mode":true,"campfire_choices":[{"floor":11.0,"key":"REST"},{"floor":15.0,"key":"REST"}],"neow_cost":"NONE","seed_source_timestamp":1471200456101800,"circlet_count":0,"master_deck":["Survivor","Neutralize","Poisoned Stab","Dagger Spray","Calculated Gamble","Well Laid Plans","Escape Plan","A Thousand Cuts","Bouncing Flask","Prepared","Adrenaline","All Out Attack","Backstab","A Thousand Cuts","Predator","Unload","Caltrops","Bouncing Flask","Leg Sweep","Masterful Stab","Poisoned Stab","Deflect","Deflect+1"],"special_seed":0,"relics":["Ring of the Snake","NeowsBlessing","Vajra","The Specimen","Oddly Smooth Stone","Sundial","Golden Idol","Pandora\u0027s Box","Red Mask"],"potions_floor_usage":[21,21],"damage_taken":[{"damage":0.0,"enemies":"Cultist","floor":1.0,"turns":1.0},{"damage":0.0,"enemies":"Small Slimes","floor":3.0,"turns":1.0},{"damage":0.0,"enemies":"Lagavulin","floor":6.0,"turns":1.0},{"damage":28.0,"enemies":"Gremlin Nob","floor":8.0,"turns":4.0},{"damage":2.0,"enemies":"3 Sentries","floor":10.0,"turns":6.0},{"damage":0.0,"enemies":"2 Louse","floor":12.0,"turns":2.0},{"damage":3.0,"enemies":"The Guardian","floor":16.0,"turns":12.0},{"damage":12,"enemies":"Chosen","floor":18,"turns":4},{"damage":18,"enemies":"3 Byrds","floor":19,"turns":2},{"damage":12,"enemies":"3 Cultists","floor":20,"turns":3},{"damage":20,"enemies":"Masked Bandits","floor":21,"turns":5},{"damage":7,"enemies":"Centurion and Healer","floor":22,"turns":1}],"seed_played":"-4601241274774015748","potions_obtained":[{"floor":6.0,"key":"PowerPotion"},{"floor":10.0,"key":"Strength Potion"},{"floor":12.0,"key":"GhostInAJar"},{"floor":21,"key":"Dexterity Potion"}],"is_trial":false,"path_per_floor":["M","?","M","?","?","E","$","E","T","E","R","M","?","?","R","B",null,"M","M","M","?","M"],"character_chosen":"THE_SILENT","items_purchased":["Well Laid Plans","Escape Plan"],"campfire_rested":2,"item_purchase_floors":[7,7],"current_hp_per_floor":[70,75,75,60,60,60,60,32,32,30,52,52,41,23,45,42,67,55,37,25,5,0],"gold":420,"neow_bonus":"THREE_ENEMY_KILL","is_prod":false,"is_daily":false,"chose_seed":false,"campfire_upgraded":0,"win_rate":0,"timestamp":1559765585,"path_taken":["M","?","M","?","?","E","?","E","T","E","R","M","?","?","R","BOSS","M","M","M","?","M"],"build_version":"2019-01-23","purchased_purges":0,"victory":false,"max_hp_per_floor":[70,75,75,75,75,75,75,75,75,75,75,75,75,75,75,75,75,75,75,75,75,75],"card_choices":[{"not_picked":["Blade Dance","Distraction"],"picked":"Poisoned Stab","floor":1.0},{"not_picked":["Slice","Cloak And Dagger"],"picked":"Dagger Spray","floor":3.0},{"not_picked":["Concentrate","Blade Dance"],"picked":"Calculated Gamble","floor":6.0},{"not_picked":["Quick Slash","Caltrops"],"picked":"A Thousand Cuts","floor":8.0},{"not_picked":["Underhanded Strike","Dodge and Roll"],"picked":"Bouncing Flask","floor":10.0},{"not_picked":["Eviscerate","Backstab"],"picked":"Prepared","floor":12.0},{"not_picked":["After Image","Die Die Die"],"picked":"Adrenaline","floor":16.0},{"not_picked":["Poisoned Stab+1","Dagger Throw","Backstab"],"picked":"SKIP","floor":18},{"not_picked":["Dagger Spray","Flechettes","Quick Slash"],"picked":"SKIP","floor":19},{"not_picked":["PiercingWail","Dash"],"picked":"Deflect","floor":20},{"not_picked":["Outmaneuver+1","Finisher"],"picked":"Deflect+1","floor":21}],"player_experience":286652,"relics_obtained":[{"floor":6.0,"key":"Vajra"},{"floor":8.0,"key":"The Specimen"},{"floor":9.0,"key":"Oddly Smooth Stone"},{"floor":10.0,"key":"Sundial"},{"floor":21,"key":"Red Mask"}],"event_choices":[{"damage_healed":0.0,"max_hp_gain":5.0,"max_hp_loss":0.0,"gold_gain":0.0,"event_name":"Big Fish","player_choice":"Donut","floor":2.0,"gold_loss":0.0,"damage_taken":0.0},{"damage_healed":0.0,"max_hp_gain":0.0,"max_hp_loss":0.0,"gold_gain":0.0,"event_name":"Shining Light","player_choice":"Entered Light","floor":4.0,"gold_loss":0.0,"damage_taken":15.0,"cards_upgraded":["Strike_G","Defend_G"]},{"damage_healed":0.0,"max_hp_gain":0.0,"max_hp_loss":0.0,"gold_gain":0.0,"event_name":"Liars Game","player_choice":"Ignored","floor":5.0,"gold_loss":0.0,"damage_taken":0.0},{"damage_healed":0.0,"max_hp_gain":0.0,"max_hp_loss":0.0,"gold_gain":75.0,"event_name":"World of Goop","player_choice":"Gather Gold","floor":13.0,"gold_loss":0.0,"damage_taken":11.0},{"damage_healed":0.0,"max_hp_gain":0.0,"max_hp_loss":0.0,"gold_gain":0.0,"event_name":"Golden Idol","player_choice":"Take Damage","floor":14.0,"gold_loss":0.0,"damage_taken":18.0,"relics_obtained":["Golden Idol"]},{"damage_healed":0,"gold_gain":0,"player_choice":"Fought Bandits","damage_taken":0,"max_hp_gain":0,"max_hp_loss":0,"event_name":"Masked Bandits","floor":21,"gold_loss":0}],"is_beta":false,"boss_relics":[{"not_picked":["WristBlade","Tiny House"],"picked":"Pandora\u0027s Box"}],"items_purged_floors":[],"is_endless":false,"potions_floor_spawned":[6,10,12,18,20,21],"killed_by":"Centurion and Healer","ascension_level":5}