{"gold_per_floor":[418,418,437,437,437,437,454,468,548,548,548,244,259,259,259,330,330,345,364,381,224,224],"floor_reached":22,"playtime":1433,"items_purged":[],"score":334,"play_id":"e8799b26-97f2-40be-980b-1437631eff64","local_time":"20190207031050","is_ascension_mode":true,"campfire_choices":[{"data":"Zap","floor":6,"key":"SMITH"},{"data":"Dualcast","floor":10,"key":"SMITH"},{"floor":15,"key":"REST"}],"neow_cost":"PERCENT_DAMAGE","seed_source_timestamp":83345263582316,"circlet_count":0,"master_deck":["AscendersBane","Zap+1","Dualcast+1","Ball Lightning","Go for the Eyes","Turbo+1","Cold Snap","Blizzard","Defragment","Echo Form","Reboot","Recycle","Doom and Gloom","Redo","Echo Form","Steam Power","Doom and Gloom","Coolheaded","Conserve Battery"],"relics":["Cracked Core","Old Coin","Question Card","Runic Capacitor","Vajra","Pandora\u0027s Box","Anchor"],"potions_floor_usage":[22],"damage_taken":[{"damage":1,"enemies":"Small Slimes","floor":1,"turns":3},{"damage":1,"enemies":"Cultist","floor":3,"turns":3},{"damage":9,"enemies":"Jaw Worm","floor":7,"turns":2},{"damage":3,"enemies":"Blue Slaver","floor":8,"turns":3},{"damage":9,"enemies":"3 Louse","floor":13,"turns":3},{"damage":9,"enemies":"The Guardian","floor":16,"turns":11},{"damage":11,"enemies":"Spheric Guardian","floor":18,"turns":3},{"damage":18,"enemies":"3 Byrds","floor":19,"turns":3},{"damage":31,"enemies":"Shelled Parasite and Fungi","floor":20,"turns":3},{"damage":14,"enemies":"Centurion and Healer","floor":22,"turns":2}],"seed_played":"-6206736228181361788","potions_obtained":[{"floor":7,"key":"Energy Potion"},{"floor":16,"key":"Explosive Potion"}],"is_trial":false,"path_per_floor":["M","$","M","?","?","R","M","M","T","R","?","$","M","T","R","B",null,"M","M","M","$","M"],"character_chosen":"DEFECT","items_purchased":["Runic Capacitor","Blizzard","Anchor"],"campfire_rested":1,"item_purchase_floors":[12,12,21],"current_hp_per_floor":[45,45,44,67,67,67,58,55,55,55,34,34,25,25,46,37,63,52,34,3,3,0],"gold":224,"neow_bonus":"ONE_RARE_RELIC","is_prod":false,"is_daily":false,"chose_seed":false,"campfire_upgraded":2,"win_rate":0,"timestamp":1549498250,"path_taken":["M","$","M","?","?","R","?","M","T","R","?","$","M","?","R","BOSS","M","M","M","$","M"],"build_version":"2019-01-23","purchased_purges":0,"victory":false,"max_hp_per_floor":[71,71,71,71,71,71,71,71,71,71,71,71,71,71,71,71,71,71,71,71,71,71],"card_choices":[{"not_picked":["Leap","Streamline"],"picked":"Ball Lightning","floor":1},{"not_picked":["Coolheaded","Gash"],"picked":"Go for the Eyes","floor":3},{"not_picked":["Double Energy","Leap","Gash"],"picked":"SKIP","floor":7},{"not_picked":["Streamline","Undo"],"picked":"Cold Snap","floor":8},{"not_picked":["Machine Learning","Cold Snap","Coolheaded"],"picked":"Defragment","floor":13},{"not_picked":["Amplify","Biased Cognition","Creative AI"],"picked":"Echo Form","floor":16},{"not_picked":["Blizzard","Chaos","Sweeping Beam","Rebound"],"picked":"SKIP","floor":18},{"not_picked":["Gash","Hologram","Steam"],"picked":"Coolheaded","floor":19},{"not_picked":["Streamline+1","Aggregate","Turbo"],"picked":"Conserve Battery","floor":20}],"player_experience":930257,"relics_obtained":[{"floor":9,"key":"Question Card"},{"floor":14,"key":"Vajra"}],"event_choices":[{"damage_healed":23,"gold_gain":0,"player_choice":"Banana","damage_taken":0,"max_hp_gain":0,"max_hp_loss":0,"event_name":"Big Fish","floor":4,"gold_loss":0},{"damage_healed":0,"gold_gain":0,"cards_transformed":["Strike_B"],"player_choice":"Transformed","damage_taken":0,"max_hp_gain":0,"max_hp_loss":0,"event_name":"Transmorgrifier","floor":5,"gold_loss":0,"cards_obtained":["Turbo"]},{"damage_healed":0,"gold_gain":0,"player_choice":"Entered Light","damage_taken":21,"max_hp_gain":0,"max_hp_loss":0,"event_name":"Shining Light","floor":11,"gold_loss":0,"cards_upgraded":["Defend_B","Turbo"]}],"is_beta":false,"boss_relics":[{"not_picked":["Cursed Key","Snecko Eye"],"picked":"Pandora\u0027s Box"}],"items_purged_floors":[],"is_endless":false,"potions_floor_spawned":[7,16,19,20],"killed_by":"Centurion and Healer","ascension_level":18}