{"gold_per_floor":[113,133,32,32,50,50,83,97,152,195,233,254,254,277,277,398,398,387,302,427,116,134,134,168,168,168,168,186,202,246,271,271,396,396,420,420,420,420,420,420,454,454,479,29,53,53,69,92,92,92],"floor_reached":50,"playtime":3293,"items_purged":["Strike_G"],"score":647,"play_id":"e47b0962-c3df-4b77-8358-68016ec73618","local_time":"20190501225251","is_ascension_mode":true,"campfire_choices":[{"data":"Poisoned Stab","floor":6,"key":"SMITH"},{"floor":13,"key":"REST"},{"data":"Terror","floor":15,"key":"SMITH"},{"data":"Catalyst","floor":23,"key":"SMITH"},{"floor":25,"key":"REST"},{"data":"Burst","floor":27,"key":"SMITH"},{"floor":32,"key":"REST"},{"data":"Crippling Poison","floor":40,"key":"SMITH"},{"data":"Backflip","floor":42,"key":"SMITH"},{"data":"Footwork","floor":46,"key":"SMITH"},{"floor":49,"key":"REST"}],"neow_cost":"NONE","seed_source_timestamp":1152434724954900,"circlet_count":0,"master_deck":["Defend_G+1","Defend_G","Defend_G","Defend_G","Defend_G","Strike_G","Strike_G+1","Survivor+1","Neutralize+1","Dagger Spray","Quick Slash","Poisoned Stab+1","Terror+1","Dodge and Roll","Masterful Stab","Footwork+1","Backflip+1","Catalyst+1","Deadly Poison","Crippling Poison+1","Burst+1","Quick Slash+1","Accuracy+1","Bane","Well Laid Plans+1","Deflect+1","Bane+1","Poisoned Stab","Concentrate+1","Storm of Steel+1","Blade Dance+1","Apotheosis+1","Acrobatics+1","Acrobatics+1","Deflect+1","Bane+1","Deflect+1","Masterful Stab+1"],"relics":["Ring of the Snake","Golden Idol","Kunai","War Paint","Smiling Mask","Odd Mushroom","Empty Cage","Bag of Marbles","Pocketwatch","Ninja Scroll","Matryoshka","Toxic Egg 2","Dream Catcher","Strawberry","Sundial","Black Star","Bronze Scales","Juzu Bracelet","Whetstone","Ornamental Fan","PreservedInsect"],"potions_floor_usage":[7,11,14,18,20,28,30,30,31,47,50],"damage_taken":[{"damage":6,"enemies":"Jaw Worm","floor":1,"turns":8},{"damage":0,"enemies":"Small Slimes","floor":2,"turns":2},{"damage":0,"enemies":"2 Louse","floor":5,"turns":2},{"damage":21,"enemies":"Gremlin Nob","floor":7,"turns":4},{"damage":8,"enemies":"Large Slime","floor":8,"turns":5},{"damage":4,"enemies":"Lagavulin","floor":10,"turns":6},{"damage":0,"enemies":"The Mushroom Lair","floor":11,"turns":5},{"damage":0,"enemies":"Looter","floor":12,"turns":2},{"damage":0,"enemies":"Blue Slaver","floor":14,"turns":2},{"damage":12,"enemies":"The Guardian","floor":16,"turns":11},{"damage":5,"enemies":"2 Thieves","floor":18,"turns":4},{"damage":12,"enemies":"Colosseum Slavers","floor":20,"turns":5},{"damage":14,"enemies":"Colosseum Nobs","floor":20,"turns":5},{"damage":0,"enemies":"3 Byrds","floor":22,"turns":3},{"damage":31,"enemies":"Slavers","floor":24,"turns":7},{"damage":7,"enemies":"Cultist and Chosen","floor":28,"turns":6},{"damage":14,"enemies":"Shelled Parasite and Fungi","floor":29,"turns":7},{"damage":11,"enemies":"Book of Stabbing","floor":30,"turns":5},{"damage":3,"enemies":"Centurion and Healer","floor":31,"turns":5},{"damage":25,"enemies":"Champ","floor":33,"turns":8},{"damage":22,"enemies":"3 Shapes","floor":35,"turns":3},{"damage":19,"enemies":"Nemesis","floor":41,"turns":7},{"damage":9,"enemies":"Orb Walker","floor":45,"turns":2},{"damage":6,"enemies":"3 Darklings","floor":47,"turns":7},{"damage":10,"enemies":"Writhing Mass","floor":48,"turns":4},{"damage":50,"enemies":"Donu and Deca","floor":50,"turns":10}],"seed_played":"-9191363734993534103","potions_obtained":[{"floor":5,"key":"Regen Potion"},{"floor":7,"key":"SpeedPotion"},{"floor":11,"key":"Weak Potion"},{"floor":12,"key":"SteroidPotion"},{"floor":16,"key":"Fire Potion"},{"floor":20,"key":"Swift Potion"},{"floor":22,"key":"Weak Potion"},{"floor":28,"key":"Poison Potion"},{"floor":30,"key":"Fruit Juice"},{"floor":45,"key":"AttackPotion"},{"floor":48,"key":"EssenceOfSteel"}],"is_trial":false,"path_per_floor":["M","M","$","?","M","R","E","M","T","E","?","M","R","M","R","B",null,"M","?","?","$","M","R","E","R","T","R","M","M","E","M","R","B",null,"M","?","?","?","?","R","E","R","T","$","M","R","M","M","R","B"],"character_chosen":"THE_SILENT","items_purchased":["Poisoned Stab","Terror","Matryoshka","Acrobatics+1","Ornamental Fan","PreservedInsect"],"campfire_rested":4,"item_purchase_floors":[3,3,21,44,44,44],"current_hp_per_floor":[71,71,71,52,52,52,36,28,28,24,24,24,47,47,47,35,77,72,72,46,46,46,46,15,38,45,45,38,24,13,15,41,16,89,67,67,67,67,67,67,48,48,48,48,39,39,33,23,48,0],"gold":92,"neow_bonus":"TEN_PERCENT_HP_BONUS","is_prod":false,"is_daily":false,"chose_seed":false,"campfire_upgraded":7,"win_rate":0,"timestamp":1556769171,"path_taken":["M","M","$","?","M","R","E","M","T","E","?","M","R","M","R","BOSS","M","?","?","$","M","R","E","R","T","R","M","M","E","M","R","BOSS","M","?","?","?","?","R","E","R","T","$","M","R","M","M","R","BOSS"],"build_version":"2019-01-23","purchased_purges":1,"victory":false,"max_hp_per_floor":[77,77,77,77,77,77,77,77,77,77,77,77,77,77,77,77,77,77,77,77,77,77,77,77,77,84,84,84,84,84,89,89,89,89,89,85,85,85,85,85,85,85,85,85,85,85,85,85,85,85],"card_choices":[{"not_picked":["Calculated Gamble","PiercingWail"],"picked":"Dagger Spray","floor":1},{"not_picked":["Flechettes","Flying Knee"],"picked":"Quick Slash","floor":2},{"not_picked":["Sucker Punch","Tactician"],"picked":"Dodge and Roll","floor":5},{"not_picked":["Caltrops","Tools of the Trade"],"picked":"Masterful Stab","floor":7},{"not_picked":["Prepared","Deflect"],"picked":"Footwork","floor":8},{"not_picked":["Blade Dance","PiercingWail"],"picked":"Backflip","floor":10},{"not_picked":["Bouncing Flask","PiercingWail"],"picked":"Catalyst","floor":11},{"not_picked":["Dodge and Roll","Heel Hook"],"picked":"Deadly Poison","floor":12},{"not_picked":["Outmaneuver","Skewer"],"picked":"Crippling Poison","floor":14},{"not_picked":["Die Die Die","Storm of Steel"],"picked":"Burst","floor":16},{"not_picked":["Slice","Terror","Predator"],"picked":"SKIP","floor":18},{"not_picked":["Noxious Fumes+1","Sucker Punch"],"picked":"Quick Slash+1","floor":20},{"not_picked":["Prepared","Backflip"],"picked":"Accuracy","floor":22},{"not_picked":["PiercingWail","Blade Dance"],"picked":"Bane","floor":24},{"not_picked":["Venomology+1","Prepared+1"],"picked":"Well Laid Plans+1","floor":28},{"not_picked":["Dagger Spray","Noxious Fumes"],"picked":"Deflect+1","floor":29},{"not_picked":["Prepared+1","Flechettes"],"picked":"Bane+1","floor":30},{"not_picked":["Dagger Spray","Noxious Fumes+1"],"picked":"Poisoned Stab","floor":31},{"not_picked":["Acrobatics+1","Sucker Punch"],"picked":"Concentrate+1","floor":32},{"not_picked":["Malaise+1","Burst+1"],"picked":"Storm of Steel+1","floor":33},{"not_picked":["Calculated Gamble+1","Backflip+1"],"picked":"Blade Dance+1","floor":35},{"not_picked":["Deep Breath+1","Thinking Ahead+1"],"picked":"Apotheosis+1","floor":38},{"not_picked":["Skewer+1","Backstab+1"],"picked":"Acrobatics+1","floor":41},{"not_picked":["Deadly Poison+1","Dash+1"],"picked":"Deflect+1","floor":45},{"not_picked":["Flying Knee+1","Endless Agony+1"],"picked":"Bane+1","floor":47},{"not_picked":["Cloak And Dagger+1","Poisoned Stab+1"],"picked":"Deflect+1","floor":48},{"not_picked":["Sucker Punch+1","Caltrops+1"],"picked":"Masterful Stab+1","floor":49}],"player_experience":89847,"relics_obtained":[{"floor":7,"key":"Kunai"},{"floor":9,"key":"War Paint"},{"floor":10,"key":"Smiling Mask"},{"floor":11,"key":"Odd Mushroom"},{"floor":20,"key":"Pocketwatch"},{"floor":20,"key":"Ninja Scroll"},{"floor":24,"key":"Toxic Egg 2"},{"floor":26,"key":"Dream Catcher"},{"floor":26,"key":"Strawberry"},{"floor":30,"key":"Sundial"},{"floor":41,"key":"Bronze Scales"},{"floor":41,"key":"Juzu Bracelet"},{"floor":43,"key":"Whetstone"}],"event_choices":[{"damage_healed":0,"gold_gain":0,"player_choice":"Take Damage","damage_taken":19,"relics_obtained":["Golden Idol"],"max_hp_gain":0,"max_hp_loss":0,"event_name":"Golden Idol","floor":4,"gold_loss":0},{"damage_healed":0,"gold_gain":0,"player_choice":"Fought Mushrooms","damage_taken":0,"max_hp_gain":0,"max_hp_loss":0,"event_name":"Mushrooms","floor":11,"gold_loss":0},{"damage_healed":0,"gold_gain":0,"player_choice":"Obtained Relic","damage_taken":0,"relics_obtained":["Bag of Marbles"],"max_hp_gain":0,"max_hp_loss":0,"event_name":"Addict","floor":19,"gold_loss":85},{"damage_healed":0,"gold_gain":0,"player_choice":"Fight","damage_taken":0,"max_hp_gain":0,"max_hp_loss":0,"event_name":"Colosseum","floor":20,"gold_loss":0},{"damage_healed":0,"gold_gain":0,"player_choice":"Fought Nobs","damage_taken":0,"max_hp_gain":0,"max_hp_loss":0,"event_name":"Colosseum","floor":20,"gold_loss":0},{"damage_healed":0,"gold_gain":0,"player_choice":"Max HP","damage_taken":0,"max_hp_gain":0,"max_hp_loss":4,"event_name":"Winding Halls","floor":36,"gold_loss":0},{"damage_healed":0,"gold_gain":0,"player_choice":"Ignored","damage_taken":0,"max_hp_gain":0,"max_hp_loss":0,"event_name":"Tomb of Lord Red Mask","floor":37,"gold_loss":0},{"damage_healed":0,"gold_gain":0,"player_choice":"Memory 1","damage_taken":0,"max_hp_gain":0,"max_hp_loss":0,"event_name":"SensoryStone","floor":38,"gold_loss":0},{"damage_healed":0,"gold_gain":0,"player_choice":"Upgraded","damage_taken":0,"max_hp_gain":0,"max_hp_loss":0,"event_name":"Upgrade Shrine","floor":39,"gold_loss":0,"cards_upgraded":["Accuracy"]}],"is_beta":false,"boss_relics":[{"not_picked":["Fusion Hammer","Astrolabe"],"picked":"Empty Cage"},{"not_picked":["Cursed Key","Orrery"],"picked":"Black Star"}],"items_purged_floors":[21],"is_endless":false,"potions_floor_spawned":[5,7,11,12,16,20,20,22,28,30,45,48],"killed_by":"Donu and Deca","ascension_level":1}