{"gold_per_floor":[116,48,62,81,97,97,122,122,122,151,162,173,190,40,40,144,144,160,260,270,136,156,181,196,214,214,214,214,242,242,242,242,344,344,357,371,386,401,401,401,431,431,431,431,441,459,235,235,235,235,235,235,0,34,34],"floor_reached":56,"playtime":5723,"items_purged":["Strike_B","Strike_B","Normality"],"score":1658,"play_id":"aec2233b-b15d-43de-a6b6-1fa8e48281e2","local_time":"20190610203643","is_ascension_mode":true,"campfire_choices":[{"data":"Defragment","floor":6.0,"key":"SMITH"},{"data":"Hologram","floor":8.0,"key":"SMITH"},{"data":"Genetic Algorithm","floor":15.0,"key":"SMITH"},{"data":"Defragment","floor":27.0,"key":"SMITH"},{"data":"Self Repair","floor":30.0,"key":"SMITH"},{"data":"Buffer","floor":32.0,"key":"SMITH"},{"data":"Defragment","floor":40.0,"key":"SMITH"},{"data":"Echo Form","floor":42.0,"key":"SMITH"},{"data":"Glacier","floor":44.0,"key":"SMITH"},{"floor":49.0,"key":"RECALL"},{"floor":52,"key":"REST"}],"neow_cost":"NONE","seed_source_timestamp":1918268874017600,"circlet_count":0,"master_deck":["Defend_B","Defend_B","Defend_B","Zap","Dualcast","Glacier+1","Defragment+1","Ball Lightning","Rebound","Ball Lightning","Hologram+1","Rainbow","Leap","Genetic Algorithm+1","Defragment+1","Buffer+1","Compile Driver+1","Compile Driver+1","Darkness","Electrodynamics","Force Field","Doom and Gloom","Conserve Battery","Decay","Self Repair+1","Recycle","Echo Form+1","Defragment+1","Defragment+1","Compile Driver+1","Coolheaded+1","Leap","Blind","Loop"],"special_seed":0,"relics":["Velvet Choker","Letter Opener","Bottled Lightning","Pear","Empty Cage","Dead Branch","Darkstone Periapt","Oddly Smooth Stone","Pocketwatch","Smiling Mask","Cursed Key","Kunai","PreservedInsect","DataDisk","Incense Burner"],"potions_floor_usage":[50,55,55,55],"damage_taken":[{"damage":1.0,"enemies":"Cultist","floor":1.0,"turns":3.0},{"damage":2.0,"enemies":"Jaw Worm","floor":3.0,"turns":4.0},{"damage":0.0,"enemies":"Small Slimes","floor":4.0,"turns":3.0},{"damage":0.0,"enemies":"Looter","floor":5.0,"turns":3.0},{"damage":0.0,"enemies":"3 Sentries","floor":7.0,"turns":6.0},{"damage":0.0,"enemies":"Lagavulin","floor":10.0,"turns":6.0},{"damage":6.0,"enemies":"3 Louse","floor":11.0,"turns":3.0},{"damage":0.0,"enemies":"Exordium Wildlife","floor":12.0,"turns":2.0},{"damage":0.0,"enemies":"Blue Slaver","floor":13.0,"turns":3.0},{"damage":9.0,"enemies":"Hexaghost","floor":16.0,"turns":8.0},{"damage":15.0,"enemies":"2 Thieves","floor":18.0,"turns":4.0},{"damage":11.0,"enemies":"Colosseum Slavers","floor":19.0,"turns":5.0},{"damage":16.0,"enemies":"Colosseum Nobs","floor":19.0,"turns":6.0},{"damage":1.0,"enemies":"Spheric Guardian","floor":20.0,"turns":5.0},{"damage":0.0,"enemies":"Snecko","floor":22.0,"turns":7.0},{"damage":4.0,"enemies":"Gremlin Leader","floor":23.0,"turns":6.0},{"damage":2.0,"enemies":"Sentry and Sphere","floor":24.0,"turns":6.0},{"damage":0.0,"enemies":"Snake Plant","floor":25.0,"turns":6.0},{"damage":8.0,"enemies":"Slavers","floor":29.0,"turns":4.0},{"damage":0.0,"enemies":"Collector","floor":33.0,"turns":12.0},{"damage":0.0,"enemies":"Orb Walker","floor":35.0,"turns":5.0},{"damage":5.0,"enemies":"3 Shapes","floor":36.0,"turns":3.0},{"damage":9.0,"enemies":"Maw","floor":37.0,"turns":8.0},{"damage":17.0,"enemies":"Sphere and 2 Shapes","floor":38.0,"turns":5.0},{"damage":50.0,"enemies":"Reptomancer","floor":41.0,"turns":8.0},{"damage":35.0,"enemies":"Jaw Worm Horde","floor":45.0,"turns":5.0},{"damage":0.0,"enemies":"Spire Growth","floor":46.0,"turns":6.0},{"damage":29,"enemies":"Awakened One","floor":50,"turns":16},{"damage":37,"enemies":"Shield and Spear","floor":54,"turns":5},{"damage":66,"enemies":"The Heart","floor":55,"turns":14}],"seed_played":"507308009209372698","potions_obtained":[{"floor":3.0,"key":"Block Potion"},{"floor":4.0,"key":"Dexterity Potion"},{"floor":5.0,"key":"EntropicBrew"},{"floor":16.0,"key":"Regen Potion"},{"floor":20.0,"key":"SkillPotion"},{"floor":23.0,"key":"GamblersBrew"},{"floor":29.0,"key":"FocusPotion"},{"floor":33.0,"key":"SkillPotion"},{"floor":46.0,"key":"Fire Potion"}],"is_trial":false,"path_per_floor":["M","$","M","M","M","R","E","R","T","E","M","M","M","$","R","B",null,"M","?","M","$","M","E","M","M","T","R","?","E","R","?","R","B",null,"M","M","M","M","?","R","E","R","T","R","M","M","$","?","R","B",null,"R","$","E","B",null],"character_chosen":"DEFECT","items_purchased":["Defragment","Defragment","Darkness","PreservedInsect","Leap","Loop","DataDisk","Dexterity Potion"],"campfire_rested":1,"item_purchase_floors":[2,14,21,47,47,53,53,53],"current_hp_per_floor":[67,67,65,65,65,65,65,65,65,75,69,69,69,69,69,60,79,64,37,50,50,50,46,44,44,44,44,50,42,42,42,42,52,81,91,91,91,84,84,84,54,54,60,60,25,45,45,45,45,36,82,97,97,70,4],"gold":34,"neow_bonus":"BOSS_RELIC","is_prod":false,"is_daily":false,"chose_seed":false,"campfire_upgraded":9,"win_rate":0,"timestamp":1560217003,"path_taken":["M","$","M","M","M","R","E","R","T","E","M","M","?","$","R","BOSS","M","?","M","$","M","E","M","M","T","R","?","E","R","?","R","BOSS","M","M","?","M","?","R","E","R","T","R","M","M","$","?","R","BOSS","R","$","E","BOSS"],"build_version":"2019-01-23","purchased_purges":3,"victory":true,"max_hp_per_floor":[75,75,75,75,75,75,75,75,75,85,85,85,85,85,85,85,85,85,85,85,85,85,85,85,85,85,85,91,91,91,91,91,91,91,91,91,91,91,91,91,91,91,97,97,97,97,97,97,97,97,97,97,97,97,97],"card_choices":[{"not_picked":["Sweeping Beam","Cold Snap"],"picked":"Glacier","floor":1.0},{"not_picked":["Sweeping Beam","Chaos"],"picked":"Ball Lightning","floor":3.0},{"not_picked":["Turbo","Gash"],"picked":"Rebound","floor":4.0},{"not_picked":["Turbo","Skim"],"picked":"Ball Lightning","floor":5.0},{"not_picked":["Barrage","Ball Lightning"],"picked":"Hologram","floor":7.0},{"not_picked":["Tempest","Stack"],"picked":"Rainbow","floor":10.0},{"not_picked":["Steam","Hologram"],"picked":"Leap","floor":11.0},{"not_picked":["Steam","Go for the Eyes","Sweeping Beam"],"picked":"SKIP","floor":12.0},{"not_picked":["Turbo","White Noise"],"picked":"Genetic Algorithm","floor":13.0},{"not_picked":["Fission","Amplify"],"picked":"Buffer","floor":16.0},{"not_picked":["Turbo","Stack+1"],"picked":"Compile Driver+1","floor":18.0},{"not_picked":["Reboot","Beam Cell"],"picked":"Compile Driver+1","floor":20.0},{"not_picked":["Gash","Go for the Eyes"],"picked":"Electrodynamics","floor":22.0},{"not_picked":["Gash","Steam"],"picked":"Force Field","floor":23.0},{"not_picked":["Lockon","Turbo"],"picked":"Doom and Gloom","floor":24.0},{"not_picked":["Fusion","Cold Snap"],"picked":"Conserve Battery","floor":25.0},{"not_picked":["Hologram","Hello World"],"picked":"Self Repair","floor":29.0},{"not_picked":["Buffer","Fission"],"picked":"Echo Form","floor":33.0},{"not_picked":["Barrage","Sweeping Beam+1","Redo"],"picked":"SKIP","floor":35.0},{"not_picked":["Cold Snap+1","Compile Driver","Turbo"],"picked":"SKIP","floor":36.0},{"not_picked":["Electrodynamics","Undo+1"],"picked":"Defragment","floor":37.0},{"not_picked":["Compile Driver+1","Turbo+1"],"picked":"Defragment+1","floor":38.0},{"not_picked":["Skim","Auto Shields+1","Lockon+1"],"picked":"SKIP","floor":41.0},{"not_picked":["Streamline","Conserve Battery"],"picked":"Compile Driver+1","floor":45.0},{"not_picked":["Gash","Streamline+1"],"picked":"Coolheaded+1","floor":46.0},{"not_picked":["PanicButton","Purity"],"picked":"Blind","floor":48.0},{"not_picked":["Barrage","Redo","Reprogram+1"],"picked":"SKIP","floor":54}],"player_experience":311845,"relics_obtained":[{"floor":7.0,"key":"Letter Opener"},{"floor":9.0,"key":"Bottled Lightning"},{"floor":10.0,"key":"Pear"},{"floor":19.0,"key":"Dead Branch"},{"floor":19.0,"key":"Darkstone Periapt"},{"floor":23.0,"key":"Oddly Smooth Stone"},{"floor":26.0,"key":"Pocketwatch"},{"floor":29.0,"key":"Smiling Mask"},{"floor":41.0,"key":"Kunai"},{"floor":54,"key":"Incense Burner"}],"event_choices":[{"damage_healed":0.0,"max_hp_gain":0.0,"max_hp_loss":0.0,"gold_gain":0.0,"event_name":"Colosseum","player_choice":"Fight","floor":19.0,"gold_loss":0.0,"damage_taken":0.0},{"damage_healed":0.0,"max_hp_gain":0.0,"max_hp_loss":0.0,"gold_gain":0.0,"event_name":"Colosseum","player_choice":"Fought Nobs","floor":19.0,"gold_loss":0.0,"damage_taken":0.0},{"damage_healed":0.0,"max_hp_gain":0.0,"max_hp_loss":0.0,"gold_gain":0.0,"event_name":"Forgotten Altar","player_choice":"Smashed Altar","floor":28.0,"gold_loss":0.0,"damage_taken":0.0,"cards_obtained":["Decay"]},{"damage_healed":0.0,"max_hp_gain":0.0,"max_hp_loss":0.0,"gold_gain":0.0,"cards_transformed":["Defend_B"],"event_name":"Transmorgrifier","player_choice":"Transformed","floor":31.0,"gold_loss":0.0,"damage_taken":0.0,"cards_obtained":["Recycle"]},{"damage_healed":0.0,"max_hp_gain":0.0,"max_hp_loss":0.0,"gold_gain":0.0,"event_name":"Tomb of Lord Red Mask","player_choice":"Ignored","floor":39.0,"gold_loss":0.0,"damage_taken":0.0},{"damage_healed":0.0,"max_hp_gain":0.0,"max_hp_loss":0.0,"gold_gain":0.0,"event_name":"SensoryStone","player_choice":"Memory 1","floor":48.0,"gold_loss":0.0,"damage_taken":0.0}],"is_beta":false,"boss_relics":[{"not_picked":["Ectoplasm","Lizard Tail"],"picked":"Empty Cage"},{"not_picked":["Astrolabe","Runic Pyramid"],"picked":"Cursed Key"}],"items_purged_floors":[14,21,47],"is_endless":false,"potions_floor_spawned":[3,4,5,11,16,20,23,24,29,33,36,37,38,46],"ascension_level":7}