{"gold_per_floor":[114,125,125,68,86,86,119,169,216,216,250,270,270,289,289,289],"floor_reached":16,"playtime":594,"items_purged":[],"score":204,"play_id":"2394db9a-b9b6-4e4f-a783-bc45e13f5872","local_time":"20181208022308","is_ascension_mode":true,"campfire_choices":[{"data":"Havoc","floor":6,"key":"SMITH"},{"floor":10,"key":"REST"},{"floor":13,"key":"REST"},{"data":"Whirlwind","floor":15,"key":"SMITH"}],"neow_cost":"NONE","seed_source_timestamp":55106795595096,"circlet_count":0,"master_deck":["AscendersBane","Strike_R","Strike_R","Strike_R","Strike_R","Defend_R","Defend_R","Defend_R","Defend_R","Bash","Headbutt","Havoc+1","Infernal Blade","Shrug It Off","Pommel Strike","Whirlwind+1","Shrug It Off","Feed"],"relics":["Burning Blood","NeowsBlessing","Smiling Mask","Anchor"],"potions_floor_usage":[11,16],"damage_taken":[{"damage":0,"enemies":"Jaw Worm","floor":1,"turns":1},{"damage":0,"enemies":"Cultist","floor":2,"turns":1},{"damage":0,"enemies":"Small Slimes","floor":5,"turns":1},{"damage":59,"enemies":"Gremlin Nob","floor":7,"turns":5},{"damage":27,"enemies":"3 Sentries","floor":11,"turns":7},{"damage":1,"enemies":"Gremlin Gang","floor":12,"turns":2},{"damage":0,"enemies":"Lots of Slimes","floor":14,"turns":2},{"damage":60,"enemies":"The Guardian","floor":16,"turns":11}],"seed_played":"-3283643166800870552","potions_obtained":[{"floor":5,"key":"Explosive Potion"},{"floor":7,"key":"LiquidBronze"},{"floor":12,"key":"SpeedPotion"}],"is_trial":false,"path_per_floor":["M","M","?","$","M","R","E","?","T","R","E","M","R","M","R","B"],"character_chosen":"IRONCLAD","items_purchased":["Shrug It Off"],"campfire_rested":2,"item_purchase_floors":[4],"current_hp_per_floor":[74,75,75,75,75,75,22,22,22,44,23,28,50,59,59,0],"gold":289,"neow_bonus":"THREE_ENEMY_KILL","is_prod":false,"is_daily":false,"chose_seed":false,"campfire_upgraded":2,"win_rate":0,"timestamp":1544224988,"path_taken":["M","M","?","$","?","R","E","?","T","R","E","M","R","?","R","BOSS"],"build_version":"2018-12-06","purchased_purges":0,"victory":false,"max_hp_per_floor":[75,75,75,75,75,75,75,75,75,75,75,75,75,78,78,78],"card_choices":[{"not_picked":["Thunderclap","Evolve"],"picked":"Headbutt","floor":1},{"not_picked":["Wild Strike","Body Slam"],"picked":"Havoc","floor":2},{"not_picked":["Sword Boomerang","Iron Wave"],"picked":"Pommel Strike","floor":5},{"not_picked":["Inflame","Warcry"],"picked":"Whirlwind","floor":7},{"not_picked":["Thunderclap","Havoc"],"picked":"Shrug It Off","floor":11},{"not_picked":["True Grit","Warcry"],"picked":"Feed","floor":12},{"not_picked":["Heavy Blade","Cleave","Combust"],"picked":"SKIP","floor":14}],"player_experience":829506,"relics_obtained":[{"floor":7,"key":"Smiling Mask"},{"floor":11,"key":"Anchor"}],"event_choices":[{"damage_healed":0,"gold_gain":0,"cards_transformed":["Strike_R"],"player_choice":"Transformed","damage_taken":0,"max_hp_gain":0,"max_hp_loss":0,"event_name":"Transmorgrifier","floor":3,"gold_loss":0,"cards_obtained":["Infernal Blade"]},{"damage_healed":0,"gold_gain":50,"player_choice":"Pray","damage_taken":0,"max_hp_gain":0,"max_hp_loss":0,"event_name":"Golden Shrine","floor":8,"gold_loss":0}],"is_beta":false,"boss_relics":[],"items_purged_floors":[],"is_endless":false,"potions_floor_spawned":[5,7,12],"killed_by":"The Guardian","ascension_level":17}