{"gold_per_floor":[119,139,153,123,123,123,73,84,84,84,95,112,140,90,90,193,193,209,151,102,115,115,148,158,172,172,17,17],"floor_reached":28,"playtime":1209,"items_purged":["Strike_G"],"score":360,"play_id":"9a9563c4-4e4d-4fb1-ad93-656bc22b5114","local_time":"20190425145656","is_ascension_mode":true,"campfire_choices":[{"data":"Cloak And Dagger","floor":6,"key":"SMITH"},{"data":"Neutralize","floor":10,"key":"SMITH"},{"data":"Well Laid Plans","floor":15,"key":"SMITH"}],"neow_cost":"NONE","seed_source_timestamp":81634525413869,"circlet_count":0,"master_deck":["AscendersBane","Defend_G","Defend_G","Defend_G","Defend_G","Defend_G","Strike_G","Strike_G","Strike_G","Survivor","Neutralize+1","Leg Sweep","Cloak And Dagger+1","Well Laid Plans+1","Slice","Dagger Spray","Cloak And Dagger","Caltrops","Tools of the Trade","Envenom","Blade Dance","Accuracy","Shame","Blur+1","Infinite Blades"],"relics":["Ring of the Snake","NeowsBlessing","Shuriken","Paper Crane","Happy Flower","Ornamental Fan","Blood Vial","Vajra","Pantograph"],"potions_floor_usage":[23,25,28,28],"damage_taken":[{"damage":0,"enemies":"Small Slimes","floor":1,"turns":1},{"damage":0,"enemies":"2 Louse","floor":2,"turns":1},{"damage":0,"enemies":"Cultist","floor":3,"turns":1},{"damage":0,"enemies":"Looter","floor":4,"turns":4},{"damage":15,"enemies":"Exordium Wildlife","floor":8,"turns":6},{"damage":0,"enemies":"Gremlin Gang","floor":11,"turns":6},{"damage":0,"enemies":"3 Louse","floor":12,"turns":3},{"damage":2,"enemies":"Lagavulin","floor":13,"turns":7},{"damage":19,"enemies":"The Guardian","floor":16,"turns":11},{"damage":7,"enemies":"3 Byrds","floor":18,"turns":4},{"damage":15,"enemies":"Spheric Guardian","floor":21,"turns":5},{"damage":16,"enemies":"Book of Stabbing","floor":23,"turns":6},{"damage":3,"enemies":"Snake Plant","floor":24,"turns":5},{"damage":4,"enemies":"Shelled Parasite and Fungi","floor":25,"turns":6},{"damage":27,"enemies":"Slavers","floor":28,"turns":5}],"seed_played":"4969441595979556920","potions_obtained":[{"floor":2,"key":"Block Potion"},{"floor":3,"key":"LiquidBronze"},{"floor":8,"key":"EssenceOfSteel"},{"floor":12,"key":"Weak Potion"},{"floor":16,"key":"Fire Potion"},{"floor":21,"key":"SkillPotion"},{"floor":23,"key":"Poison Potion"}],"is_trial":false,"path_per_floor":["M","M","M","M","?","R","$","M","T","R","M","M","E","?","R","B",null,"M","?","$","M","?","E","M","M","T","$","E"],"character_chosen":"THE_SILENT","items_purchased":["Slice","Blade Dance","Infinite Blades"],"campfire_rested":0,"item_purchase_floors":[7,20,27],"current_hp_per_floor":[63,63,63,63,60,60,60,45,45,45,45,45,43,43,43,24,59,52,52,52,37,37,23,22,20,20,20,0],"gold":17,"neow_bonus":"THREE_ENEMY_KILL","is_prod":false,"is_daily":false,"chose_seed":false,"campfire_upgraded":3,"win_rate":0,"timestamp":1556222216,"path_taken":["M","M","M","M","?","R","$","M","T","R","M","M","E","?","R","BOSS","M","?","$","?","?","E","M","M","T","?","E"],"build_version":"2019-01-23","purchased_purges":1,"victory":false,"max_hp_per_floor":[70,70,70,70,70,70,70,70,70,70,70,70,70,70,70,70,70,70,70,70,70,70,70,70,70,70,70,70],"card_choices":[{"not_picked":["Underhanded Strike","Poisoned Stab","Distraction"],"picked":"SKIP","floor":1},{"not_picked":["Finisher","Blade Dance"],"picked":"Leg Sweep","floor":2},{"not_picked":["Backflip","Leg Sweep"],"picked":"Cloak And Dagger","floor":3},{"not_picked":["Accuracy","All Out Attack"],"picked":"Well Laid Plans","floor":4},{"not_picked":["Deadly Poison","Masterful Stab"],"picked":"Dagger Spray","floor":8},{"not_picked":["Acrobatics","Finisher"],"picked":"Cloak And Dagger","floor":11},{"not_picked":["Prepared","Night Terror"],"picked":"Caltrops","floor":12},{"not_picked":["Dodge and Roll","Leg Sweep"],"picked":"Tools of the Trade","floor":13},{"not_picked":["Tools of the Trade","Night Terror"],"picked":"Envenom","floor":16},{"not_picked":["Poisoned Stab","Dagger Throw","Flying Knee"],"picked":"SKIP","floor":18},{"not_picked":["Deflect","Underhanded Strike"],"picked":"Accuracy","floor":21},{"not_picked":["Outmaneuver","Doppelganger","Underhanded Strike"],"picked":"SKIP","floor":23},{"not_picked":["Bane","Quick Slash+1","Underhanded Strike"],"picked":"SKIP","floor":24},{"not_picked":["Dagger Throw+1","Acrobatics"],"picked":"Blur+1","floor":25}],"player_experience":503607,"relics_obtained":[{"floor":9,"key":"Paper Crane"},{"floor":13,"key":"Happy Flower"},{"floor":23,"key":"Vajra"},{"floor":26,"key":"Pantograph"}],"event_choices":[{"damage_healed":0,"gold_gain":0,"player_choice":"Success","damage_taken":3,"relics_obtained":["Shuriken"],"max_hp_gain":0,"max_hp_loss":0,"event_name":"Scrap Ooze","floor":5,"gold_loss":0},{"cards_removed":["Strike_G"],"damage_healed":0,"gold_gain":0,"player_choice":"Card Removal","damage_taken":0,"max_hp_gain":0,"max_hp_loss":0,"event_name":"The Cleric","floor":14,"gold_loss":50},{"damage_healed":0,"gold_gain":0,"player_choice":"Paid Gold","damage_taken":0,"relics_obtained":["Ornamental Fan"],"max_hp_gain":0,"max_hp_loss":0,"event_name":"WeMeetAgain","floor":19,"gold_loss":58},{"damage_healed":0,"gold_gain":0,"player_choice":"Stole Relic","damage_taken":0,"relics_obtained":["Blood Vial"],"max_hp_gain":0,"max_hp_loss":0,"event_name":"Addict","floor":22,"gold_loss":0,"cards_obtained":["Shame"]}],"is_beta":false,"boss_relics":[{"not_picked":["Fusion Hammer","Calling Bell","Pandora\u0027s Box"]}],"items_purged_floors":[27],"is_endless":false,"potions_floor_spawned":[2,3,8,12,13,16,21,23],"killed_by":"Slavers","ascension_level":10}