{"gold_per_floor":[119,134,145,162,162,191,191,191,191,191,211,211,143,143,143,241,241,255,355,365,365,255,255,265,265,265,282,295,311,311],"floor_reached":30,"playtime":1097,"items_purged":[],"score":257,"play_id":"8b56d8ff-1097-4c1d-8d85-3db71e761b22","local_time":"20190311160800","is_ascension_mode":false,"campfire_choices":[{"data":"Neutralize","floor":8,"key":"SMITH"},{"data":"Catalyst","floor":10,"key":"SMITH"},{"data":"Footwork","floor":15,"key":"SMITH"},{"floor":23,"key":"REST"},{"data":"Footwork","floor":25,"key":"SMITH"}],"neow_cost":"NONE","seed_source_timestamp":24812148626371,"circlet_count":0,"master_deck":["Defend_G","Defend_G","Defend_G","Defend_G","Defend_G","Strike_G","Strike_G","Strike_G","Strike_G","Survivor","Neutralize+1","Slice","Catalyst+1","Slice","Corpse Explosion","Bane","Footwork+1","Parasite","Footwork+1","Poisoned Stab+1","Deadly Poison+1","Catalyst","Infinite Blades","Blade Dance","Cloak And Dagger"],"relics":["Ring of the Snake","Ancient Tea Set","Bronze Scales","Sundial","Orichalcum","Dead Branch","Lizard Tail","Mango","Paper Crane","The Courier"],"potions_floor_usage":[6,30],"damage_taken":[{"damage":1,"enemies":"Cultist","floor":1,"turns":4},{"damage":0,"enemies":"2 Louse","floor":2,"turns":4},{"damage":1,"enemies":"Jaw Worm","floor":3,"turns":6},{"damage":0,"enemies":"3 Louse","floor":4,"turns":5},{"damage":40,"enemies":"Gremlin Nob","floor":6,"turns":5},{"damage":1,"enemies":"Exordium Wildlife","floor":11,"turns":2},{"damage":19,"enemies":"The Guardian","floor":16,"turns":9},{"damage":7,"enemies":"Shell Parasite","floor":18,"turns":5},{"damage":28,"enemies":"Colosseum Slavers","floor":19,"turns":5},{"damage":12,"enemies":"Colosseum Nobs","floor":19,"turns":3},{"damage":0,"enemies":"Chosen","floor":20,"turns":4},{"damage":2,"enemies":"Snake Plant","floor":24,"turns":3},{"damage":22,"enemies":"Snecko","floor":27,"turns":8},{"damage":21,"enemies":"Shelled Parasite and Fungi","floor":28,"turns":7},{"damage":2,"enemies":"Centurion and Healer","floor":29,"turns":5},{"damage":48,"enemies":"Gremlin Leader","floor":30,"turns":5}],"seed_played":"1698463139023558899","potions_obtained":[{"floor":2,"key":"Regen Potion"},{"floor":16,"key":"Strength Potion"},{"floor":20,"key":"FearPotion"},{"floor":28,"key":"GamblersBrew"},{"floor":29,"key":"Block Potion"}],"is_trial":false,"path_per_floor":["M","M","M","M","?","E","?","R","T","R","M","T","$","?","R","B",null,"M","?","M","?","$","R","M","R","T","M","M","M","E"],"character_chosen":"THE_SILENT","items_purchased":["Footwork","Catalyst","Infinite Blades"],"campfire_rested":1,"item_purchase_floors":[13,22,22],"current_hp_per_floor":[69,69,68,68,56,30,30,30,30,30,29,29,29,46,46,27,70,63,37,37,21,21,47,45,45,45,23,2,44,0],"gold":311,"neow_bonus":"RANDOM_COMMON_RELIC","is_prod":false,"is_daily":false,"chose_seed":false,"campfire_upgraded":4,"win_rate":0,"timestamp":1552338480,"path_taken":["M","?","?","M","?","E","?","R","T","R","?","?","$","?","R","BOSS","M","?","M","?","$","R","M","R","T","M","?","M","E"],"build_version":"2019-01-23","purchased_purges":0,"victory":false,"max_hp_per_floor":[70,70,70,70,70,70,70,70,70,70,70,70,70,70,70,70,70,70,84,84,89,89,89,89,89,89,89,89,89,89],"card_choices":[{"not_picked":["Outmaneuver","Dodge and Roll"],"picked":"Slice","floor":1},{"not_picked":["Deadly Poison","Bane"],"picked":"Catalyst","floor":2},{"not_picked":["Quick Slash","Flechettes","Choke"],"picked":"SKIP","floor":3},{"not_picked":["Eviscerate","Underhanded Strike"],"picked":"Slice","floor":4},{"not_picked":["Prepared","Underhanded Strike"],"picked":"Corpse Explosion","floor":6},{"not_picked":["Cloak And Dagger","Dagger Spray"],"picked":"Bane","floor":11},{"not_picked":["PiercingWail","Dagger Throw+1"],"picked":"Footwork","floor":18},{"not_picked":["Dagger Throw","Dagger Spray"],"picked":"Poisoned Stab+1","floor":19},{"not_picked":["Sucker Punch","Outmaneuver"],"picked":"Deadly Poison+1","floor":20},{"not_picked":["Backflip","Slice+1"],"picked":"Blade Dance","floor":24},{"not_picked":["Malaise","Underhanded Strike","Sucker Punch"],"picked":"SKIP","floor":27},{"not_picked":["Flying Knee","Quick Slash+1"],"picked":"Cloak And Dagger","floor":28},{"not_picked":["Slice","Setup","Underhanded Strike"],"picked":"SKIP","floor":29}],"player_experience":312815,"relics_obtained":[{"floor":6,"key":"Sundial"},{"floor":9,"key":"Orichalcum"},{"floor":12,"key":"Dead Branch"},{"floor":19,"key":"Mango"},{"floor":19,"key":"Paper Crane"},{"floor":26,"key":"The Courier"}],"event_choices":[{"damage_healed":0,"gold_gain":0,"player_choice":"Success","damage_taken":12,"relics_obtained":["Bronze Scales"],"max_hp_gain":0,"max_hp_loss":0,"event_name":"Scrap Ooze","floor":5,"gold_loss":0},{"cards_removed":["Strike_G"],"damage_healed":0,"gold_gain":0,"player_choice":"Purged","damage_taken":0,"max_hp_gain":0,"max_hp_loss":0,"event_name":"Purifier","floor":7,"gold_loss":0},{"damage_healed":17,"gold_gain":0,"player_choice":"Healed and dodged fight","damage_taken":0,"max_hp_gain":0,"max_hp_loss":0,"event_name":"Mushrooms","floor":14,"gold_loss":0,"cards_obtained":["Parasite"]},{"damage_healed":0,"gold_gain":0,"player_choice":"Fight","damage_taken":0,"max_hp_gain":0,"max_hp_loss":0,"event_name":"Colosseum","floor":19,"gold_loss":0},{"damage_healed":0,"gold_gain":0,"player_choice":"Fought Nobs","damage_taken":0,"max_hp_gain":0,"max_hp_loss":0,"event_name":"Colosseum","floor":19,"gold_loss":0},{"damage_healed":0,"gold_gain":0,"player_choice":"Shed Blood","damage_taken":21,"max_hp_gain":5,"max_hp_loss":0,"event_name":"Forgotten Altar","floor":21,"gold_loss":0}],"is_beta":false,"boss_relics":[{"not_picked":["Ectoplasm","Snecko Eye"],"picked":"Lizard Tail"}],"items_purged_floors":[],"is_endless":false,"potions_floor_spawned":[2,16,19,20,28,29],"killed_by":"Gremlin Leader","ascension_level":0}