{"gold_per_floor":[363,383,35,52,52,90,90,103,103,121,121,196,196,212,212,341,341,356,376,392,415,433,433,456,492,492,492,512,548,571,51,51,175,175,193,206,226,240,72,72,110,110,110,124,124,124,149,186,198,210],"floor_reached":50,"playtime":3151,"items_purged":["Strike_B"],"score":703,"play_id":"02a7d989-52c2-4dbd-9469-e06b02aa4ce9","local_time":"20190520190818","is_ascension_mode":true,"campfire_choices":[{"floor":7.0,"key":"REST"},{"data":"Zap","floor":11.0,"key":"SMITH"},{"floor":13.0,"key":"REST"},{"data":"Blizzard","floor":15.0,"key":"SMITH"},{"floor":23.0,"key":"REST"},{"floor":27.0,"key":"REST"},{"floor":32.0,"key":"REST"},{"floor":40,"key":"REST"},{"floor":42,"key":"REST"},{"data":"Apotheosis","floor":45,"key":"SMITH"},{"floor":49,"key":"RECALL"}],"neow_cost":"TEN_PERCENT_HP_LOSS","seed_source_timestamp":99562602144200,"circlet_count":0,"master_deck":["Defend_B","Defend_B","Defend_B","Defend_B","Zap+1","Dualcast","Cold Snap","Cold Snap","Blizzard+1","Coolheaded","Reinforced Body","Ball Lightning","Ball Lightning","Heatsinks","Electrodynamics","Steam Power","Hologram","Compile Driver","Stack+1","Chill+1","Parasite","Hologram+1","Heatsinks+1","Leap","Storm","Apotheosis+1","Machine Learning","Heatsinks+1","Steam Power+1","Tempest+1","Steam+1","Go for the Eyes","Melter","Steam","Panache","Doubt","Defragment","White Noise"],"special_seed":0,"relics":["Cracked Core","Lantern","Golden Idol","Anchor","Mummified Hand","Cursed Key","Shuriken","Bag of Preparation","Meat on the Bone","Astrolabe","Smiling Mask","Emotion Chip","MawBank"],"potions_floor_usage":[33,33,37,38],"damage_taken":[{"damage":0.0,"enemies":"2 Louse","floor":1.0,"turns":2.0},{"damage":7.0,"enemies":"Jaw Worm","floor":2.0,"turns":3.0},{"damage":0.0,"enemies":"Cultist","floor":4.0,"turns":3.0},{"damage":18.0,"enemies":"Lagavulin","floor":6.0,"turns":11.0},{"damage":4.0,"enemies":"Large Slime","floor":8.0,"turns":5.0},{"damage":0.0,"enemies":"Looter","floor":10.0,"turns":2.0},{"damage":2.0,"enemies":"Red Slaver","floor":14.0,"turns":3.0},{"damage":26.0,"enemies":"Slime Boss","floor":16.0,"turns":10.0},{"damage":2.0,"enemies":"2 Thieves","floor":18.0,"turns":2.0},{"damage":0.0,"enemies":"Chosen","floor":19.0,"turns":4.0},{"damage":0.0,"enemies":"3 Cultists","floor":20.0,"turns":4.0},{"damage":25.0,"enemies":"Shelled Parasite and Fungi","floor":21.0,"turns":6.0},{"damage":19.0,"enemies":"Centurion and Healer","floor":22.0,"turns":6.0},{"damage":0.0,"enemies":"Chosen and Byrds","floor":24.0,"turns":3.0},{"damage":22.0,"enemies":"Gremlin Leader","floor":25.0,"turns":7.0},{"damage":0.0,"enemies":"Cultist and Chosen","floor":28.0,"turns":4.0},{"damage":16.0,"enemies":"Slavers","floor":29.0,"turns":3.0},{"damage":12.0,"enemies":"Sentry and Sphere","floor":30.0,"turns":4.0},{"damage":11,"enemies":"Collector","floor":33,"turns":7},{"damage":0,"enemies":"Orb Walker","floor":35,"turns":2},{"damage":0,"enemies":"3 Darklings","floor":36,"turns":3},{"damage":1,"enemies":"Transient","floor":37,"turns":5},{"damage":10,"enemies":"Writhing Mass","floor":38,"turns":5},{"damage":26,"enemies":"Reptomancer","floor":41,"turns":5},{"damage":0,"enemies":"Spire Growth","floor":44,"turns":3},{"damage":0,"enemies":"Sphere and 2 Shapes","floor":47,"turns":2},{"damage":0,"enemies":"4 Shapes","floor":48,"turns":2},{"damage":66,"enemies":"Time Eater","floor":50,"turns":8}],"seed_played":"6650480604802368573","potions_obtained":[{"floor":4.0,"key":"FocusPotion"},{"floor":16.0,"key":"SpeedPotion"},{"floor":18.0,"key":"Strength Potion"},{"floor":20.0,"key":"FearPotion"},{"floor":22.0,"key":"Ancient Potion"},{"floor":24.0,"key":"Dexterity Potion"},{"floor":33,"key":"EssenceOfSteel"},{"floor":35,"key":"LiquidBronze"},{"floor":36,"key":"Fire Potion"},{"floor":41,"key":"Strength Potion"}],"is_trial":false,"path_per_floor":["M","M","$","M","?","E","R","M","T","M","R","?","R","M","R","B",null,"M","M","M","M","M","R","M","E","T","R","M","E","M","$","R","B",null,"M","M","M","M","$","R","E","R","T","M","R","?","M","M","R","B"],"character_chosen":"DEFECT","items_purchased":["Blizzard","Coolheaded","Lantern","Storm","Apotheosis","Meat on the Bone","SkillPotion","Panache"],"campfire_rested":7,"item_purchase_floors":[3,3,3,31,31,31,31,39],"current_hp_per_floor":[68,61,61,61,44,26,46,42,42,42,42,31,51,49,49,23,57,55,55,55,30,11,31,31,9,9,29,29,13,1,1,21,22,57,57,57,56,46,46,66,40,60,60,60,60,60,60,60,60,0],"gold":210,"neow_bonus":"TWO_FIFTY_GOLD","is_prod":false,"is_daily":false,"chose_seed":false,"campfire_upgraded":3,"win_rate":0,"timestamp":1558397298,"path_taken":["M","M","$","M","?","E","R","M","T","M","R","?","R","M","R","BOSS","M","M","M","M","M","R","M","E","T","R","M","E","M","$","R","BOSS","M","M","M","M","$","R","E","R","T","M","R","?","M","?","R","BOSS"],"build_version":"2019-01-23","purchased_purges":1,"victory":false,"max_hp_per_floor":[68,68,68,68,68,68,68,68,68,68,68,68,68,68,68,68,68,68,68,68,68,68,68,68,68,68,68,68,68,68,68,68,68,68,68,68,68,68,68,68,68,68,68,68,68,68,68,68,68,68],"card_choices":[{"not_picked":["Static Discharge","Compile Driver"],"picked":"Cold Snap","floor":1.0},{"not_picked":["Rip and Tear","Redo"],"picked":"Cold Snap","floor":2.0},{"not_picked":["Redo","Blizzard"],"picked":"Reinforced Body","floor":4.0},{"not_picked":["Lockon","Reinforced Body"],"picked":"Ball Lightning","floor":6.0},{"not_picked":["Turbo","Stack"],"picked":"Ball Lightning","floor":8.0},{"not_picked":["Streamline","Beam Cell","Auto Shields"],"picked":"SKIP","floor":10.0},{"not_picked":["Fusion","Tempest"],"picked":"Heatsinks","floor":14.0},{"not_picked":["Meteor Strike","Thunder Strike"],"picked":"Electrodynamics","floor":16.0},{"not_picked":["Blizzard","Hello World","Lockon"],"picked":"SKIP","floor":18.0},{"not_picked":["Ball Lightning","Aggregate"],"picked":"Steam Power","floor":19.0},{"not_picked":["Redo","BootSequence+1"],"picked":"Hologram","floor":20.0},{"not_picked":["Rebound","Hello World"],"picked":"Compile Driver","floor":21.0},{"not_picked":["Recycle","Barrage","Hello World"],"picked":"SKIP","floor":22.0},{"not_picked":["Compile Driver","Gash"],"picked":"Stack+1","floor":24.0},{"not_picked":["Skim","Hello World"],"picked":"Chill+1","floor":25.0},{"not_picked":["Reboot","Turbo"],"picked":"Hologram+1","floor":28.0},{"not_picked":["Ball Lightning","Go for the Eyes"],"picked":"Heatsinks+1","floor":29.0},{"not_picked":["BootSequence","Streamline"],"picked":"Leap","floor":30.0},{"not_picked":["Rainbow","Reboot"],"picked":"Machine Learning","floor":33},{"not_picked":["Melter+1","Recycle"],"picked":"Steam+1","floor":35},{"not_picked":["Coolheaded","Barrage+1"],"picked":"Go for the Eyes","floor":36},{"not_picked":["Heatsinks+1","Coolheaded"],"picked":"Melter","floor":37},{"not_picked":["Meteor Strike","Redo+1"],"picked":"Steam","floor":38},{"not_picked":["Undo+1","Streamline","Coolheaded+1"],"picked":"SKIP","floor":41},{"not_picked":["Scrape","Steam+1"],"picked":"Defragment","floor":44},{"not_picked":["Ball Lightning+1","Steam","FTL"],"picked":"SKIP","floor":47},{"not_picked":["Gash","Stack+1"],"picked":"White Noise","floor":48}],"player_experience":203864,"relics_obtained":[{"floor":6.0,"key":"Anchor"},{"floor":9.0,"key":"Mummified Hand"},{"floor":25.0,"key":"Shuriken"},{"floor":29.0,"key":"Bag of Preparation"},{"floor":41,"key":"Smiling Mask"},{"floor":43,"key":"Emotion Chip"}],"event_choices":[{"damage_healed":0.0,"max_hp_gain":0.0,"max_hp_loss":0.0,"gold_gain":0.0,"event_name":"Golden Idol","player_choice":"Take Damage","floor":5.0,"gold_loss":0.0,"damage_taken":17.0,"relics_obtained":["Golden Idol"]},{"damage_healed":0.0,"max_hp_gain":0.0,"max_hp_loss":0.0,"gold_gain":75.0,"event_name":"World of Goop","player_choice":"Gather Gold","floor":12.0,"gold_loss":0.0,"damage_taken":11.0},{"damage_healed":0,"gold_gain":0,"player_choice":"Gave Potion","damage_taken":0,"relics_obtained":["MawBank"],"max_hp_gain":0,"max_hp_loss":0,"event_name":"WeMeetAgain","floor":46,"gold_loss":0}],"is_beta":false,"boss_relics":[{"not_picked":["FrozenCore","Calling Bell"],"picked":"Cursed Key"},{"not_picked":["Nuclear Battery","Snecko Eye"],"picked":"Astrolabe"}],"items_purged_floors":[3],"is_endless":false,"potions_floor_spawned":[4,16,18,20,22,24,33,35,36,41],"killed_by":"Time Eater","ascension_level":5}