{"gold_per_floor":[110,110,110,129,148,148,167,167,167,167,191,18,18,38,38,131,131,145,70,70,70,60,90,90,102,183,197,197,214,214,231,231,303,303,321,321,344,360,370,370,387,387,410,429,446,194,208,4,4,4],"floor_reached":50,"playtime":5251,"items_purged":["Grand Finale","Endless Agony","Flechettes"],"score":918,"play_id":"cbf8b88c-cc2d-4c90-adeb-9aaea41a91fc","local_time":"20190222185712","is_ascension_mode":true,"campfire_choices":[{"data":"Leg Sweep","floor":6.0,"key":"SMITH"},{"floor":8.0,"key":"REST"},{"data":"Survivor","floor":10.0,"key":"SMITH"},{"floor":15.0,"key":"REST"},{"data":"A Thousand Cuts","floor":24.0,"key":"SMITH"},{"data":"Glass Knife","floor":28,"key":"SMITH"},{"data":"Accuracy","floor":32,"key":"SMITH"},{"data":"After Image","floor":40,"key":"SMITH"},{"data":"Noxious Fumes","floor":42,"key":"SMITH"},{"data":"A Thousand Cuts","floor":49,"key":"SMITH"}],"neow_cost":"NONE","seed_source_timestamp":0,"circlet_count":0,"master_deck":["AscendersBane","Survivor+1","Neutralize","Terror","Leg Sweep+1","Heel Hook","A Thousand Cuts+1","Cloak And Dagger+1","After Image+1","Venomology+1","Glass Knife+1","Accuracy+1","Blur+1","PiercingWail+1","Venomology+1","Acrobatics+1","Backflip+1","Heel Hook","Cloak And Dagger+1","Skewer","Cloak And Dagger+1","Ghostly+1","Ghostly+1","Ghostly+1","After Image","Blur+1","Cloak And Dagger+1","Noxious Fumes+1","Blur+1","Envenom","A Thousand Cuts+1","Well Laid Plans"],"special_seed":0,"relics":["White Beast Statue","Ice Cream","Bloody Idol","Toxic Egg 2","Pandora\u0027s Box","Bird Faced Urn","Ninja Scroll","Potion Belt","Bronze Scales"],"potions_floor_usage":[25,25,27,29,29,31,31,33,33,35,39,39,39,41,41,44,44,45,45,47,47,50,50,50,50],"damage_taken":[{"damage":8.0,"enemies":"2 Louse","floor":1.0,"turns":3.0},{"damage":6.0,"enemies":"Jaw Worm","floor":4.0,"turns":5.0},{"damage":4.0,"enemies":"Small Slimes","floor":5.0,"turns":5.0},{"damage":0.0,"enemies":"Looter","floor":7.0,"turns":4.0},{"damage":11.0,"enemies":"Exordium Thugs","floor":11.0,"turns":8.0},{"damage":21.0,"enemies":"Gremlin Gang","floor":14.0,"turns":6.0},{"damage":36.0,"enemies":"The Guardian","floor":16.0,"turns":12.0},{"damage":16.0,"enemies":"Shell Parasite","floor":18.0,"turns":6.0},{"damage":13.0,"enemies":"2 Thieves","floor":22.0,"turns":4.0},{"damage":28.0,"enemies":"Gremlin Leader","floor":23.0,"turns":7.0},{"damage":10,"enemies":"Cultist and Chosen","floor":25,"turns":6},{"damage":0,"enemies":"Snecko","floor":27,"turns":5},{"damage":11,"enemies":"Sentry and Sphere","floor":29,"turns":6},{"damage":0,"enemies":"Centurion and Healer","floor":31,"turns":6},{"damage":10,"enemies":"Collector","floor":33,"turns":9},{"damage":8,"enemies":"3 Darklings","floor":35,"turns":7},{"damage":20,"enemies":"3 Shapes","floor":38,"turns":5},{"damage":16,"enemies":"Transient","floor":39,"turns":6},{"damage":12,"enemies":"Spire Growth","floor":41,"turns":7},{"damage":7,"enemies":"Sphere and 2 Shapes","floor":44,"turns":8},{"damage":20,"enemies":"Maw","floor":45,"turns":7},{"damage":9,"enemies":"Spire Growth","floor":47,"turns":7},{"damage":59,"enemies":"Time Eater","floor":50,"turns":14}],"seed_played":"8462635264298732810","potions_obtained":[{"floor":1.0,"key":"Strength Potion"},{"floor":4.0,"key":"Block Potion"},{"floor":5.0,"key":"AttackPotion"},{"floor":14.0,"key":"PowerPotion"},{"floor":16.0,"key":"Ancient Potion"},{"floor":27,"key":"Regen Potion"},{"floor":33,"key":"SpeedPotion"},{"floor":35,"key":"PowerPotion"},{"floor":38,"key":"Weak Potion"},{"floor":39,"key":"Swift Potion"},{"floor":41,"key":"FearPotion"}],"is_trial":false,"path_per_floor":["M","?","?","M","M","R","M","R","T","R","M","$","?","M","R","B",null,"M","$","?","?","M","E","R","M","T","M","R","M","?","M","R","B",null,"M","?","T","M","M","R","M","R","T","M","M","$","M","$","R","B"],"character_chosen":"THE_SILENT","items_purchased":["A Thousand Cuts","Envenom","Well Laid Plans"],"campfire_rested":2,"item_purchase_floors":[12,46,48],"current_hp_per_floor":[51,40,40,34,30,30,30,48,48,48,37,37,42,21,40,4,50,34,34,47,47,58,35,35,36,41,54,54,65,32,32,32,29,31,32,32,32,21,18,18,21,21,26,32,21,21,29,29,29,0],"gold":4,"neow_bonus":"BOSS_RELIC","is_prod":false,"is_daily":false,"chose_seed":false,"campfire_upgraded":8,"win_rate":0,"timestamp":1550851032,"path_taken":["M","?","?","M","M","R","M","R","T","R","M","$","?","M","R","BOSS","M","$","?","?","M","E","R","M","T","M","R","M","?","M","R","BOSS","M","?","?","?","M","R","M","R","T","M","M","$","M","$","R","BOSS"],"build_version":"2019-01-23","purchased_purges":3,"victory":false,"max_hp_per_floor":[66,66,60,60,60,60,60,60,60,60,60,60,65,65,65,65,65,65,65,65,65,65,65,65,65,65,65,65,65,32,32,32,32,32,32,32,32,32,32,32,32,32,32,32,32,32,32,32,32,32],"card_choices":[{"not_picked":["Dodge and Roll","Acrobatics","Choke"],"picked":"SKIP","floor":1.0},{"not_picked":["Deadly Poison","Sucker Punch"],"picked":"Terror","floor":4.0},{"not_picked":["Dodge and Roll","Crippling Poison"],"picked":"Leg Sweep","floor":5.0},{"not_picked":["Reflex","Sucker Punch","Acrobatics"],"picked":"SKIP","floor":7.0},{"not_picked":["Acrobatics+1","Prepared+1"],"picked":"Heel Hook","floor":11.0},{"not_picked":["Slice","Backflip+1"],"picked":"Cloak And Dagger+1","floor":14.0},{"not_picked":["Unload","Storm of Steel+1"],"picked":"After Image","floor":16.0},{"not_picked":["Masterful Stab","Underhanded Strike"],"picked":"Endless Agony","floor":18.0},{"not_picked":["Dagger Spray","Riddle With Holes"],"picked":"Backflip+1","floor":22.0},{"not_picked":["Flying Knee","Blade Dance+1"],"picked":"Heel Hook","floor":23.0},{"not_picked":["Blade Dance+1","Bane"],"picked":"Cloak And Dagger+1","floor":25},{"not_picked":["Dagger Throw+1","Grand Finale"],"picked":"Skewer","floor":27},{"not_picked":["Deadly Poison+1","Poisoned Stab"],"picked":"Cloak And Dagger+1","floor":29},{"not_picked":["Bane","Prepared+1","Skewer"],"picked":"SKIP","floor":31},{"not_picked":["Phantasmal Killer+1","Bullet Time+1"],"picked":"After Image","floor":33},{"not_picked":["Bane+1","Dagger Spray","Calculated Gamble+1"],"picked":"SKIP","floor":35},{"not_picked":["Flying Knee","Infinite Blades"],"picked":"Blur+1","floor":38},{"not_picked":["Poisoned Stab+1","PiercingWail+1"],"picked":"Cloak And Dagger+1","floor":39},{"not_picked":["Cloak And Dagger+1","Backstab"],"picked":"Noxious Fumes","floor":41},{"not_picked":["Quick Slash","Blade Dance+1","Bane+1"],"picked":"SKIP","floor":44},{"not_picked":["Prepared+1","Masterful Stab"],"picked":"Blur+1","floor":45},{"not_picked":["Quick Slash+1","Flechettes"],"picked":"A Thousand Cuts","floor":47}],"player_experience":975060,"relics_obtained":[{"floor":9.0,"key":"Toxic Egg 2"},{"floor":23.0,"key":"Bird Faced Urn"},{"floor":26,"key":"Ninja Scroll"},{"floor":37,"key":"Potion Belt"},{"floor":43,"key":"Bronze Scales"}],"event_choices":[{"damage_healed":0.0,"max_hp_gain":0.0,"max_hp_loss":0.0,"gold_gain":0.0,"event_name":"Scrap Ooze","player_choice":"Success","floor":2.0,"gold_loss":0.0,"damage_taken":11.0,"relics_obtained":["Ice Cream"]},{"damage_healed":0.0,"max_hp_gain":0.0,"max_hp_loss":6.0,"gold_gain":0.0,"event_name":"Golden Idol","player_choice":"Lose Max HP","floor":3.0,"gold_loss":0.0,"damage_taken":0.0,"relics_obtained":["Golden Idol"]},{"damage_healed":0.0,"max_hp_gain":5.0,"max_hp_loss":0.0,"gold_gain":0.0,"event_name":"Big Fish","player_choice":"Donut","floor":13.0,"gold_loss":0.0,"damage_taken":0.0},{"damage_healed":13.0,"max_hp_gain":0.0,"max_hp_loss":0.0,"gold_gain":0.0,"event_name":"The Library","player_choice":"Heal","floor":20.0,"gold_loss":0.0,"damage_taken":0.0},{"damage_healed":0.0,"max_hp_gain":0.0,"max_hp_loss":0.0,"gold_gain":0.0,"event_name":"Forgotten Altar","player_choice":"Gave Idol","floor":21.0,"relics_lost":["Golden Idol"],"gold_loss":0.0,"damage_taken":0.0,"relics_obtained":["Bloody Idol"]},{"damage_healed":0,"gold_gain":0,"player_choice":"Became a Ghost","damage_taken":0,"max_hp_gain":0,"max_hp_loss":33,"event_name":"Ghosts","floor":30,"gold_loss":0,"cards_obtained":["Ghostly","Ghostly","Ghostly"]},{"cards_removed":["Slice"],"damage_healed":0,"gold_gain":0,"player_choice":"Removed Attack","damage_taken":0,"max_hp_gain":0,"max_hp_loss":0,"event_name":"Falling","floor":36,"gold_loss":0}],"is_beta":false,"boss_relics":[{"not_picked":["Cursed Key","Tiny House"],"picked":"Pandora\u0027s Box"},{"not_picked":["Runic Dome","Calling Bell","HoveringKite"]}],"items_purged_floors":[19,46,48],"is_endless":false,"potions_floor_spawned":[1,4,5,7,11,14,16,18,22,23,25,27,29,31,33,35,38,39,41,44,45,47],"killed_by":"Time Eater","ascension_level":19}