{"gold_per_floor":[112,112,126,126,146,146,181,181,181,356,356,3,14,47,47,47],"floor_reached":16,"playtime":479,"items_purged":["Regret"],"score":157,"play_id":"ee6660cd-166f-4ad9-835f-3d9765e901a2","local_time":"20190420103728","is_ascension_mode":true,"campfire_choices":[{"data":"Venomology","floor":6,"key":"SMITH"},{"data":"Neutralize","floor":8,"key":"SMITH"},{"floor":11,"key":"REST"},{"floor":15,"key":"REST"}],"neow_cost":"TEN_PERCENT_HP_LOSS","seed_source_timestamp":139007471853871,"circlet_count":0,"master_deck":["Defend_G","Defend_G","Defend_G","Defend_G","Defend_G","Strike_G","Strike_G","Strike_G","Strike_G","Strike_G","Survivor","Neutralize+1","Venomology+1","Heel Hook","Backstab","Backflip","Escape Plan","Doubt","Escape Plan","Masterful Stab"],"relics":["Ring of the Snake","Frozen Egg 2","Smiling Mask","Letter Opener","Pen Nib","Dead Branch","WingedGreaves"],"potions_floor_usage":[1,3,7,7,14,14,16,16],"damage_taken":[{"damage":0,"enemies":"Cultist","floor":1,"turns":4},{"damage":4,"enemies":"2 Louse","floor":3,"turns":4},{"damage":9,"enemies":"Small Slimes","floor":5,"turns":4},{"damage":19,"enemies":"Gremlin Nob","floor":7,"turns":4},{"damage":0,"enemies":"2 Fungi Beasts","floor":13,"turns":3},{"damage":21,"enemies":"Lagavulin","floor":14,"turns":4},{"damage":61,"enemies":"Slime Boss","floor":16,"turns":10}],"seed_played":"8348375873847846304","potions_obtained":[{"floor":1,"key":"PowerPotion"},{"floor":13,"key":"Regen Potion"},{"floor":14,"key":"FearPotion"}],"is_trial":false,"path_per_floor":["M","?","M","?","M","R","E","R","T","?","R","$","M","E","R","B"],"character_chosen":"THE_SILENT","items_purchased":["Dead Branch"],"campfire_rested":2,"item_purchase_floors":[12],"current_hp_per_floor":[63,63,59,52,43,43,24,24,24,24,42,42,42,21,39,0],"gold":47,"neow_bonus":"THREE_RARE_CARDS","is_prod":false,"is_daily":false,"chose_seed":false,"campfire_upgraded":2,"win_rate":0,"timestamp":1555774648,"path_taken":["M","?","M","?","M","R","E","R","T","?","R","$","M","E","R","BOSS"],"build_version":"2019-01-23","purchased_purges":1,"victory":false,"max_hp_per_floor":[63,63,63,63,63,63,63,63,63,63,63,63,63,63,63,63],"card_choices":[{"not_picked":["After Image","Night Terror"],"picked":"Venomology","floor":0},{"not_picked":["Expertise","Slice"],"picked":"Heel Hook","floor":1},{"not_picked":["Dagger Throw","Underhanded Strike"],"picked":"Backstab","floor":3},{"not_picked":["Poisoned Stab","Prepared"],"picked":"Backflip","floor":5},{"not_picked":["Backflip","Skewer"],"picked":"Escape Plan","floor":7},{"not_picked":["Dagger Throw","Deflect"],"picked":"Escape Plan","floor":13},{"not_picked":["Finisher","Expertise"],"picked":"Masterful Stab","floor":14}],"player_experience":461822,"relics_obtained":[{"floor":7,"key":"Letter Opener"},{"floor":9,"key":"Pen Nib"},{"floor":14,"key":"WingedGreaves"}],"event_choices":[{"damage_healed":0,"gold_gain":0,"player_choice":"Box","damage_taken":0,"relics_obtained":["Frozen Egg 2"],"max_hp_gain":0,"max_hp_loss":0,"event_name":"Big Fish","floor":2,"gold_loss":0,"cards_obtained":["Regret"]},{"damage_healed":0,"gold_gain":0,"player_choice":"Success","damage_taken":7,"relics_obtained":["Smiling Mask"],"max_hp_gain":0,"max_hp_loss":0,"event_name":"Scrap Ooze","floor":4,"gold_loss":0},{"damage_healed":0,"gold_gain":175,"player_choice":"AGREE","damage_taken":0,"max_hp_gain":0,"max_hp_loss":0,"event_name":"Liars Game","floor":10,"gold_loss":0,"cards_obtained":["Doubt"]}],"is_beta":false,"boss_relics":[],"items_purged_floors":[12],"is_endless":false,"potions_floor_spawned":[1,13,14],"killed_by":"Slime Boss","ascension_level":9}