{"gold_per_floor":[113,124,124,124,200,200,9,9,9,22,34,34,34,69,69,169,169,182,196,60,72,72,101,101,121,166,192,210,244,260,278,278,278],"floor_reached":33,"playtime":1968,"items_purged":[],"score":332,"play_id":"bc0c1a8f-2f0b-4ed1-8fa5-558e7dda219c","local_time":"20190330172749","is_ascension_mode":false,"campfire_choices":[{"data":"Neutralize","floor":6,"key":"SMITH"},{"data":"After Image","floor":8,"key":"SMITH"},{"data":"Well Laid Plans","floor":15,"key":"SMITH"},{"data":"Noxious Fumes","floor":24,"key":"SMITH"},{"floor":32,"key":"REST"}],"neow_cost":"CURSE","seed_source_timestamp":170871195801560,"circlet_count":0,"master_deck":["Defend_G","Defend_G","Defend_G","Defend_G","Defend_G","Strike_G","Strike_G","Strike_G","Strike_G","Strike_G","Survivor","Neutralize+1","After Image+1","Poisoned Stab","Backstab","Escape Plan","PiercingWail","Well Laid Plans+1","Night Terror","Burst","Bane","Deadly Poison","Eviscerate","Sucker Punch","Dodge and Roll+1","Noxious Fumes+1","Terror","Deadly Poison","Deflect+1","Prepared","Catalyst+1"],"relics":["Ring of the Snake","Pear","Membership Card","Centennial Puzzle","Singing Bowl","Orrery","TwistedFunnel","Bag of Marbles","Blood Vial","Dodecahedron","Molten Egg 2"],"potions_floor_usage":[18,19,23,23,23,23,27,27,29,33,33,33,33],"damage_taken":[{"damage":3,"enemies":"Cultist","floor":1,"turns":6},{"damage":10,"enemies":"Small Slimes","floor":2,"turns":5},{"damage":4,"enemies":"2 Louse","floor":10,"turns":2},{"damage":0,"enemies":"Exordium Wildlife","floor":11,"turns":2},{"damage":5,"enemies":"3 Sentries","floor":14,"turns":13},{"damage":15,"enemies":"The Guardian","floor":16,"turns":19},{"damage":0,"enemies":"Chosen","floor":18,"turns":6},{"damage":23,"enemies":"3 Byrds","floor":19,"turns":8},{"damage":4,"enemies":"Centurion and Healer","floor":21,"turns":10},{"damage":15,"enemies":"Book of Stabbing","floor":23,"turns":5},{"damage":13,"enemies":"Snake Plant","floor":25,"turns":4},{"damage":4,"enemies":"Gremlin Leader","floor":27,"turns":6},{"damage":10,"enemies":"Snecko","floor":28,"turns":5},{"damage":11,"enemies":"Book of Stabbing","floor":29,"turns":7},{"damage":15,"enemies":"Centurion and Healer","floor":30,"turns":7},{"damage":1,"enemies":"3 Cultists","floor":31,"turns":6},{"damage":53,"enemies":"Automaton","floor":33,"turns":8}],"seed_played":"-4558706774678959346","potions_obtained":[{"floor":14,"key":"Fire Potion"},{"floor":16,"key":"SkillPotion"},{"floor":18,"key":"Swift Potion"},{"floor":22,"key":"EntropicBrew"},{"floor":22,"key":"SkillPotion"},{"floor":23,"key":"Explosive Potion"},{"floor":25,"key":"LiquidBronze"},{"floor":31,"key":"EntropicBrew"}],"is_trial":false,"path_per_floor":["M","M","?","?","?","R","$","R","T","M","M","?","$","E","R","B",null,"M","M","$","M","?","E","R","M","T","E","M","E","M","M","R","B"],"character_chosen":"THE_SILENT","items_purchased":["Membership Card","TwistedFunnel","Noxious Fumes"],"campfire_rested":1,"item_purchase_floors":[7,20,20],"current_hp_per_floor":[67,57,60,65,65,65,65,65,65,61,61,61,61,56,56,41,87,87,64,64,60,60,45,45,32,32,32,24,17,6,7,34,0],"gold":278,"neow_bonus":"THREE_RARE_CARDS","is_prod":false,"is_daily":false,"chose_seed":false,"campfire_upgraded":4,"win_rate":0,"timestamp":1553984869,"path_taken":["M","?","?","?","?","R","$","R","T","?","M","?","?","E","R","BOSS","M","?","$","M","?","E","R","M","T","E","M","E","?","M","R","BOSS"],"build_version":"2019-01-23","purchased_purges":0,"victory":false,"max_hp_per_floor":[70,70,80,85,85,85,85,85,85,85,85,85,85,85,85,85,87,87,87,87,87,87,87,87,87,87,89,89,91,93,93,93,93],"card_choices":[{"not_picked":["A Thousand Cuts","Burst"],"picked":"After Image","floor":0},{"not_picked":["PiercingWail","Underhanded Strike"],"picked":"Poisoned Stab","floor":1},{"not_picked":["Blade Dance","Slice"],"picked":"Backstab","floor":2},{"not_picked":["Expertise","Tactician"],"picked":"Escape Plan","floor":10},{"not_picked":["Prepared","Backflip"],"picked":"PiercingWail","floor":11},{"not_picked":["Blade Dance","Malaise"],"picked":"Well Laid Plans","floor":14},{"not_picked":["Doppelganger","Venomology"],"picked":"Night Terror","floor":16},{"not_picked":["All Out Attack","Prepared"],"picked":"Burst","floor":17},{"not_picked":["Sucker Punch","Endless Agony"],"picked":"Bane","floor":17},{"not_picked":["Quick Slash","PiercingWail"],"picked":"Deadly Poison","floor":17},{"not_picked":["Dagger Spray","Blade Dance"],"picked":"Eviscerate","floor":17},{"not_picked":["Endless Agony","Blade Dance","Setup"],"picked":"Singing Bowl","floor":17},{"not_picked":["Slice","Bane"],"picked":"Sucker Punch","floor":18},{"not_picked":["PiercingWail","Bane+1"],"picked":"Dodge and Roll+1","floor":19},{"not_picked":["Well Laid Plans","Bane"],"picked":"Terror","floor":21},{"not_picked":["Doppelganger","Underhanded Strike"],"picked":"Deadly Poison","floor":23},{"not_picked":["Distraction","Sucker Punch"],"picked":"Deflect+1","floor":25},{"not_picked":["Doppelganger","Masterful Stab","Infinite Blades"],"picked":"Singing Bowl","floor":27},{"not_picked":["Setup","Blade Dance"],"picked":"Prepared","floor":28},{"not_picked":["Terror","Dagger Spray","PiercingWail"],"picked":"Singing Bowl","floor":29},{"not_picked":["Backflip","Slice+1","Flechettes+1"],"picked":"Singing Bowl","floor":30},{"not_picked":["Setup","Distraction+1"],"picked":"Catalyst+1","floor":31}],"player_experience":342568,"relics_obtained":[{"floor":9,"key":"Centennial Puzzle"},{"floor":14,"key":"Singing Bowl"},{"floor":23,"key":"Bag of Marbles"},{"floor":26,"key":"Blood Vial"},{"floor":27,"key":"Dodecahedron"},{"floor":29,"key":"Molten Egg 2"}],"event_choices":[{"damage_healed":0,"gold_gain":0,"player_choice":"Success","damage_taken":7,"relics_obtained":["Pear"],"max_hp_gain":0,"max_hp_loss":0,"event_name":"Scrap Ooze","floor":3,"gold_loss":0},{"damage_healed":0,"gold_gain":0,"player_choice":"Donut","damage_taken":0,"max_hp_gain":5,"max_hp_loss":0,"event_name":"Big Fish","floor":4,"gold_loss":0},{"damage_healed":0,"gold_gain":76,"player_choice":"Gained Gold","damage_taken":0,"max_hp_gain":0,"max_hp_loss":0,"event_name":"Golden Wing","floor":5,"gold_loss":0},{"cards_removed":["Pain"],"damage_healed":0,"gold_gain":0,"player_choice":"Forget","damage_taken":0,"max_hp_gain":0,"max_hp_loss":0,"event_name":"Living Wall","floor":12,"gold_loss":0},{"damage_healed":0,"gold_gain":0,"player_choice":"Got Potions","damage_taken":0,"max_hp_gain":0,"max_hp_loss":0,"event_name":"Lab","floor":22,"gold_loss":0}],"is_beta":false,"boss_relics":[{"not_picked":["Busted Crown","Velvet Choker"],"picked":"Orrery"}],"items_purged_floors":[],"is_endless":false,"potions_floor_spawned":[14,16,18,23,25,31],"killed_by":"Automaton","ascension_level":0}