{"gold_per_floor":[114,133,61,11,23,23,58,58,58,91,91,119,119,142,142,142],"floor_reached":16,"playtime":630,"items_purged":[],"score":124,"play_id":"38e4baeb-0f22-4588-8bea-63e27967a877","local_time":"20190501190039","is_ascension_mode":true,"campfire_choices":[{"data":"Bludgeon","floor":6,"key":"SMITH"},{"data":"Bash","floor":8,"key":"SMITH"},{"data":"Inflame","floor":11,"key":"SMITH"},{"data":"Flex","floor":15,"key":"SMITH"}],"neow_cost":"NONE","seed_source_timestamp":1141150321464000,"circlet_count":0,"master_deck":["Strike_R","Strike_R","Strike_R","Strike_R","Strike_R","Defend_R","Defend_R","Defend_R","Bash+1","Inflame+1","Flex+1","Bludgeon+1","Ghostly Armor","Flex","Ghostly Armor","Rage","Iron Wave"],"relics":["Burning Blood","Potion Belt","Kunai","Question Card","Vajra","Mercury Hourglass","Golden Idol"],"potions_floor_usage":[12,14,16],"damage_taken":[{"damage":1,"enemies":"Cultist","floor":1,"turns":3},{"damage":4,"enemies":"Jaw Worm","floor":2,"turns":5},{"damage":3,"enemies":"Small Slimes","floor":5,"turns":2},{"damage":22,"enemies":"3 Sentries","floor":7,"turns":8},{"damage":26,"enemies":"Lagavulin","floor":10,"turns":6},{"damage":8,"enemies":"Gremlin Nob","floor":12,"turns":3},{"damage":6,"enemies":"Exordium Wildlife","floor":14,"turns":2},{"damage":38,"enemies":"The Guardian","floor":16,"turns":8}],"seed_played":"-7172486207589284488","potions_obtained":[{"floor":5,"key":"Poison Potion"},{"floor":7,"key":"BloodPotion"},{"floor":14,"key":"BloodPotion"}],"is_trial":false,"path_per_floor":["M","M","$","?","M","R","E","R","T","E","R","E","?","M","R","B"],"character_chosen":"IRONCLAD","items_purchased":["Bludgeon"],"campfire_rested":0,"item_purchase_floors":[3],"current_hp_per_floor":[80,80,80,80,80,80,64,64,64,44,44,42,22,30,30,0],"gold":142,"neow_bonus":"RANDOM_COMMON_RELIC","is_prod":false,"is_daily":false,"chose_seed":false,"campfire_upgraded":4,"win_rate":0,"timestamp":1556755239,"path_taken":["M","?","$","?","M","R","E","R","T","E","R","E","?","M","R","BOSS"],"build_version":"2019-01-23","purchased_purges":0,"victory":false,"max_hp_per_floor":[80,80,80,80,80,80,80,80,80,80,80,80,80,80,80,80],"card_choices":[{"not_picked":["Twin Strike","Rupture"],"picked":"Inflame","floor":1},{"not_picked":["Iron Wave","Armaments"],"picked":"Flex","floor":2},{"not_picked":["Evolve","Havoc"],"picked":"Ghostly Armor","floor":5},{"not_picked":["True Grit","Body Slam"],"picked":"Flex","floor":7},{"not_picked":["Body Slam","Infernal Blade","Dual Wield"],"picked":"Ghostly Armor","floor":10},{"not_picked":["Twin Strike","Sword Boomerang","Combust"],"picked":"Rage","floor":12},{"not_picked":["Twin Strike","Sword Boomerang","Rupture"],"picked":"Iron Wave","floor":14}],"player_experience":87413,"relics_obtained":[{"floor":7,"key":"Kunai"},{"floor":9,"key":"Question Card"},{"floor":10,"key":"Vajra"},{"floor":12,"key":"Mercury Hourglass"}],"event_choices":[{"cards_removed":["Defend_R"],"damage_healed":0,"gold_gain":0,"player_choice":"Card Removal","damage_taken":0,"max_hp_gain":0,"max_hp_loss":0,"event_name":"The Cleric","floor":4,"gold_loss":50},{"damage_healed":0,"gold_gain":0,"player_choice":"Take Damage","damage_taken":20,"relics_obtained":["Golden Idol"],"max_hp_gain":0,"max_hp_loss":0,"event_name":"Golden Idol","floor":13,"gold_loss":0}],"is_beta":false,"boss_relics":[],"items_purged_floors":[],"is_endless":false,"potions_floor_spawned":[5,7,14],"killed_by":"The Guardian","ascension_level":1}