{"gold_per_floor":[114,133,152,31,50,50,66,66,117,136,148,148,180,77,77,172,172,192,267,284,35,54,54,54],"floor_reached":24,"playtime":1028,"items_purged":["Strike_B","Strike_B"],"score":220,"play_id":"27de97d3-52e2-466a-b4cb-1b0452c35449","local_time":"20190508204933","is_ascension_mode":true,"campfire_choices":[{"data":"Zap","floor":6,"key":"SMITH"},{"data":"Go for the Eyes","floor":8,"key":"SMITH"},{"data":"Go for the Eyes","floor":12,"key":"SMITH"},{"data":"Machine Learning","floor":15,"key":"SMITH"},{"data":"Biased Cognition","floor":23,"key":"SMITH"}],"neow_cost":"NONE","seed_source_timestamp":1752205660021400,"circlet_count":0,"master_deck":["Strike_B+1","Strike_B","Defend_B","Defend_B","Defend_B","Defend_B","Zap+1","Dualcast","Go for the Eyes+1","Conserve Battery","Cold Snap","Compile Driver+1","Go for the Eyes+1","Loop","Scrape","Machine Learning+1","Steam","Ball Lightning","Biased Cognition+1","Leap","Redo","Chill","Steam","Hologram","Scrape","Turbo"],"relics":["Cracked Core","NeowsBlessing","Happy Flower","Letter Opener","Orrery","Whetstone"],"potions_floor_usage":[13],"damage_taken":[{"damage":0,"enemies":"Cultist","floor":1,"turns":1},{"damage":0,"enemies":"Jaw Worm","floor":2,"turns":1},{"damage":0,"enemies":"2 Louse","floor":3,"turns":1},{"damage":0,"enemies":"2 Fungi Beasts","floor":5,"turns":4},{"damage":1,"enemies":"Blue Slaver","floor":7,"turns":3},{"damage":0,"enemies":"Looter","floor":10,"turns":3},{"damage":2,"enemies":"Exordium Thugs","floor":11,"turns":4},{"damage":5,"enemies":"Lagavulin","floor":13,"turns":5},{"damage":5,"enemies":"The Guardian","floor":16,"turns":10},{"damage":0,"enemies":"Shell Parasite","floor":18,"turns":6},{"damage":7,"enemies":"Spheric Guardian","floor":20,"turns":4},{"damage":3,"enemies":"Centurion and Healer","floor":22,"turns":8},{"damage":61,"enemies":"Gremlin Leader","floor":24,"turns":8}],"seed_played":"6304999545642984045","potions_obtained":[{"floor":1,"key":"Poison Potion"},{"floor":10,"key":"Regen Potion"},{"floor":13,"key":"Dexterity Potion"},{"floor":18,"key":"Dexterity Potion"},{"floor":20,"key":"SmokeBomb"}],"is_trial":false,"path_per_floor":["M","M","M","$","M","R","M","R","T","M","M","R","E","$","R","B",null,"M","?","M","$","M","R","E"],"character_chosen":"DEFECT","items_purchased":["Compile Driver","Steam","Ball Lightning","Whetstone"],"campfire_rested":0,"item_purchase_floors":[4,14,14,21],"current_hp_per_floor":[75,75,75,75,75,75,74,74,74,74,72,72,67,67,67,62,75,75,68,61,61,58,58,0],"gold":54,"neow_bonus":"THREE_ENEMY_KILL","is_prod":false,"is_daily":false,"chose_seed":false,"campfire_upgraded":5,"win_rate":0,"timestamp":1557366573,"path_taken":["M","M","M","?","?","R","M","R","T","M","M","R","E","$","R","BOSS","M","?","?","$","M","R","E"],"build_version":"2019-01-23","purchased_purges":2,"victory":false,"max_hp_per_floor":[75,75,75,75,75,75,75,75,75,75,75,75,75,75,75,75,75,75,75,75,75,75,75,75],"card_choices":[{"not_picked":["Streamline","Hologram"],"picked":"Go for the Eyes","floor":1},{"not_picked":["Rebound","Streamline"],"picked":"Conserve Battery","floor":2},{"not_picked":["Sweeping Beam","Coolheaded"],"picked":"Cold Snap","floor":3},{"not_picked":["Fusion","Cold Snap"],"picked":"Go for the Eyes","floor":5},{"not_picked":["Turbo","Tempest","Beam Cell"],"picked":"SKIP","floor":7},{"not_picked":["Cold Snap","Storm"],"picked":"Loop","floor":10},{"not_picked":["Go for the Eyes","Streamline"],"picked":"Scrape","floor":11},{"not_picked":["Beam Cell","Core Surge"],"picked":"Machine Learning","floor":13},{"not_picked":["Echo Form","Meteor Strike"],"picked":"Biased Cognition","floor":16},{"not_picked":["Hologram","Auto Shields"],"picked":"Leap","floor":17},{"not_picked":["Double Energy","Barrage"],"picked":"Redo","floor":17},{"not_picked":["Coolheaded","Melter"],"picked":"Chill","floor":17},{"not_picked":["Sunder","Sweeping Beam"],"picked":"Steam","floor":17},{"not_picked":["Sweeping Beam","Conserve Battery"],"picked":"Hologram","floor":17},{"not_picked":["Leap","Ball Lightning+1"],"picked":"Scrape","floor":18},{"not_picked":["FTL","Storm"],"picked":"Turbo","floor":20},{"not_picked":["Leap","Barrage","Amplify"],"picked":"SKIP","floor":22}],"player_experience":156125,"relics_obtained":[{"floor":9,"key":"Happy Flower"},{"floor":13,"key":"Letter Opener"}],"event_choices":[{"damage_healed":0,"gold_gain":75,"player_choice":"Touch","damage_taken":7,"max_hp_gain":0,"max_hp_loss":0,"event_name":"FaceTrader","floor":19,"gold_loss":0}],"is_beta":false,"boss_relics":[{"not_picked":["Ectoplasm","Philosopher\u0027s Stone"],"picked":"Orrery"}],"items_purged_floors":[4,21],"is_endless":false,"potions_floor_spawned":[1,10,13,18,20,22],"killed_by":"Gremlin Leader","ascension_level":2}