{"gold_per_floor":[113,113,113,113,113,145,145,145,145,178,194,194,194,225,225,297,297,315,327,337,256,274,274,307,325,325,343,357,357,357,374,374,449,449,469,488,504,515,61,61,78,95,95,95,95,115,128,12,12,12],"floor_reached":50,"playtime":1955,"items_purged":["Strike_B"],"score":1247,"play_id":"e2a4636e-49e5-4faf-9cc7-d3c614f9166a","local_time":"20190530033213","is_ascension_mode":true,"campfire_choices":[{"floor":8.0,"key":"REST"},{"floor":13.0,"key":"REST"},{"data":"Buffer","floor":15.0,"key":"SMITH"},{"data":"Defragment","floor":23.0,"key":"SMITH"},{"floor":30.0,"key":"REST"},{"data":"Buffer","floor":32.0,"key":"SMITH"},{"floor":40.0,"key":"REST"},{"floor":44.0,"key":"REST"},{"floor":49.0,"key":"RECALL"}],"neow_cost":"NONE","seed_source_timestamp":0,"circlet_count":0,"master_deck":["AscendersBane","Strike_B","Strike_B","Defend_B","Defend_B","Defend_B","Defend_B","Zap","Dualcast","White Noise","Electrodynamics","Ball Lightning","Buffer+1","Buffer","Buffer+1","BootSequence","Ball Lightning+1","Loop","Defragment+1","Buffer","Loop","Cold Snap","Buffer","Apotheosis","Parasite","Thunder Strike","Chill"],"special_seed":0,"relics":["Cracked Core","NeowsBlessing","Bronze Scales","Mummified Hand","DataDisk","Pantograph","Sozu","Centennial Puzzle","Cables","Fusion Hammer","Bottled Lightning","Mango","Blue Candle"],"potions_floor_usage":[],"damage_taken":[{"damage":0.0,"enemies":"Jaw Worm","floor":1.0,"turns":1.0},{"damage":0.0,"enemies":"Gremlin Nob","floor":6.0,"turns":1.0},{"damage":0.0,"enemies":"Lagavulin","floor":10.0,"turns":1.0},{"damage":6.0,"enemies":"2 Louse","floor":11.0,"turns":2.0},{"damage":0.0,"enemies":"3 Sentries","floor":14.0,"turns":3.0},{"damage":0.0,"enemies":"Slime Boss","floor":16.0,"turns":6.0},{"damage":0.0,"enemies":"Chosen","floor":18.0,"turns":5.0},{"damage":18.0,"enemies":"2 Thieves","floor":19.0,"turns":4.0},{"damage":0.0,"enemies":"Centurion and Healer","floor":20.0,"turns":4.0},{"damage":0.0,"enemies":"Chosen and Byrds","floor":22.0,"turns":5.0},{"damage":26.0,"enemies":"Slavers","floor":24.0,"turns":4.0},{"damage":0.0,"enemies":"Snecko","floor":25.0,"turns":4.0},{"damage":0.0,"enemies":"3 Cultists","floor":27.0,"turns":2.0},{"damage":11.0,"enemies":"Shelled Parasite and Fungi","floor":28.0,"turns":4.0},{"damage":7.0,"enemies":"Colosseum Slavers","floor":29.0,"turns":3.0},{"damage":0.0,"enemies":"Snecko","floor":31.0,"turns":3.0},{"damage":12.0,"enemies":"Automaton","floor":33.0,"turns":8.0},{"damage":0.0,"enemies":"3 Shapes","floor":35.0,"turns":3.0},{"damage":22.0,"enemies":"3 Darklings","floor":36.0,"turns":4.0},{"damage":0.0,"enemies":"Spire Growth","floor":37.0,"turns":5.0},{"damage":0.0,"enemies":"4 Shapes","floor":38.0,"turns":5.0},{"damage":0.0,"enemies":"Writhing Mass","floor":41.0,"turns":4.0},{"damage":0.0,"enemies":"Sphere and 2 Shapes","floor":42.0,"turns":3.0},{"damage":0.0,"enemies":"4 Shapes","floor":46.0,"turns":3.0},{"damage":0.0,"enemies":"Spire Growth","floor":47.0,"turns":5.0},{"damage":92,"enemies":"Awakened One","floor":50,"turns":5}],"seed_played":"-3148537559398164606","potions_obtained":[{"floor":1.0,"key":"SpeedPotion"},{"floor":11.0,"key":"SneckoOil"}],"is_trial":false,"path_per_floor":["M","?","$","?","$","E","$","R","T","E","M","?","R","E","R","B",null,"M","M","M","$","M","R","E","M","T","M","M","?","R","M","R","B",null,"M","M","M","M","$","R","M","M","T","R","?","M","M","$","R","B"],"character_chosen":"DEFECT","items_purchased":["Loop","Apotheosis","Bottled Lightning","Chill"],"campfire_rested":5,"item_purchase_floors":[21,39,39,48],"current_hp_per_floor":[64,38,38,31,31,31,31,52,52,52,46,46,67,67,67,71,71,71,53,53,53,53,53,27,27,27,27,16,9,30,30,30,43,64,64,42,42,42,42,63,63,63,77,85,85,85,85,85,85,0],"gold":12,"neow_bonus":"THREE_ENEMY_KILL","is_prod":false,"is_daily":false,"chose_seed":false,"campfire_upgraded":3,"win_rate":0,"timestamp":1559176333,"path_taken":["M","?","$","?","?","E","$","R","T","E","M","?","R","E","R","BOSS","M","M","?","?","?","R","E","M","T","?","?","?","R","M","R","BOSS","M","M","M","M","$","R","M","M","T","R","?","M","?","$","R","BOSS"],"build_version":"2019-01-23","purchased_purges":1,"victory":false,"max_hp_per_floor":[71,71,71,71,71,71,71,71,71,71,71,71,71,71,71,71,71,71,71,71,71,71,71,71,71,71,71,71,71,71,71,71,71,71,71,71,71,71,71,71,71,71,85,85,85,85,85,85,85,85],"card_choices":[{"not_picked":["Redo","Go for the Eyes"],"picked":"White Noise","floor":1.0},{"not_picked":["Go for the Eyes","Turbo","Gash"],"picked":"SKIP","floor":6.0},{"not_picked":["Beam Cell","Redo"],"picked":"Electrodynamics","floor":10.0},{"not_picked":["Static Discharge","Steam"],"picked":"Ball Lightning","floor":11.0},{"not_picked":["Beam Cell","Blizzard"],"picked":"Buffer","floor":14.0},{"not_picked":["Reboot","Meteor Strike"],"picked":"Buffer","floor":16.0},{"not_picked":["Go for the Eyes","Coolheaded"],"picked":"BootSequence","floor":18.0},{"not_picked":["Rebound","Leap"],"picked":"Ball Lightning+1","floor":19.0},{"not_picked":["Reinforced Body","Leap","Gash"],"picked":"SKIP","floor":20.0},{"not_picked":["Undo","Darkness"],"picked":"Defragment","floor":22.0},{"not_picked":["Scrape","Doom and Gloom"],"picked":"Buffer","floor":24.0},{"not_picked":["Steam","Streamline"],"picked":"Loop","floor":25.0},{"not_picked":["Turbo","BootSequence","Sweeping Beam"],"picked":"SKIP","floor":27.0},{"not_picked":["Barrage","Aggregate","Sweeping Beam"],"picked":"SKIP","floor":28.0},{"not_picked":["Rainbow","Steam+1"],"picked":"Cold Snap","floor":31.0},{"not_picked":["Seek","Reboot"],"picked":"Buffer","floor":33.0},{"not_picked":["Tempest","Static Discharge","Barrage+1"],"picked":"SKIP","floor":35.0},{"not_picked":["Steam+1","Redo+1","BootSequence+1"],"picked":"SKIP","floor":36.0},{"not_picked":["Redo","Turbo","Go for the Eyes"],"picked":"SKIP","floor":37.0},{"not_picked":["Gash+1","Compile Driver","Cold Snap"],"picked":"SKIP","floor":38.0},{"not_picked":["Cold Snap","Streamline","Ball Lightning"],"picked":"SKIP","floor":41.0},{"not_picked":["Gash","Rebound","Leap"],"picked":"SKIP","floor":42.0},{"not_picked":["Stack","Gash"],"picked":"Thunder Strike","floor":46.0},{"not_picked":["Streamline","Barrage","Force Field"],"picked":"SKIP","floor":47.0}],"player_experience":1137089,"relics_obtained":[{"floor":6.0,"key":"Mummified Hand"},{"floor":10.0,"key":"DataDisk"},{"floor":14.0,"key":"Pantograph"},{"floor":24.0,"key":"Centennial Puzzle"},{"floor":26.0,"key":"Cables"},{"floor":43.0,"key":"Mango"}],"event_choices":[{"damage_healed":0.0,"max_hp_gain":0.0,"max_hp_loss":0.0,"gold_gain":0.0,"event_name":"Scrap Ooze","player_choice":"Success","floor":2.0,"gold_loss":0.0,"damage_taken":26.0,"relics_obtained":["Bronze Scales"]},{"cards_removed":["Strike_B"],"damage_healed":0.0,"max_hp_gain":0.0,"max_hp_loss":0.0,"gold_gain":0.0,"event_name":"Golden Wing","player_choice":"Card Removal","floor":4.0,"gold_loss":0.0,"damage_taken":7.0},{"damage_healed":0.0,"max_hp_gain":0.0,"max_hp_loss":0.0,"gold_gain":0.0,"event_name":"Match and Keep!","player_choice":"1 cards matched","floor":12.0,"gold_loss":0.0,"damage_taken":0.0,"cards_obtained":["Buffer"]},{"damage_healed":0.0,"max_hp_gain":0.0,"max_hp_loss":0.0,"gold_gain":0.0,"event_name":"Colosseum","player_choice":"Fight","floor":29.0,"gold_loss":0.0,"damage_taken":0.0},{"damage_healed":0.0,"max_hp_gain":0.0,"max_hp_loss":0.0,"gold_gain":0.0,"event_name":"Colosseum","player_choice":"Fled From Nobs","floor":29.0,"gold_loss":0.0,"damage_taken":0.0},{"damage_healed":0.0,"max_hp_gain":0.0,"max_hp_loss":0.0,"gold_gain":0.0,"event_name":"WeMeetAgain","player_choice":"Gave Potion","floor":45.0,"gold_loss":0.0,"damage_taken":0.0,"relics_obtained":["Blue Candle"]}],"is_beta":false,"boss_relics":[{"not_picked":["Eternal Feather","White Beast Statue"],"picked":"Sozu"},{"not_picked":["Runic Pyramid","Calling Bell"],"picked":"Fusion Hammer"}],"items_purged_floors":[48],"is_endless":false,"potions_floor_spawned":[1,11,20,22,28,33,35,37,38,41,47],"killed_by":"Awakened One","ascension_level":20}