{"gold_per_floor":[117,131,131,131,149,183,183,216,216,216,236,250,275,293,293,389,389,406,425,66,83,83,113,0,32,32,32,32,50,450,476,476,476],"floor_reached":33,"playtime":2423,"items_purged":[],"score":345,"play_id":"d0ce25f9-063f-442a-9aee-fd62fde7fbf1","local_time":"20190501135049","is_ascension_mode":true,"campfire_choices":[{"data":"Neutralize","floor":7,"key":"SMITH"},{"data":"Backflip","floor":10,"key":"SMITH"},{"floor":15,"key":"REST"},{"floor":28,"key":"REST"},{"floor":32,"key":"REST"}],"neow_cost":"NONE","seed_source_timestamp":1120759038322300,"circlet_count":0,"master_deck":["Defend_G","Defend_G","Defend_G","Defend_G","Strike_G","Strike_G","Strike_G","Strike_G","Survivor","Neutralize+1","Flechettes","Terror","Phantasmal Killer+1","Backflip+1","Backstab","Skewer","Terror+1","Glass Knife","Well Laid Plans","Glass Knife","Dagger Throw+1","Cloak And Dagger","Dagger Spray","Dagger Spray+1","PiercingWail","Expertise+1","Blade Dance+1"],"relics":["Ring of the Snake","Gremlin Horn","Juzu Bracelet","Pear","Torii","Eternal Feather","Lantern","Boot","Du-Vu Doll","War Paint","Question Card","Old Coin","Ninja Scroll","Oddly Smooth Stone"],"potions_floor_usage":[13,19,21,21,33,33],"damage_taken":[{"damage":0,"enemies":"Small Slimes","floor":1,"turns":4},{"damage":0,"enemies":"Jaw Worm","floor":2,"turns":3},{"damage":0,"enemies":"Cultist","floor":5,"turns":2},{"damage":30,"enemies":"Lagavulin","floor":6,"turns":6},{"damage":22,"enemies":"Gremlin Nob","floor":8,"turns":4},{"damage":0,"enemies":"Red Slaver","floor":11,"turns":3},{"damage":1,"enemies":"Exordium Thugs","floor":12,"turns":5},{"damage":7,"enemies":"3 Sentries","floor":13,"turns":7},{"damage":1,"enemies":"Blue Slaver","floor":14,"turns":2},{"damage":23,"enemies":"Hexaghost","floor":16,"turns":9},{"damage":10,"enemies":"Shell Parasite","floor":18,"turns":4},{"damage":9,"enemies":"3 Byrds","floor":19,"turns":3},{"damage":21,"enemies":"Sentry and Sphere","floor":21,"turns":4},{"damage":47,"enemies":"Slavers","floor":23,"turns":5},{"damage":1,"enemies":"Gremlin Leader","floor":25,"turns":4},{"damage":7,"enemies":"Snake Plant","floor":29,"turns":4},{"damage":13,"enemies":"Colosseum Slavers","floor":30,"turns":4},{"damage":1,"enemies":"Colosseum Nobs","floor":30,"turns":4},{"damage":77,"enemies":"Champ","floor":33,"turns":9}],"seed_played":"3100225896578369307","potions_obtained":[{"floor":1,"key":"FearPotion"},{"floor":6,"key":"LiquidBronze"},{"floor":11,"key":"FearPotion"},{"floor":19,"key":"FearPotion"},{"floor":25,"key":"SpeedPotion"},{"floor":29,"key":"SpeedPotion"}],"is_trial":false,"path_per_floor":["M","M","?","?","M","E","R","E","T","R","M","M","E","M","R","B",null,"M","M","$","M","?","E","?","E","T","$","R","M","?","T","R","B"],"character_chosen":"THE_SILENT","items_purchased":["Lantern","Boot","Dagger Spray"],"campfire_rested":3,"item_purchase_floors":[20,20,20],"current_hp_per_floor":[77,77,82,82,82,52,52,30,40,40,40,39,32,31,58,35,92,82,73,73,52,52,5,5,4,4,4,46,39,25,25,67,0],"gold":476,"neow_bonus":"TEN_PERCENT_HP_BONUS","is_prod":false,"is_daily":false,"chose_seed":false,"campfire_upgraded":2,"win_rate":0,"timestamp":1556736649,"path_taken":["M","M","?","?","M","E","R","E","T","R","M","M","E","M","R","BOSS","M","M","?","M","?","E","?","E","T","$","R","M","?","?","R","BOSS"],"build_version":"2019-01-23","purchased_purges":0,"victory":false,"max_hp_per_floor":[77,77,82,82,82,82,82,82,92,92,92,92,92,92,92,92,92,92,92,92,92,92,92,92,92,92,92,92,92,92,92,92,92],"card_choices":[{"not_picked":["Dodge and Roll","Flying Knee"],"picked":"Flechettes","floor":1},{"not_picked":["Distraction","Reflex"],"picked":"Terror","floor":2},{"not_picked":["Flying Knee","Phantasmal Killer"],"picked":"Backflip","floor":5},{"not_picked":["Masterful Stab","Underhanded Strike"],"picked":"Backstab","floor":6},{"not_picked":["Calculated Gamble","Bouncing Flask","Sucker Punch"],"picked":"SKIP","floor":8},{"not_picked":["Backflip","Quick Slash"],"picked":"Skewer","floor":11},{"not_picked":["Bane","Poisoned Stab"],"picked":"Terror","floor":12},{"not_picked":["All Out Attack","Caltrops"],"picked":"Glass Knife","floor":13},{"not_picked":["Acrobatics","Flying Knee"],"picked":"Well Laid Plans","floor":14},{"not_picked":["Grand Finale","Doppelganger"],"picked":"Glass Knife","floor":16},{"not_picked":["Prepared","Deadly Poison+1"],"picked":"Dagger Throw+1","floor":18},{"not_picked":["Outmaneuver","Footwork"],"picked":"Cloak And Dagger","floor":19},{"not_picked":["Dash","Unload"],"picked":"Dagger Spray+1","floor":21},{"not_picked":["Riddle With Holes","Terror"],"picked":"PiercingWail","floor":23},{"not_picked":["Concentrate+1","Skewer","Well Laid Plans"],"picked":"SKIP","floor":25},{"not_picked":["Deadly Poison","Backflip","Poisoned Stab"],"picked":"Expertise+1","floor":29},{"not_picked":["Bouncing Flask","Flying Knee","Catalyst+1"],"picked":"Blade Dance+1","floor":30}],"player_experience":76948,"relics_obtained":[{"floor":6,"key":"Gremlin Horn"},{"floor":8,"key":"Juzu Bracelet"},{"floor":9,"key":"Pear"},{"floor":13,"key":"Torii"},{"floor":23,"key":"Du-Vu Doll"},{"floor":25,"key":"War Paint"},{"floor":26,"key":"Question Card"},{"floor":30,"key":"Old Coin"},{"floor":30,"key":"Ninja Scroll"},{"floor":31,"key":"Oddly Smooth Stone"}],"event_choices":[{"damage_healed":0,"gold_gain":0,"player_choice":"Donut","damage_taken":0,"max_hp_gain":5,"max_hp_loss":0,"event_name":"Big Fish","floor":3,"gold_loss":0},{"damage_healed":0,"gold_gain":0,"cards_transformed":["Defend_G"],"player_choice":"Transformed","damage_taken":0,"max_hp_gain":0,"max_hp_loss":0,"event_name":"Transmorgrifier","floor":4,"gold_loss":0,"cards_obtained":["Phantasmal Killer"]},{"cards_removed":["Strike_G"],"damage_healed":0,"gold_gain":0,"player_choice":"Offered Basic","damage_taken":0,"max_hp_gain":0,"max_hp_loss":0,"event_name":"Bonfire Elementals","floor":22,"gold_loss":0},{"damage_healed":0,"gold_gain":0,"player_choice":"Paid Fearfully","damage_taken":0,"max_hp_gain":0,"max_hp_loss":0,"event_name":"Masked Bandits","floor":24,"gold_loss":113},{"damage_healed":0,"gold_gain":0,"player_choice":"Fight","damage_taken":0,"max_hp_gain":0,"max_hp_loss":0,"event_name":"Colosseum","floor":30,"gold_loss":0},{"damage_healed":0,"gold_gain":0,"player_choice":"Fought Nobs","damage_taken":0,"max_hp_gain":0,"max_hp_loss":0,"event_name":"Colosseum","floor":30,"gold_loss":0}],"is_beta":false,"boss_relics":[{"not_picked":["Velvet Choker","White Beast Statue"],"picked":"Eternal Feather"}],"items_purged_floors":[],"is_endless":false,"potions_floor_spawned":[1,6,11,19,25,29],"killed_by":"Champ","ascension_level":1}