{"gold_per_floor":[116,134,147,162,237,248,282,282,361,376,396,396,413,442,442,442],"floor_reached":16,"playtime":715,"items_purged":[],"score":168,"play_id":"1a088789-e397-4923-978e-77283c2d929a","local_time":"20190412171146","is_ascension_mode":true,"campfire_choices":[{"floor":12,"key":"REST"},{"floor":15,"key":"REST"}],"neow_cost":"NONE","seed_source_timestamp":82364203888726,"circlet_count":0,"master_deck":["Defend_G","Defend_G","Defend_G","Defend_G","Defend_G+1","Strike_G","Strike_G","Strike_G","Strike_G","Strike_G","Survivor+1","Neutralize+1","Masterful Stab","Well Laid Plans","Poisoned Stab","Slice","Deflect","Escape Plan","Noxious Fumes","Dodge and Roll","Cloak And Dagger","Heel Hook+1"],"relics":["Ring of the Snake","War Paint","Oddly Smooth Stone","Molten Egg 2","Bird Faced Urn"],"potions_floor_usage":[7,13,16,16],"damage_taken":[{"damage":4,"enemies":"Small Slimes","floor":1,"turns":5},{"damage":0,"enemies":"Cultist","floor":2,"turns":3},{"damage":0,"enemies":"2 Louse","floor":3,"turns":3},{"damage":0,"enemies":"Large Slime","floor":4,"turns":5},{"damage":0,"enemies":"Looter","floor":6,"turns":3},{"damage":26,"enemies":"Gremlin Nob","floor":7,"turns":4},{"damage":4,"enemies":"Exordium Wildlife","floor":10,"turns":5},{"damage":14,"enemies":"Large Slime","floor":11,"turns":7},{"damage":6,"enemies":"Gremlin Gang","floor":13,"turns":4},{"damage":16,"enemies":"3 Sentries","floor":14,"turns":9},{"damage":35,"enemies":"Slime Boss","floor":16,"turns":12}],"seed_played":"5988680773551061718","potions_obtained":[{"floor":1,"key":"Dexterity Potion"},{"floor":2,"key":"FearPotion"},{"floor":4,"key":"Swift Potion"},{"floor":10,"key":"Weak Potion"},{"floor":11,"key":"Block Potion"}],"is_trial":false,"path_per_floor":["M","M","M","M","?","M","E","?","T","M","M","R","M","E","R","B"],"character_chosen":"THE_SILENT","items_purchased":[],"campfire_rested":2,"item_purchase_floors":[],"current_hp_per_floor":[59,59,59,59,48,48,22,22,22,18,4,25,19,3,24,0],"gold":442,"neow_bonus":"RANDOM_COMMON_RELIC","is_prod":false,"is_daily":false,"chose_seed":false,"campfire_upgraded":0,"win_rate":0,"timestamp":1555107106,"path_taken":["M","M","M","M","?","M","E","?","T","M","M","R","M","E","R","BOSS"],"build_version":"2019-01-23","purchased_purges":0,"victory":false,"max_hp_per_floor":[70,70,70,70,70,70,70,70,70,70,70,70,70,70,70,70],"card_choices":[{"not_picked":["Setup","All Out Attack"],"picked":"Masterful Stab","floor":1},{"not_picked":["Eviscerate","Outmaneuver"],"picked":"Well Laid Plans","floor":2},{"not_picked":["Bane","Sucker Punch"],"picked":"Poisoned Stab","floor":3},{"not_picked":["Well Laid Plans","Outmaneuver"],"picked":"Slice","floor":4},{"not_picked":["Concentrate","Infinite Blades"],"picked":"Deflect","floor":6},{"not_picked":["Deflect","Underhanded Strike"],"picked":"Escape Plan","floor":7},{"not_picked":["Dodge and Roll","Quick Slash+1"],"picked":"Noxious Fumes","floor":10},{"not_picked":["Bullet Time","Quick Slash+1"],"picked":"Dodge and Roll","floor":11},{"not_picked":["Distraction","Underhanded Strike+1"],"picked":"Cloak And Dagger","floor":13},{"not_picked":["Leg Sweep","Prepared"],"picked":"Heel Hook+1","floor":14}],"player_experience":423871,"relics_obtained":[{"floor":7,"key":"Oddly Smooth Stone"},{"floor":9,"key":"Molten Egg 2"},{"floor":14,"key":"Bird Faced Urn"}],"event_choices":[{"damage_healed":0,"gold_gain":75,"player_choice":"Gather Gold","damage_taken":11,"max_hp_gain":0,"max_hp_loss":0,"event_name":"World of Goop","floor":5,"gold_loss":0},{"damage_healed":0,"gold_gain":0,"player_choice":"Forge","damage_taken":0,"max_hp_gain":0,"max_hp_loss":0,"event_name":"Accursed Blacksmith","floor":8,"gold_loss":0,"cards_upgraded":["Neutralize"]}],"is_beta":false,"boss_relics":[],"items_purged_floors":[],"is_endless":false,"potions_floor_spawned":[1,2,4,10,11],"killed_by":"Slime Boss","ascension_level":9}