{"gold_per_floor":[116,116,116,132,143,163,176,176,200,200,200,200,216,241,241,332,332,348,348,273,296,241,241,255,255,255,255,276,276,276],"floor_reached":30,"playtime":945,"items_purged":[],"score":433,"play_id":"9cc5beb9-a712-4536-b7ba-8fe4ab1d8be8","local_time":"20190321181908","is_ascension_mode":true,"campfire_choices":[{"floor":8,"key":"REST"},{"data":"Reinforced Body","floor":12,"key":"SMITH"},{"floor":15,"key":"REST"},{"floor":23,"key":"REST"},{"floor":25,"key":"REST"},{"floor":29,"key":"REST"}],"neow_cost":"NONE","seed_source_timestamp":17239270497018,"circlet_count":0,"master_deck":["AscendersBane","Strike_B","Defend_B","Defend_B","Defend_B","Zap+1","Dualcast","Static Discharge","Conserve Battery","BootSequence","Reinforced Body+1","Defragment+1","Defragment","Biased Cognition","Ball Lightning","Defragment"],"relics":["Cracked Core","Juzu Bracelet","Golden Idol","Empty Cage","Dodecahedron"],"potions_floor_usage":[],"damage_taken":[{"damage":7,"enemies":"Cultist","floor":1,"turns":4},{"damage":11,"enemies":"Small Slimes","floor":4,"turns":4},{"damage":7,"enemies":"Jaw Worm","floor":5,"turns":4},{"damage":1,"enemies":"Looter","floor":6,"turns":3},{"damage":29,"enemies":"Exordium Wildlife","floor":7,"turns":5},{"damage":3,"enemies":"Blue Slaver","floor":13,"turns":3},{"damage":0,"enemies":"Red Slaver","floor":14,"turns":3},{"damage":37,"enemies":"Hexaghost","floor":16,"turns":9},{"damage":9,"enemies":"3 Byrds","floor":18,"turns":3},{"damage":15,"enemies":"Spheric Guardian","floor":21,"turns":6},{"damage":13,"enemies":"Cultist and Chosen","floor":24,"turns":5},{"damage":26,"enemies":"Snake Plant","floor":28,"turns":3},{"damage":49,"enemies":"Gremlin Leader","floor":30,"turns":3}],"seed_played":"-1538525135268347373","potions_obtained":[{"floor":5,"key":"Energy Potion"},{"floor":7,"key":"Dexterity Potion"},{"floor":16,"key":"FearPotion"},{"floor":28,"key":"Weak Potion"}],"is_trial":false,"path_per_floor":["M","$","?","M","M","M","M","R","T","?","?","R","M","M","R","B",null,"M","?","?","M","$","R","M","R","T","?","M","R","E"],"character_chosen":"DEFECT","items_purchased":["Ball Lightning"],"campfire_rested":5,"item_purchase_floors":[22],"current_hp_per_floor":[57,57,57,46,39,38,9,30,30,30,30,30,27,27,46,9,50,41,41,41,26,26,45,32,51,51,51,25,44,0],"gold":276,"neow_bonus":"UPGRADE_CARD","is_prod":false,"is_daily":false,"chose_seed":false,"campfire_upgraded":1,"win_rate":0,"timestamp":1553181548,"path_taken":["M","?","?","?","M","M","M","R","T","?","?","R","M","M","R","BOSS","M","?","?","M","?","R","M","R","T","?","M","R","E"],"build_version":"2019-01-23","purchased_purges":0,"victory":false,"max_hp_per_floor":[71,71,71,71,71,71,71,71,71,71,64,64,64,64,64,64,64,64,64,64,64,64,64,64,64,64,64,64,64,64],"card_choices":[{"not_picked":["Sweeping Beam","Beam Cell","Compile Driver"],"picked":"SKIP","floor":1},{"not_picked":["Coolheaded","Hello World"],"picked":"Conserve Battery","floor":4},{"not_picked":["Coolheaded","Aggregate"],"picked":"BootSequence","floor":5},{"not_picked":["Leap","Storm"],"picked":"Reinforced Body","floor":6},{"not_picked":["Steam","Darkness"],"picked":"Defragment","floor":7},{"not_picked":["Darkness","Steam Power","Barrage"],"picked":"SKIP","floor":13},{"not_picked":["Double Energy","Rebound"],"picked":"Defragment","floor":14},{"not_picked":["Hyperbeam","Rainbow"],"picked":"Biased Cognition","floor":16},{"not_picked":["Rebound","Reinforced Body","Hologram"],"picked":"SKIP","floor":18},{"not_picked":["Coolheaded","Stack","Steam"],"picked":"SKIP","floor":21},{"not_picked":["Melter+1","Rebound","Steam"],"picked":"SKIP","floor":24},{"not_picked":["Steam Power","Hologram"],"picked":"Defragment","floor":28}],"player_experience":1031042,"relics_obtained":[{"floor":9,"key":"Juzu Bracelet"},{"floor":26,"key":"Dodecahedron"}],"event_choices":[{"damage_healed":0,"gold_gain":0,"cards_transformed":["Strike_B"],"player_choice":"Transformed","damage_taken":0,"max_hp_gain":0,"max_hp_loss":0,"event_name":"Transmorgrifier","floor":3,"gold_loss":0,"cards_obtained":["Static Discharge"]},{"damage_healed":0,"gold_gain":0,"player_choice":"Grow","damage_taken":0,"max_hp_gain":0,"max_hp_loss":0,"event_name":"Living Wall","floor":10,"gold_loss":0,"cards_upgraded":["Defragment"]},{"damage_healed":0,"gold_gain":0,"player_choice":"Lose Max HP","damage_taken":0,"relics_obtained":["Golden Idol"],"max_hp_gain":0,"max_hp_loss":7,"event_name":"Golden Idol","floor":11,"gold_loss":0},{"damage_healed":0,"gold_gain":0,"player_choice":"Ignored","damage_taken":0,"max_hp_gain":0,"max_hp_loss":0,"event_name":"Vampires","floor":19,"gold_loss":0},{"cards_removed":["Defend_B"],"damage_healed":0,"gold_gain":0,"player_choice":"Gave Gold","damage_taken":0,"max_hp_gain":0,"max_hp_loss":0,"event_name":"Beggar","floor":20,"gold_loss":75},{"damage_healed":0,"gold_gain":0,"player_choice":"Ignored","damage_taken":0,"max_hp_gain":0,"max_hp_loss":0,"event_name":"Cursed Tome","floor":27,"gold_loss":0}],"is_beta":false,"boss_relics":[{"not_picked":["Sozu","Eternal Feather"],"picked":"Empty Cage"}],"items_purged_floors":[],"is_endless":false,"potions_floor_spawned":[5,7,16,18,28],"killed_by":"Gremlin Leader","ascension_level":19}