{"gold_per_floor":[114,127,127,142,156,156,183,183,206,218,240,287,317,345,357,468,480,512,534,563,575],"floor_reached":21,"playtime":1304,"items_purged":[],"score":263,"play_id":"2654e8b7-4d0c-4ba8-9d7e-eba5a06e5d89","local_time":"20190522000920","is_ascension_mode":true,"campfire_choices":[{"data":"Seeing Red","floor":6.0,"key":"SMITH"},{"data":"Hemokinesis","floor":8.0,"key":"SMITH"},{"data":"Bash","floor":10.0,"key":"SMITH"},{"floor":15.0,"key":"REST"}],"neow_cost":"NONE","seed_source_timestamp":207211866882700,"circlet_count":0,"master_deck":["Bash+1","Seeing Red+1","Heavy Blade","Hemokinesis+1","Brutality","Heavy Blade","Dual Wield","Flame Barrier","Armaments","Disarm","Berserk","Combust","Shockwave","Shockwave","Combust","Rampage","Rampage","Burning Pact","Flame Barrier+1","Rupture","Feed"],"special_seed":0,"relics":["Burning Blood","Potion Belt","MawBank","Art of War","Pandora\u0027s Box"],"potions_floor_usage":[],"damage_taken":[{"damage":1.0,"enemies":"Cultist","floor":1.0,"turns":3.0},{"damage":1.0,"enemies":"2 Louse","floor":2.0,"turns":3.0},{"damage":7.0,"enemies":"Jaw Worm","floor":4.0,"turns":3.0},{"damage":24.0,"enemies":"Exordium Thugs","floor":5.0,"turns":3.0},{"damage":8.0,"enemies":"Gremlin Nob","floor":7.0,"turns":3.0},{"damage":6.0,"enemies":"Blue Slaver","floor":11.0,"turns":3.0},{"damage":52.0,"enemies":"Lagavulin","floor":12.0,"turns":10.0},{"damage":6.0,"enemies":"Gremlin Gang","floor":13.0,"turns":7.0},{"damage":3.0,"enemies":"Looter","floor":14.0,"turns":5.0},{"damage":28.0,"enemies":"The Guardian","floor":16.0,"turns":14.0},{"damage":11.0,"enemies":"3 Byrds","floor":18.0,"turns":4.0},{"damage":20.0,"enemies":"Chosen","floor":19.0,"turns":5.0},{"damage":31.0,"enemies":"Snake Plant","floor":20.0,"turns":4.0},{"damage":35,"enemies":"Sentry and Sphere","floor":21,"turns":4}],"seed_played":"-1440135345337564414","potions_obtained":[{"floor":2.0,"key":"Swift Potion"},{"floor":4.0,"key":"Fire Potion"},{"floor":5.0,"key":"SteroidPotion"},{"floor":13.0,"key":"Poison Potion"},{"floor":16.0,"key":"Weak Potion"},{"floor":19.0,"key":"Fruit Juice"}],"is_trial":false,"path_per_floor":["M","M","?","M","M","R","E","R","T","R","M","E","M","M","R","B",null,"M","M","M","M"],"character_chosen":"IRONCLAD","items_purchased":[],"campfire_rested":1,"item_purchase_floors":[],"current_hp_per_floor":[77,80,80,79,61,61,59,59,59,59,59,13,13,16,40,18,65,60,51,26,0],"gold":575,"neow_bonus":"TRANSFORM_CARD","is_prod":false,"is_daily":false,"chose_seed":false,"campfire_upgraded":3,"win_rate":0,"timestamp":1558501760,"path_taken":["M","M","?","M","M","R","E","R","T","R","M","E","M","?","R","BOSS","M","M","M","M"],"build_version":"2019-01-23","purchased_purges":0,"victory":false,"max_hp_per_floor":[80,80,80,80,80,80,80,80,80,80,80,80,80,80,80,80,80,80,85,85,88],"card_choices":[{"not_picked":["Body Slam","Shockwave"],"picked":"Heavy Blade","floor":1.0},{"not_picked":["Iron Wave","Sword Boomerang"],"picked":"Hemokinesis","floor":2.0},{"not_picked":["Shockwave","Rampage"],"picked":"Brutality","floor":4.0},{"not_picked":["Second Wind","Metallicize"],"picked":"Heavy Blade","floor":5.0},{"not_picked":["Rampage","Pommel Strike"],"picked":"Dual Wield","floor":7.0},{"not_picked":["Clash","Sword Boomerang"],"picked":"Flame Barrier","floor":11.0},{"not_picked":["Anger","Carnage"],"picked":"Armaments","floor":12.0},{"not_picked":["Pommel Strike","Rage"],"picked":"Disarm","floor":13.0},{"not_picked":["Whirlwind","Heavy Blade","Juggernaut"],"picked":"SKIP","floor":14.0},{"not_picked":["Dark Embrace","Offering"],"picked":"Berserk","floor":16.0},{"not_picked":["Flex","Havoc"],"picked":"Flame Barrier+1","floor":18.0},{"not_picked":["Warcry","Perfected Strike"],"picked":"Rupture","floor":19.0},{"not_picked":["True Grit+1","Perfected Strike"],"picked":"Feed","floor":20.0}],"player_experience":215728,"relics_obtained":[{"floor":7.0,"key":"Potion Belt"},{"floor":9.0,"key":"MawBank"},{"floor":12.0,"key":"Art of War"}],"event_choices":[{"cards_removed":["Strike_R"],"damage_healed":0.0,"max_hp_gain":0.0,"max_hp_loss":0.0,"gold_gain":0.0,"event_name":"Bonfire Elementals","player_choice":"Offered Basic","floor":3.0,"gold_loss":0.0,"damage_taken":0.0}],"is_beta":false,"boss_relics":[{"not_picked":["Velvet Choker","Tiny House"],"picked":"Pandora\u0027s Box"}],"items_purged_floors":[],"is_endless":false,"potions_floor_spawned":[2,4,5,13,16,19],"killed_by":"Sentry and Sphere","ascension_level":7}