{"gold_per_floor":[112,124,142,92,92,92,119,119,172,187,217,227,157,172,172,172],"floor_reached":16,"playtime":409,"items_purged":[],"score":162,"play_id":"18843884-2a39-4ec2-82fa-463a58d3f095","local_time":"20190423151321","is_ascension_mode":true,"campfire_choices":[{"data":"Neutralize","floor":6,"key":"SMITH"},{"data":"Deadly Poison","floor":8,"key":"SMITH"},{"floor":15,"key":"REST"}],"neow_cost":"NONE","seed_source_timestamp":414832761515736,"circlet_count":0,"master_deck":["Defend_G","Defend_G","Defend_G","Defend_G+1","Defend_G","Strike_G","Strike_G","Strike_G","Strike_G","Survivor","Neutralize+1","Masterful Stab+1","Escape Plan","Dagger Spray","Dagger Throw","Deadly Poison+1","Prepared","Backstab","Slice","Well Laid Plans","Dodge and Roll","Backstab"],"relics":["Ring of the Snake","Pen Nib","Dream Catcher","Bag of Preparation"],"potions_floor_usage":[7,16,16],"damage_taken":[{"damage":0,"enemies":"Cultist","floor":1,"turns":3},{"damage":2,"enemies":"Jaw Worm","floor":2,"turns":4},{"damage":4,"enemies":"Small Slimes","floor":3,"turns":3},{"damage":13,"enemies":"3 Sentries","floor":7,"turns":6},{"damage":2,"enemies":"2 Fungi Beasts","floor":10,"turns":3},{"damage":15,"enemies":"Gremlin Nob","floor":11,"turns":3},{"damage":0,"enemies":"Large Slime","floor":12,"turns":3},{"damage":1,"enemies":"Red Slaver","floor":14,"turns":2},{"damage":34,"enemies":"The Guardian","floor":16,"turns":8}],"seed_played":"-5981858232505327713","potions_obtained":[{"floor":1,"key":"LiquidBronze"},{"floor":3,"key":"Dexterity Potion"},{"floor":12,"key":"Energy Potion"}],"is_trial":false,"path_per_floor":["M","M","M","?","?","R","E","R","T","M","E","M","$","M","R","B"],"character_chosen":"THE_SILENT","items_purchased":["Well Laid Plans"],"campfire_rested":1,"item_purchase_floors":[13],"current_hp_per_floor":[63,61,57,57,43,43,30,30,30,28,13,13,13,12,33,0],"gold":172,"neow_bonus":"THREE_CARDS","is_prod":false,"is_daily":false,"chose_seed":false,"campfire_upgraded":2,"win_rate":0,"timestamp":1556050401,"path_taken":["M","M","?","?","?","R","E","R","T","?","E","M","?","?","R","BOSS"],"build_version":"2019-01-23","purchased_purges":0,"victory":false,"max_hp_per_floor":[70,70,70,70,70,70,70,70,70,70,70,70,70,70,70,70],"card_choices":[{"not_picked":["Riddle With Holes","Outmaneuver"],"picked":"Masterful Stab","floor":0},{"not_picked":["Dagger Throw","Quick Slash"],"picked":"Escape Plan","floor":1},{"not_picked":["Sucker Punch","Eviscerate"],"picked":"Dagger Spray","floor":2},{"not_picked":["Outmaneuver","Finisher"],"picked":"Dagger Throw","floor":3},{"not_picked":["Leg Sweep","Setup"],"picked":"Deadly Poison","floor":7},{"not_picked":["Predator","Calculated Gamble"],"picked":"Prepared","floor":10},{"not_picked":["Infinite Blades","Underhanded Strike"],"picked":"Backstab","floor":11},{"not_picked":["Predator","Phantasmal Killer"],"picked":"Slice","floor":12},{"not_picked":["Deflect","Dagger Spray"],"picked":"Dodge and Roll","floor":14},{"not_picked":["Flying Knee","Slice"],"picked":"Backstab","floor":15}],"player_experience":478841,"relics_obtained":[{"floor":7,"key":"Pen Nib"},{"floor":9,"key":"Dream Catcher"},{"floor":11,"key":"Bag of Preparation"}],"event_choices":[{"cards_removed":["Strike_G"],"damage_healed":0,"gold_gain":0,"player_choice":"Card Removal","damage_taken":0,"max_hp_gain":0,"max_hp_loss":0,"event_name":"The Cleric","floor":4,"gold_loss":50},{"damage_healed":0,"gold_gain":0,"player_choice":"Entered Light","damage_taken":14,"max_hp_gain":0,"max_hp_loss":0,"event_name":"Shining Light","floor":5,"gold_loss":0,"cards_upgraded":["Defend_G","Masterful Stab"]}],"is_beta":false,"boss_relics":[],"items_purged_floors":[],"is_endless":false,"potions_floor_spawned":[1,3,12],"killed_by":"The Guardian","ascension_level":9}