{"gold_per_floor":[10,23,23,34,34,69,69,80,80,5,5,30,45,55,55,152,152,163,174,186,203,223,223,223,223,297,310,340,121,138,148,148,148],"floor_reached":33,"playtime":4479,"items_purged":["Strike_R"],"score":358,"play_id":"26aa9693-2041-43f2-8c18-c51dc561c833","local_time":"20190609115646","is_ascension_mode":false,"campfire_choices":[{"floor":11,"key":"REST"},{"floor":15,"key":"REST"},{"floor":23,"key":"REST"},{"data":"Armaments","floor":25,"key":"SMITH"},{"data":"Armaments","floor":32,"key":"SMITH"}],"neow_cost":"NO_GOLD","seed_source_timestamp":2418863126549273,"circlet_count":0,"master_deck":["Strike_R+1","Strike_R+1","Strike_R+1","Defend_R+1","Defend_R+1","Defend_R+1","Defend_R+1","Bash","Demon Form","Metallicize","Seeing Red","Offering","Iron Wave","Pommel Strike","Disarm","Pummel","Limit Break","Armaments+1","Armaments+1","Heavy Blade","Shrug It Off+1","Flex+1"],"relics":["Burning Blood","Vajra","Matryoshka","FossilizedHelix","Busted Crown","Ornamental Fan","Toxic Egg 2","Bag of Preparation"],"potions_floor_usage":[6,6,12,19,20,27,28,33],"damage_taken":[{"damage":2,"enemies":"2 Louse","floor":1,"turns":3},{"damage":4,"enemies":"Small Slimes","floor":2,"turns":4},{"damage":8,"enemies":"Jaw Worm","floor":4,"turns":6},{"damage":49,"enemies":"3 Sentries","floor":6,"turns":9},{"damage":8,"enemies":"3 Louse","floor":8,"turns":5},{"damage":32,"enemies":"Gremlin Nob","floor":12,"turns":5},{"damage":9,"enemies":"Exordium Wildlife","floor":13,"turns":7},{"damage":3,"enemies":"2 Fungi Beasts","floor":14,"turns":4},{"damage":0,"enemies":"Slime Boss","floor":16,"turns":8},{"damage":29,"enemies":"2 Thieves","floor":18,"turns":4},{"damage":5,"enemies":"Shell Parasite","floor":19,"turns":6},{"damage":23,"enemies":"3 Cultists","floor":20,"turns":5},{"damage":11,"enemies":"Chosen and Byrds","floor":21,"turns":5},{"damage":10,"enemies":"Snecko","floor":22,"turns":4},{"damage":0,"enemies":"Centurion and Healer","floor":27,"turns":6},{"damage":6,"enemies":"Gremlin Leader","floor":28,"turns":6},{"damage":9,"enemies":"3 Cultists","floor":30,"turns":5},{"damage":7,"enemies":"Snake Plant","floor":31,"turns":6},{"damage":62,"enemies":"Automaton","floor":33,"turns":10}],"seed_played":"-5864082112912240192","potions_obtained":[{"floor":1,"key":"BloodPotion"},{"floor":2,"key":"Strength Potion"},{"floor":8,"key":"SkillPotion"},{"floor":12,"key":"Dexterity Potion"},{"floor":19,"key":"Weak Potion"},{"floor":20,"key":"SteroidPotion"},{"floor":27,"key":"EssenceOfSteel"},{"floor":31,"key":"Weak Potion"}],"is_trial":false,"path_per_floor":["M","M","?","M","?","E","?","M","T","$","R","E","M","M","R","B",null,"M","M","M","M","M","R","?","R","T","M","E","$","M","M","R","B"],"character_chosen":"IRONCLAD","items_purchased":["Bag of Preparation","Shrug It Off+1","Flex+1"],"campfire_rested":3,"item_purchase_floors":[29,29,29],"current_hp_per_floor":[80,80,73,71,71,36,36,34,34,34,58,32,29,32,56,62,80,57,58,41,36,32,56,56,56,56,62,62,62,59,58,58,0],"gold":148,"neow_bonus":"THREE_RARE_CARDS","is_prod":false,"is_daily":false,"chose_seed":false,"campfire_upgraded":2,"win_rate":0,"timestamp":1560106606,"path_taken":["M","M","?","M","?","E","?","M","T","?","R","E","M","?","R","BOSS","M","M","M","M","M","R","?","R","T","M","E","$","M","M","R","BOSS"],"build_version":"2019-01-23","purchased_purges":1,"victory":false,"max_hp_per_floor":[80,80,80,80,80,80,80,80,80,80,80,80,80,80,80,80,80,80,80,80,80,80,80,80,80,80,80,80,80,80,80,80,80],"card_choices":[{"not_picked":["Brutality","Impervious"],"picked":"Demon Form","floor":0},{"not_picked":["Perfected Strike","Rupture"],"picked":"Metallicize","floor":1},{"not_picked":["Combust","Twin Strike"],"picked":"Seeing Red","floor":2},{"not_picked":["Bloodletting","Anger"],"picked":"Offering","floor":4},{"not_picked":["Body Slam","Burning Pact"],"picked":"Iron Wave","floor":6},{"not_picked":["Anger","Reckless Charge"],"picked":"Pommel Strike","floor":8},{"not_picked":["Corruption","Fire Breathing","Entrench"],"picked":"SKIP","floor":12},{"not_picked":["Perfected Strike","Rupture"],"picked":"Disarm","floor":13},{"not_picked":["Perfected Strike","Blood for Blood"],"picked":"Pummel","floor":14},{"not_picked":["Bludgeon","Dark Embrace"],"picked":"Limit Break","floor":16},{"not_picked":["Combust"],"picked":"SKIP","floor":18},{"not_picked":[],"picked":"Armaments","floor":19},{"not_picked":["Perfected Strike"],"picked":"SKIP","floor":20},{"not_picked":[],"picked":"Armaments","floor":21},{"not_picked":["Anger"],"picked":"SKIP","floor":22},{"not_picked":[],"picked":"Heavy Blade","floor":27},{"not_picked":["Havoc"],"picked":"SKIP","floor":28},{"not_picked":["Blood for Blood"],"picked":"SKIP","floor":30},{"not_picked":["True Grit+1"],"picked":"SKIP","floor":31}],"player_experience":67519,"relics_obtained":[{"floor":6,"key":"Vajra"},{"floor":9,"key":"Matryoshka"},{"floor":12,"key":"FossilizedHelix"},{"floor":26,"key":"Ornamental Fan"},{"floor":28,"key":"Toxic Egg 2"}],"event_choices":[{"cards_removed":["Strike_R"],"damage_healed":0,"gold_gain":0,"player_choice":"Card Removal","damage_taken":7,"max_hp_gain":0,"max_hp_loss":0,"event_name":"Golden Wing","floor":3,"gold_loss":0},{"damage_healed":0,"gold_gain":0,"player_choice":"Ignored","damage_taken":0,"max_hp_gain":0,"max_hp_loss":0,"event_name":"Golden Idol","floor":5,"gold_loss":0},{"damage_healed":0,"gold_gain":0,"player_choice":"Ignored","damage_taken":0,"max_hp_gain":0,"max_hp_loss":0,"event_name":"Liars Game","floor":7,"gold_loss":0},{"damage_healed":0,"gold_gain":0,"player_choice":"Simplicity","damage_taken":0,"max_hp_gain":0,"max_hp_loss":0,"event_name":"Back to Basics","floor":24,"gold_loss":0,"cards_upgraded":["Strike_R","Strike_R","Strike_R","Defend_R","Defend_R","Defend_R","Defend_R"]}],"is_beta":false,"boss_relics":[{"not_picked":["Philosopher\u0027s Stone","Calling Bell"],"picked":"Busted Crown"}],"items_purged_floors":[10],"is_endless":false,"potions_floor_spawned":[1,2,8,12,19,20,27,31],"killed_by":"Automaton","ascension_level":0}