{"gold_per_floor":[118,138,138,138,152,152,181,181,181,198,198,211,228,238,238,311,311,323,323,323,340,355,355,335,351,351,149,167,167],"floor_reached":29,"playtime":2061,"items_purged":[],"score":447,"play_id":"29fc9b24-c606-48c5-928d-effaff1c0893","local_time":"20190305180122","is_ascension_mode":true,"campfire_choices":[{"data":"Footwork","floor":6,"key":"SMITH"},{"data":"Cloak And Dagger","floor":8,"key":"SMITH"},{"floor":15,"key":"REST"},{"floor":23,"key":"REST"}],"neow_cost":"NONE","seed_source_timestamp":39155320618580,"circlet_count":0,"master_deck":["AscendersBane","Defend_G","Defend_G","Defend_G","Defend_G","Defend_G","Strike_G","Strike_G","Strike_G","Strike_G","Strike_G","Survivor","Neutralize","Cloak And Dagger+1","Footwork+1","Neutralize","Backflip","Malaise","A Thousand Cuts","Finisher+1","Terror","Dagger Spray+1","Noxious Fumes"],"relics":["Ring of the Snake","NeowsBlessing","Turnip","Molten Egg 2","Sozu","Darkstone Periapt","Blood Vial"],"potions_floor_usage":[7,7,14,22,22],"damage_taken":[{"damage":0,"enemies":"Cultist","floor":1,"turns":1},{"damage":0,"enemies":"Jaw Worm","floor":2,"turns":1},{"damage":0,"enemies":"Small Slimes","floor":5,"turns":1},{"damage":18,"enemies":"Lagavulin","floor":7,"turns":5},{"damage":3,"enemies":"3 Louse","floor":10,"turns":5},{"damage":6,"enemies":"Exordium Wildlife","floor":12,"turns":4},{"damage":2,"enemies":"Large Slime","floor":13,"turns":9},{"damage":5,"enemies":"Lots of Slimes","floor":14,"turns":8},{"damage":26,"enemies":"The Guardian","floor":16,"turns":25},{"damage":0,"enemies":"Spheric Guardian","floor":18,"turns":8},{"damage":9,"enemies":"3 Byrds","floor":21,"turns":7},{"damage":23,"enemies":"3 Cultists","floor":22,"turns":7},{"damage":1,"enemies":"Snake Plant","floor":25,"turns":6},{"damage":17,"enemies":"Sentry and Sphere","floor":28,"turns":8},{"damage":35,"enemies":"Snecko","floor":29,"turns":6}],"seed_played":"-2492371243287440886","potions_obtained":[{"floor":2,"key":"FearPotion"},{"floor":5,"key":"Strength Potion"},{"floor":7,"key":"SkillPotion"},{"floor":13,"key":"Block Potion"},{"floor":16,"key":"SkillPotion"}],"is_trial":false,"path_per_floor":["M","M","?","$","M","R","E","R","T","M","$","M","M","M","R","B",null,"M","?","$","M","M","R","?","M","T","$","M","M"],"character_chosen":"THE_SILENT","items_purchased":["Blood Vial","Noxious Fumes"],"campfire_rested":2,"item_purchase_floors":[27,27],"current_hp_per_floor":[59,59,59,59,59,59,41,41,41,38,38,32,30,25,44,18,54,54,54,54,45,22,41,41,40,40,40,25,0],"gold":167,"neow_bonus":"THREE_ENEMY_KILL","is_prod":false,"is_daily":false,"chose_seed":false,"campfire_upgraded":2,"win_rate":0,"timestamp":1551798082,"path_taken":["M","?","?","$","M","R","E","R","T","M","$","M","?","M","R","BOSS","M","?","$","M","M","R","?","?","T","$","M","M"],"build_version":"2019-01-23","purchased_purges":0,"victory":false,"max_hp_per_floor":[66,66,66,66,66,66,66,66,66,66,66,66,66,66,66,66,66,66,66,66,66,66,66,66,66,66,66,66,66],"card_choices":[{"not_picked":["Well Laid Plans","Dagger Throw"],"picked":"Cloak And Dagger","floor":1},{"not_picked":["Deflect","Dagger Spray"],"picked":"Footwork","floor":2},{"not_picked":["Outmaneuver","Deadly Poison","Backflip"],"picked":"SKIP","floor":5},{"not_picked":["Bane","Calculated Gamble","Masterful Stab"],"picked":"SKIP","floor":7},{"not_picked":["Catalyst","PiercingWail","Bouncing Flask"],"picked":"SKIP","floor":10},{"not_picked":["Deadly Poison","Expertise"],"picked":"Backflip","floor":12},{"not_picked":["Expertise","Predator+1","PiercingWail"],"picked":"SKIP","floor":13},{"not_picked":["Expertise","Predator+1","PiercingWail"],"picked":"SKIP","floor":13},{"not_picked":["Blade Dance","Deadly Poison"],"picked":"Malaise","floor":14},{"not_picked":["Unload+1","Storm of Steel"],"picked":"A Thousand Cuts","floor":16},{"not_picked":["Prepared","Sucker Punch+1","PiercingWail"],"picked":"SKIP","floor":18},{"not_picked":["Expertise","Heel Hook+1"],"picked":"Terror","floor":21},{"not_picked":["Sucker Punch+1","Outmaneuver"],"picked":"Dagger Spray+1","floor":22},{"not_picked":["PiercingWail","Bane+1","Deadly Poison"],"picked":"SKIP","floor":25},{"not_picked":["Dash+1","PiercingWail","Masterful Stab+1"],"picked":"SKIP","floor":28}],"player_experience":1009638,"relics_obtained":[{"floor":7,"key":"Turnip"},{"floor":9,"key":"Molten Egg 2"},{"floor":26,"key":"Darkstone Periapt"}],"event_choices":[{"damage_healed":0,"gold_gain":0,"player_choice":"1 cards matched","damage_taken":0,"max_hp_gain":0,"max_hp_loss":0,"event_name":"Match and Keep!","floor":3,"gold_loss":0,"cards_obtained":["Neutralize"]},{"damage_healed":0,"gold_gain":0,"player_choice":"Read","damage_taken":0,"max_hp_gain":0,"max_hp_loss":0,"event_name":"The Library","floor":19,"gold_loss":0,"cards_obtained":["Finisher"]},{"damage_healed":0,"gold_gain":0,"player_choice":"Bought 1 Potion","damage_taken":0,"max_hp_gain":0,"max_hp_loss":0,"event_name":"The Woman in Blue","floor":24,"gold_loss":0}],"is_beta":false,"boss_relics":[{"not_picked":["Philosopher\u0027s Stone","Calling Bell"],"picked":"Sozu"}],"items_purged_floors":[],"is_endless":false,"potions_floor_spawned":[2,5,7,13,16,21,22,25],"killed_by":"Snecko","ascension_level":19}