{"gold_per_floor":[114,114,114,132,132,170,170,203,203,226,186,186,186,211,211,310,310,291,291,0,23,23,23,36,52,105,105,105,123,139,139,139,139],"floor_reached":33,"playtime":2099,"items_purged":[],"score":564,"play_id":"53dad142-8788-4582-9022-7527cef95190","local_time":"20190502173816","is_ascension_mode":true,"campfire_choices":[{"floor":7.0,"key":"REST"},{"floor":13,"key":"REST"},{"floor":15,"key":"REST"},{"data":"A Thousand Cuts","floor":23,"key":"SMITH"},{"floor":27,"key":"REST"},{"floor":28,"key":"REST"},{"floor":32,"key":"REST"}],"neow_cost":"NONE","seed_source_timestamp":0,"circlet_count":0,"master_deck":["AscendersBane","Defend_G","Defend_G","Defend_G","Defend_G","Defend_G","Strike_G","Survivor","Neutralize","Dagger Spray","Caltrops","Crippling Poison","A Thousand Cuts+1","Adrenaline","Dagger Spray+1","Concentrate+1","Quick Slash+1","PiercingWail","Dash","Malaise","Backflip","Distraction"],"special_seed":0,"relics":["Ring of the Snake","NeowsBlessing","Golden Idol","Dead Branch","WingedGreaves","Turnip","Bird Faced Urn","Astrolabe","Boot"],"potions_floor_usage":[8,11,11,33],"damage_taken":[{"damage":0.0,"enemies":"Small Slimes","floor":1.0,"turns":2.0},{"damage":0.0,"enemies":"Jaw Worm","floor":4.0,"turns":1.0},{"damage":0.0,"enemies":"3 Sentries","floor":6.0,"turns":1.0},{"damage":47,"enemies":"Lagavulin","floor":8,"turns":6},{"damage":6,"enemies":"Cultist","floor":10,"turns":5},{"damage":2,"enemies":"Exordium Thugs","floor":11,"turns":5},{"damage":7,"enemies":"Large Slime","floor":14,"turns":8},{"damage":46,"enemies":"The Guardian","floor":16,"turns":16},{"damage":9,"enemies":"2 Thieves","floor":18,"turns":4},{"damage":0,"enemies":"Chosen","floor":21,"turns":3},{"damage":7,"enemies":"Snake Plant","floor":24,"turns":4},{"damage":20,"enemies":"Centurion and Healer","floor":25,"turns":8},{"damage":22,"enemies":"Snecko","floor":29,"turns":7},{"damage":5,"enemies":"Cultist and Chosen","floor":30,"turns":4},{"damage":85,"enemies":"Champ","floor":33,"turns":18}],"seed_played":"-506553105428631128","potions_obtained":[{"floor":4.0,"key":"Strength Potion"},{"floor":6.0,"key":"Regen Potion"},{"floor":8,"key":"LiquidBronze"},{"floor":10,"key":"Swift Potion"},{"floor":16,"key":"Ancient Potion"},{"floor":18,"key":"AttackPotion"}],"is_trial":false,"path_per_floor":["M","?","$","M","?","E","R","E","T","M","M","T","R","M","R","B",null,"M","?","?","M","?","R","M","M","T","R","R","M","M","$","R","B"],"character_chosen":"THE_SILENT","items_purchased":[],"campfire_rested":6,"item_purchase_floors":[],"current_hp_per_floor":[59,36,36,36,36,36,55,8,8,2,15,15,34,31,50,10,52,45,45,45,47,41,41,38,20,20,39,58,40,41,41,60,0],"gold":139,"neow_bonus":"THREE_ENEMY_KILL","is_prod":false,"is_daily":false,"chose_seed":false,"campfire_upgraded":1,"win_rate":0,"timestamp":1556807896,"path_taken":["M","?","$","M","?","E","R","E","T","M","?","?","R","M","R","BOSS","M","?","?","M","?","R","M","M","T","R","R","M","?","?","R","BOSS"],"build_version":"2019-01-23","purchased_purges":0,"victory":false,"max_hp_per_floor":[66,66,66,66,66,66,66,66,66,66,66,66,66,66,66,66,66,66,66,66,66,66,66,66,66,66,66,66,66,66,66,66,66],"card_choices":[{"not_picked":["Backflip","Calculated Gamble"],"picked":"Dagger Spray","floor":1.0},{"not_picked":["Finisher","Dagger Throw","Bane"],"picked":"SKIP","floor":4.0},{"not_picked":["Prepared","Unload"],"picked":"Caltrops","floor":6.0},{"not_picked":["Poisoned Stab","Underhanded Strike","Deadly Poison"],"picked":"SKIP","floor":8},{"not_picked":["Poisoned Stab","Dodge and Roll"],"picked":"Crippling Poison","floor":10},{"not_picked":["Dagger Spray","Catalyst"],"picked":"A Thousand Cuts","floor":11},{"not_picked":["Flying Knee","Reflex","Acrobatics"],"picked":"SKIP","floor":14},{"not_picked":["A Thousand Cuts","Grand Finale"],"picked":"Adrenaline","floor":16},{"not_picked":["Bane","Deflect","Flechettes"],"picked":"SKIP","floor":18},{"not_picked":["Slice","Deadly Poison"],"picked":"PiercingWail","floor":21},{"not_picked":["Outmaneuver","Deflect"],"picked":"Dash","floor":24},{"not_picked":["Blade Dance","Underhanded Strike+1"],"picked":"Malaise","floor":25},{"not_picked":["Poisoned Stab","Flying Knee"],"picked":"Backflip","floor":29},{"not_picked":["Blade Dance","Dagger Throw"],"picked":"Distraction","floor":30}],"player_experience":1082164,"relics_obtained":[{"floor":6.0,"key":"Dead Branch"},{"floor":8,"key":"WingedGreaves"},{"floor":9,"key":"Turnip"},{"floor":12,"key":"Bird Faced Urn"},{"floor":26,"key":"Boot"}],"event_choices":[{"damage_healed":0.0,"max_hp_gain":0.0,"max_hp_loss":0.0,"gold_gain":0.0,"event_name":"Golden Idol","player_choice":"Take Damage","floor":2.0,"gold_loss":0.0,"damage_taken":23.0,"relics_obtained":["Golden Idol"]},{"cards_removed":["Strike_G"],"damage_healed":0.0,"max_hp_gain":0.0,"max_hp_loss":0.0,"gold_gain":0.0,"event_name":"Purifier","player_choice":"Purged","floor":5.0,"gold_loss":0.0,"damage_taken":0.0},{"damage_healed":0,"gold_gain":0,"player_choice":"Ignored","damage_taken":0,"max_hp_gain":0,"max_hp_loss":0,"event_name":"Ghosts","floor":19,"gold_loss":0},{"damage_healed":0,"gold_gain":0,"player_choice":"Paid Fearfully","damage_taken":0,"max_hp_gain":0,"max_hp_loss":0,"event_name":"Masked Bandits","floor":20,"gold_loss":291},{"damage_healed":0,"gold_gain":0,"player_choice":"","damage_taken":6,"max_hp_gain":0,"max_hp_loss":0,"event_name":"Knowing Skull","floor":22,"potions_obtained":[],"gold_loss":0,"cards_obtained":[]}],"is_beta":false,"boss_relics":[{"not_picked":["Black Star","Orrery"],"picked":"Astrolabe"}],"items_purged_floors":[],"is_endless":false,"potions_floor_spawned":[4,6,8,10,16,18,30],"killed_by":"Champ","ascension_level":20}