{"gold_per_floor":[112,112,122,122,136,163,173,183,183,183],"floor_reached":10,"playtime":1311,"items_purged":[],"score":70,"play_id":"4e08d0d6-f6dd-4c69-9f04-c2ff0b06be7e","local_time":"20190608233035","is_ascension_mode":false,"campfire_choices":[],"neow_cost":"CURSE","seed_source_timestamp":2377275779882266,"circlet_count":0,"master_deck":["Strike_R","Strike_R","Strike_R","Strike_R","Strike_R","Defend_R","Defend_R","Defend_R","Defend_R","Bash","Demon Form","Heavy Blade","Battle Trance","Pommel Strike","Bash","Heavy Blade","Limit Break","Flex","Armaments"],"relics":["Burning Blood","Meat on the Bone","Sundial"],"potions_floor_usage":[6,7],"damage_taken":[{"damage":14,"enemies":"Small Slimes","floor":1,"turns":4},{"damage":2,"enemies":"Cultist","floor":3,"turns":5},{"damage":4,"enemies":"2 Louse","floor":5,"turns":3},{"damage":31,"enemies":"3 Sentries","floor":6,"turns":6},{"damage":22,"enemies":"Exordium Wildlife","floor":7,"turns":4},{"damage":16,"enemies":"Blue Slaver","floor":8,"turns":4},{"damage":48,"enemies":"Gremlin Gang","floor":10,"turns":3}],"seed_played":"1198929462995468336","potions_obtained":[{"floor":3,"key":"Regen Potion"},{"floor":6,"key":"SteroidPotion"},{"floor":7,"key":"Dexterity Potion"}],"is_trial":false,"path_per_floor":["M","?","M","?","M","E","M","M","T","M"],"character_chosen":"IRONCLAD","items_purchased":[],"campfire_rested":0,"item_purchase_floors":[],"current_hp_per_floor":[72,65,69,69,71,61,57,47,47,0],"gold":183,"neow_bonus":"THREE_RARE_CARDS","is_prod":false,"is_daily":false,"chose_seed":false,"campfire_upgraded":0,"win_rate":0,"timestamp":1560061835,"path_taken":["M","?","M","?","M","E","M","M","T","M"],"build_version":"2019-01-23","purchased_purges":0,"victory":false,"max_hp_per_floor":[80,80,80,80,80,80,80,80,80,80],"card_choices":[{"not_picked":["Bludgeon","Brutality"],"picked":"Demon Form","floor":0},{"not_picked":["Fire Breathing","Thunderclap"],"picked":"Heavy Blade","floor":1},{"not_picked":["Combust","Blood for Blood"],"picked":"Battle Trance","floor":3},{"not_picked":["Thunderclap","Clash"],"picked":"Heavy Blade","floor":5},{"not_picked":["Headbutt","Blood for Blood"],"picked":"Limit Break","floor":6},{"not_picked":["Clothesline","Cleave"],"picked":"Flex","floor":7},{"not_picked":["True Grit","Searing Blow"],"picked":"Armaments","floor":8}],"player_experience":51746,"relics_obtained":[{"floor":6,"key":"Meat on the Bone"},{"floor":9,"key":"Sundial"}],"event_choices":[{"cards_removed":["Pain"],"damage_healed":0,"gold_gain":0,"player_choice":"Card Removal","damage_taken":7,"max_hp_gain":0,"max_hp_loss":0,"event_name":"Golden Wing","floor":2,"gold_loss":0},{"damage_healed":0,"gold_gain":0,"player_choice":"2 cards matched","damage_taken":0,"max_hp_gain":0,"max_hp_loss":0,"event_name":"Match and Keep!","floor":4,"gold_loss":0,"cards_obtained":["Pommel Strike","Bash"]}],"is_beta":false,"boss_relics":[],"items_purged_floors":[],"is_endless":false,"potions_floor_spawned":[3,6,7],"killed_by":"Gremlin Gang","ascension_level":0}