{"gold_per_floor":[114,114,125,125,136,164,164,180,250,250,250,175,175,190,190,190],"floor_reached":16,"playtime":543,"items_purged":[],"score":225,"play_id":"26f1c98d-d68d-41fc-a71a-97a71f1876ff","local_time":"20190531193307","is_ascension_mode":true,"campfire_choices":[{"data":"Zap","floor":7,"key":"SMITH"},{"data":"Hologram","floor":10,"key":"SMITH"},{"data":"Loop","floor":13,"key":"SMITH"},{"floor":15,"key":"REST"}],"neow_cost":"NONE","seed_source_timestamp":223950342207667,"circlet_count":0,"master_deck":["AscendersBane","Strike_B","Strike_B","Defend_B","Defend_B","Defend_B","Defend_B","Zap+1","Dualcast","Cold Snap","Hologram+1","Loop+1"],"relics":["Cracked Core","NeowsBlessing","Mango","Lantern"],"potions_floor_usage":[5,16],"damage_taken":[{"damage":0,"enemies":"Cultist","floor":1,"turns":1},{"damage":0,"enemies":"Jaw Worm","floor":3,"turns":1},{"damage":0,"enemies":"Small Slimes","floor":5,"turns":1},{"damage":30,"enemies":"Gremlin Nob","floor":6,"turns":4},{"damage":7,"enemies":"Looter","floor":8,"turns":3},{"damage":6,"enemies":"Exordium Wildlife","floor":14,"turns":3},{"damage":67,"enemies":"Hexaghost","floor":16,"turns":11}],"seed_played":"-760014905433213292","potions_obtained":[{"floor":5,"key":"Fruit Juice"},{"floor":8,"key":"PowerPotion"}],"is_trial":false,"path_per_floor":["M","?","M","?","M","E","R","M","T","R","$","?","R","M","R","B"],"character_chosen":"DEFECT","items_purchased":[],"campfire_rested":1,"item_purchase_floors":[],"current_hp_per_floor":[64,78,78,78,83,53,53,46,46,46,46,46,46,40,67,0],"gold":190,"neow_bonus":"THREE_ENEMY_KILL","is_prod":false,"is_daily":false,"chose_seed":false,"campfire_upgraded":3,"win_rate":0,"timestamp":1559320387,"path_taken":["M","?","?","?","M","E","R","?","T","R","$","?","R","M","R","BOSS"],"build_version":"2019-01-23","purchased_purges":0,"victory":false,"max_hp_per_floor":[71,85,85,85,90,90,90,90,90,90,90,90,90,90,90,90],"card_choices":[{"not_picked":["Sweeping Beam","Barrage"],"picked":"Cold Snap","floor":1},{"not_picked":["Steam","Turbo"],"picked":"Hologram","floor":3},{"not_picked":["Steam","Hologram"],"picked":"Loop","floor":5},{"not_picked":["Fission","Melter","Beam Cell"],"picked":"SKIP","floor":6},{"not_picked":["Streamline","Hologram","Cold Snap"],"picked":"SKIP","floor":8},{"not_picked":["Recycle","Lockon","Streamline"],"picked":"SKIP","floor":14}],"player_experience":1140872,"relics_obtained":[{"floor":2,"key":"Mango"},{"floor":6,"key":"Lantern"}],"event_choices":[{"damage_healed":0,"gold_gain":0,"player_choice":"Relic","damage_taken":0,"max_hp_gain":0,"max_hp_loss":0,"event_name":"Wheel of Change","floor":2,"gold_loss":0},{"cards_removed":["Strike_B"],"damage_healed":0,"gold_gain":0,"player_choice":"Offered Basic","damage_taken":0,"max_hp_gain":0,"max_hp_loss":0,"event_name":"Bonfire Elementals","floor":4,"gold_loss":0},{"cards_removed":["Strike_B"],"damage_healed":0,"gold_gain":0,"player_choice":"Card Removal","damage_taken":0,"max_hp_gain":0,"max_hp_loss":0,"event_name":"The Cleric","floor":12,"gold_loss":75}],"is_beta":false,"boss_relics":[],"items_purged_floors":[],"is_endless":false,"potions_floor_spawned":[5,8],"killed_by":"Hexaghost","ascension_level":20}