{"gold_per_floor":[109,124,124,140,154,183,183,27,100,116,131,131,106,118,118,223,223,233,233,245,258,258,258,268,299,299,317,317],"floor_reached":28,"playtime":1624,"items_purged":[],"score":332,"play_id":"5b495694-0596-4800-9030-8c6533cc1cbd","local_time":"20190501184443","is_ascension_mode":true,"campfire_choices":[{"data":"Deflect","floor":7,"key":"SMITH"},{"data":"Neutralize","floor":12,"key":"SMITH"},{"data":"Backflip","floor":15,"key":"SMITH"},{"data":"Accuracy","floor":23,"key":"SMITH"}],"neow_cost":"NONE","seed_source_timestamp":1139200258360000,"circlet_count":0,"master_deck":["Defend_G","Defend_G","Defend_G","Defend_G","Defend_G","Strike_G","Strike_G","Strike_G","Strike_G","Strike_G","Survivor+1","Neutralize+1","Cloak And Dagger+1","Blade Dance","Deflect+1","Blade Dance","Blade Dance","Quick Slash","Backflip+1","Dodge and Roll","Acrobatics","After Image","Dagger Spray+1","Accuracy+1","Blade Dance","Cloak And Dagger","Distraction+1"],"relics":["Ring of the Snake","Mango","Boot","Bottled Flame","Runic Pyramid","Orichalcum","Ancient Tea Set"],"potions_floor_usage":[6,6,16,16,25,25,25,25,25],"damage_taken":[{"damage":0,"enemies":"Cultist","floor":1,"turns":3},{"damage":0,"enemies":"2 Louse","floor":2,"turns":3},{"damage":0,"enemies":"Jaw Worm","floor":4,"turns":5},{"damage":0,"enemies":"Large Slime","floor":5,"turns":6},{"damage":13,"enemies":"Gremlin Nob","floor":6,"turns":4},{"damage":0,"enemies":"Exordium Thugs","floor":10,"turns":5},{"damage":0,"enemies":"3 Louse","floor":11,"turns":3},{"damage":0,"enemies":"Lots of Slimes","floor":14,"turns":4},{"damage":8,"enemies":"The Guardian","floor":16,"turns":14},{"damage":8,"enemies":"Shell Parasite","floor":18,"turns":8},{"damage":0,"enemies":"3 Byrds","floor":20,"turns":3},{"damage":13,"enemies":"Snake Plant","floor":21,"turns":6},{"damage":17,"enemies":"Shelled Parasite and Fungi","floor":24,"turns":6},{"damage":0,"enemies":"Gremlin Leader","floor":25,"turns":3},{"damage":26,"enemies":"3 Cultists","floor":27,"turns":8},{"damage":6,"enemies":"Slavers","floor":28,"turns":1}],"seed_played":"1345327629413802314","potions_obtained":[{"floor":4,"key":"Explosive Potion"},{"floor":5,"key":"SteroidPotion"},{"floor":11,"key":"FearPotion"},{"floor":14,"key":"Strength Potion"},{"floor":18,"key":"Strength Potion"},{"floor":20,"key":"EntropicBrew"},{"floor":21,"key":"Poison Potion"}],"is_trial":false,"path_per_floor":["M","M","?","M","M","E","R","$","T","M","M","R","$","M","R","B",null,"M","?","M","M","?","R","M","E","T","M","E"],"character_chosen":"THE_SILENT","items_purchased":["Boot","Dodge and Roll"],"campfire_rested":0,"item_purchase_floors":[8,13],"current_hp_per_floor":[70,70,70,70,70,71,71,71,71,71,71,71,71,71,71,63,84,76,60,60,47,47,47,30,30,30,4,0],"gold":317,"neow_bonus":"UPGRADE_CARD","is_prod":false,"is_daily":false,"chose_seed":false,"campfire_upgraded":4,"win_rate":0,"timestamp":1556754283,"path_taken":["M","?","?","?","M","E","R","?","T","M","?","R","$","M","R","BOSS","M","?","M","M","?","R","M","E","T","M","E"],"build_version":"2019-01-23","purchased_purges":0,"victory":false,"max_hp_per_floor":[70,70,70,70,70,84,84,84,84,84,84,84,84,84,84,84,84,84,89,89,89,89,89,89,89,89,89,89],"card_choices":[{"not_picked":["Outmaneuver","Deflect"],"picked":"Cloak And Dagger","floor":1},{"not_picked":["Acrobatics","Dagger Throw"],"picked":"Blade Dance","floor":2},{"not_picked":["Predator","Deadly Poison"],"picked":"Deflect","floor":4},{"not_picked":["Prepared","Finisher"],"picked":"Blade Dance","floor":5},{"not_picked":["Slice","Bane"],"picked":"Blade Dance","floor":6},{"not_picked":["Prepared","Leg Sweep"],"picked":"Quick Slash","floor":10},{"not_picked":["Dagger Throw","Quick Slash"],"picked":"Backflip","floor":11},{"not_picked":["Masterful Stab","Eviscerate"],"picked":"Acrobatics","floor":14},{"not_picked":["Malaise","Venomology"],"picked":"After Image","floor":16},{"not_picked":["Distraction","Flechettes+1"],"picked":"Dagger Spray+1","floor":18},{"not_picked":["Slice","Dodge and Roll"],"picked":"Accuracy","floor":20},{"not_picked":["Dagger Throw+1","Distraction+1"],"picked":"Blade Dance","floor":21},{"not_picked":["Caltrops","Riddle With Holes","Reflex"],"picked":"SKIP","floor":24},{"not_picked":["Heel Hook","Choke"],"picked":"Cloak And Dagger","floor":25},{"not_picked":["Sucker Punch","Glass Knife"],"picked":"Distraction+1","floor":27}],"player_experience":85487,"relics_obtained":[{"floor":6,"key":"Mango"},{"floor":9,"key":"Bottled Flame"},{"floor":25,"key":"Orichalcum"},{"floor":26,"key":"Ancient Tea Set"}],"event_choices":[{"damage_healed":0,"gold_gain":0,"player_choice":"Forge","damage_taken":0,"max_hp_gain":0,"max_hp_loss":0,"event_name":"Accursed Blacksmith","floor":3,"gold_loss":0,"cards_upgraded":["Cloak And Dagger"]},{"damage_healed":0,"gold_gain":0,"player_choice":"Shed Blood","damage_taken":21,"max_hp_gain":5,"max_hp_loss":0,"event_name":"Forgotten Altar","floor":19,"gold_loss":0},{"damage_healed":0,"gold_gain":0,"player_choice":"Ignored","damage_taken":0,"max_hp_gain":0,"max_hp_loss":0,"event_name":"Ghosts","floor":22,"gold_loss":0}],"is_beta":false,"boss_relics":[{"not_picked":["Fusion Hammer","Tiny House"],"picked":"Runic Pyramid"}],"items_purged_floors":[],"is_endless":false,"potions_floor_spawned":[4,5,11,14,18,20,21],"killed_by":"Slavers","ascension_level":1}