{"gold_per_floor":[119,132,207,135,135,168,187,187,187,249,249,259,284,301,301,301],"floor_reached":16,"playtime":972,"items_purged":[],"score":254,"play_id":"14c022a6-d09a-467e-aa1c-72b182c18654","local_time":"20181127021121","is_ascension_mode":true,"campfire_choices":[{"floor":11,"key":"REST"},{"floor":15,"key":"REST"}],"neow_cost":"NONE","seed_source_timestamp":4579545362330,"circlet_count":0,"master_deck":["AscendersBane","Strike_B","Strike_B","Strike_B","Strike_B","Defend_B","Defend_B","Defend_B","Defend_B","Zap","Dualcast","Self Repair","Defragment","White Noise","Conserve Battery","White Noise"],"relics":["Cracked Core","NeowsBlessing","Singing Bowl","Pen Nib","Anchor","Tiny Chest","Strawberry"],"potions_floor_usage":[14],"damage_taken":[{"damage":0,"enemies":"2 Louse","floor":1,"turns":1},{"damage":0,"enemies":"Jaw Worm","floor":2,"turns":1},{"damage":0,"enemies":"Gremlin Nob","floor":6,"turns":1},{"damage":8,"enemies":"Cultist","floor":7,"turns":3},{"damage":45,"enemies":"3 Sentries","floor":10,"turns":6},{"damage":6,"enemies":"Looter","floor":12,"turns":3},{"damage":25,"enemies":"Gremlin Nob","floor":13,"turns":4},{"damage":8,"enemies":"Exordium Thugs","floor":14,"turns":5},{"damage":90,"enemies":"The Guardian","floor":16,"turns":12}],"seed_played":"-6326165854126328643","potions_obtained":[{"floor":6,"key":"FairyPotion"},{"floor":12,"key":"Explosive Potion"},{"floor":14,"key":"Energy Potion"}],"is_trial":false,"path_per_floor":["M","M","?","$","?","E","M","?","T","E","R","M","E","M","R","B"],"character_chosen":"DEFECT","items_purchased":["Defragment"],"campfire_rested":2,"item_purchase_floors":[4],"current_hp_per_floor":[64,71,60,60,60,60,54,54,54,18,40,41,30,24,49,0],"gold":301,"neow_bonus":"THREE_ENEMY_KILL","is_prod":false,"is_daily":false,"chose_seed":false,"campfire_upgraded":0,"win_rate":0,"timestamp":1543273881,"path_taken":["M","M","?","$","?","E","M","?","T","E","R","M","E","?","R","BOSS"],"build_version":"2018-11-15","purchased_purges":0,"victory":false,"max_hp_per_floor":[71,71,71,71,71,71,73,73,73,75,75,75,82,84,84,84],"card_choices":[{"not_picked":["Ball Lightning","Recycle"],"picked":"Self Repair","floor":1},{"not_picked":["Barrage","Streamline","Redo"],"picked":"SKIP","floor":2},{"not_picked":["Static Discharge","Force Field"],"picked":"White Noise","floor":6},{"not_picked":["Ball Lightning","Barrage","Doom and Gloom"],"picked":"Singing Bowl","floor":7},{"not_picked":["Hyperbeam","Compile Driver","Force Field"],"picked":"Singing Bowl","floor":10},{"not_picked":["Consume","Steam"],"picked":"Conserve Battery","floor":12},{"not_picked":["Steam","Hello World"],"picked":"White Noise","floor":13},{"not_picked":["Redo","Reprogram","Barrage"],"picked":"Singing Bowl","floor":14}],"player_experience":761559,"relics_obtained":[{"floor":6,"key":"Pen Nib"},{"floor":9,"key":"Anchor"},{"floor":10,"key":"Tiny Chest"},{"floor":13,"key":"Strawberry"}],"event_choices":[{"damage_healed":0,"gold_gain":75,"player_choice":"Gather Gold","damage_taken":11,"max_hp_gain":0,"max_hp_loss":0,"event_name":"World of Goop","floor":3,"gold_loss":0},{"damage_healed":0,"gold_gain":0,"player_choice":"Box","damage_taken":0,"relics_obtained":["Singing Bowl"],"max_hp_gain":0,"max_hp_loss":0,"event_name":"Big Fish","floor":5,"gold_loss":0,"cards_obtained":["Regret"]},{"cards_removed":["Regret"],"damage_healed":0,"gold_gain":0,"player_choice":"Forget","damage_taken":0,"max_hp_gain":0,"max_hp_loss":0,"event_name":"Living Wall","floor":8,"gold_loss":0}],"is_beta":false,"boss_relics":[],"items_purged_floors":[],"is_endless":false,"potions_floor_spawned":[6,12,14],"killed_by":"The Guardian","ascension_level":15}