{"gold_per_floor":[113,113,125,102,277,309,309,340,340,340,355,430,465,475,475,580,580,593,518,518,535,535,569,597,609,674,686,727,751,763,791,803,919,931,960,1072,1084,1143,1175,1187,1230,1254,1266,1278],"floor_reached":44,"playtime":1641,"items_purged":[],"score":800,"play_id":"8621c476-a9a8-45ce-a0d8-d4c7531fc5fa","local_time":"20190302142657","is_ascension_mode":true,"campfire_choices":[{"data":"Neutralize","floor":10,"key":"SMITH"},{"floor":15,"key":"REST"},{"data":"Distraction","floor":27,"key":"SMITH"},{"floor":30,"key":"REST"},{"data":"Cloak And Dagger","floor":32,"key":"SMITH"},{"floor":40,"key":"REST"}],"neow_cost":"NONE","seed_source_timestamp":148458427638652,"circlet_count":0,"master_deck":["Survivor","Neutralize+1","Deflect","Cloak And Dagger+1","Dagger Throw","Adrenaline","Slice+1","Well Laid Plans","Backstab+1","Sucker Punch+1","Corpse Explosion","Prepared","Tools of the Trade","Dagger Spray+1","Calculated Gamble","Choke+1","Riddle With Holes+1","Distraction+1","Deflect","Bane+1","Dash+1","Backstab+1","Deflect+1","Infinite Blades+1","Tactician","Slice+1","Heel Hook+1","Envenom","Underhanded Strike+1","Bouncing Flask","Trip","Cloak And Dagger+1","Endless Agony+1","Noxious Fumes","Infinite Blades+1","Deflect+1"],"relics":["Ring of the Snake","NeowsBlessing","Molten Egg 2","Spirit Poop","Anchor","Shuriken","Bottled Tornado","Pandora\u0027s Box","FaceOfCleric","MawBank","Bronze Scales","Pen Nib","Sozu","Prayer Wheel","WingedGreaves","Strawberry","Pantograph"],"potions_floor_usage":[8,16,31,36,38],"damage_taken":[{"damage":0,"enemies":"2 Louse","floor":1,"turns":1},{"damage":0,"enemies":"Cultist","floor":3,"turns":1},{"damage":0,"enemies":"Lagavulin","floor":6,"turns":1},{"damage":14,"enemies":"3 Sentries","floor":8,"turns":14},{"damage":0,"enemies":"Jaw Worm","floor":11,"turns":2},{"damage":18,"enemies":"Gremlin Nob","floor":13,"turns":4},{"damage":0,"enemies":"2 Fungi Beasts","floor":14,"turns":3},{"damage":33,"enemies":"Hexaghost","floor":16,"turns":9},{"damage":8,"enemies":"2 Thieves","floor":18,"turns":3},{"damage":0,"enemies":"3 Byrds","floor":21,"turns":3},{"damage":16,"enemies":"Slavers","floor":23,"turns":3},{"damage":3,"enemies":"Centurion and Healer","floor":24,"turns":4},{"damage":11,"enemies":"Book of Stabbing","floor":28,"turns":3},{"damage":7,"enemies":"Snake Plant","floor":29,"turns":2},{"damage":0,"enemies":"Snecko","floor":31,"turns":2},{"damage":12,"enemies":"Champ","floor":33,"turns":6},{"damage":23,"enemies":"3 Shapes","floor":35,"turns":5},{"damage":0,"enemies":"Mind Bloom Boss Battle","floor":36,"turns":2},{"damage":9,"enemies":"2 Orb Walkers","floor":38,"turns":3},{"damage":7,"enemies":"3 Darklings","floor":39,"turns":4},{"damage":46,"enemies":"Reptomancer","floor":41,"turns":4},{"damage":0,"enemies":"Transient","floor":42,"turns":5},{"damage":30,"enemies":"Nemesis","floor":44,"turns":4}],"seed_played":"-8980574916375389398","potions_obtained":[{"floor":3,"key":"GhostInAJar"},{"floor":11,"key":"GamblersBrew"},{"floor":13,"key":"LiquidBronze"},{"floor":14,"key":"Ancient Potion"},{"floor":16,"key":"Energy Potion"},{"floor":21,"key":"SpeedPotion"},{"floor":31,"key":"Fire Potion"}],"is_trial":false,"path_per_floor":["M","$","M","$","?","E","?","E","T","R","M","?","E","M","R","B",null,"M","?","?","M","?","E","M","?","T","R","E","M","R","M","R","B",null,"M","?","?","?","M","R","E","M","T","E"],"character_chosen":"THE_SILENT","items_purchased":["Dagger Throw"],"campfire_rested":3,"item_purchase_floors":[4],"current_hp_per_floor":[63,63,63,63,63,63,63,49,49,49,49,38,20,20,41,8,55,47,47,47,47,47,32,30,54,54,54,44,38,60,61,61,50,70,48,49,49,41,35,59,21,22,22,0],"gold":1278,"neow_bonus":"THREE_ENEMY_KILL","is_prod":false,"is_daily":false,"chose_seed":false,"campfire_upgraded":3,"win_rate":0,"timestamp":1551558417,"path_taken":["M","$","M","$","?","E","?","E","T","R","?","?","E","M","R","BOSS","M","?","?","?","?","E","?","?","T","R","E","M","R","M","R","BOSS","M","?","?","?","?","R","E","M","T","E"],"build_version":"2019-01-23","purchased_purges":0,"victory":false,"max_hp_per_floor":[70,70,70,70,70,70,70,70,70,70,70,70,70,70,70,70,70,70,70,70,70,70,71,72,72,72,72,73,74,74,75,75,76,76,77,78,78,79,80,80,88,89,89,89],"card_choices":[{"not_picked":["Quick Slash","Prepared"],"picked":"Deflect","floor":1},{"not_picked":["Slice","Backflip"],"picked":"Cloak And Dagger","floor":3},{"not_picked":["Quick Slash","Tactician"],"picked":"Adrenaline","floor":6},{"not_picked":["Expertise","Underhanded Strike+1"],"picked":"Slice+1","floor":8},{"not_picked":["PiercingWail","Dash+1"],"picked":"Well Laid Plans","floor":11},{"not_picked":["Escape Plan","Finisher+1"],"picked":"Backstab+1","floor":13},{"not_picked":["Expertise","Flying Knee+1"],"picked":"Sucker Punch+1","floor":14},{"not_picked":["Die Die Die+1","Tools of the Trade"],"picked":"Corpse Explosion","floor":16},{"not_picked":["Flying Knee+1","Dagger Spray+1"],"picked":"Bane+1","floor":18},{"not_picked":["Sucker Punch+1","Dagger Throw+1"],"picked":"Backstab+1","floor":21},{"not_picked":["Poisoned Stab+1","Underhanded Strike+1"],"picked":"Deflect+1","floor":23},{"not_picked":["Backflip","Finisher+1"],"picked":"Infinite Blades+1","floor":24},{"not_picked":["Dagger Spray+1","Acrobatics+1"],"picked":"Tactician","floor":28},{"not_picked":["Dagger Throw+1","Eviscerate+1"],"picked":"Slice+1","floor":29},{"not_picked":["Bane+1","Predator+1"],"picked":"Heel Hook+1","floor":31},{"not_picked":["Doppelganger","Wraith Form v2"],"picked":"Envenom","floor":33},{"not_picked":["Riddle With Holes+1","Dagger Throw+1"],"picked":"Underhanded Strike+1","floor":35},{"not_picked":["Flying Knee+1","Outmaneuver"],"picked":"Bouncing Flask","floor":36},{"not_picked":["Madness","Transmutation"],"picked":"Trip","floor":37},{"not_picked":["Backflip","Heel Hook+1"],"picked":"Cloak And Dagger+1","floor":38},{"not_picked":["Accuracy+1","Backflip+1"],"picked":"Endless Agony+1","floor":39},{"not_picked":["Outmaneuver","Doppelganger"],"picked":"Noxious Fumes","floor":39},{"not_picked":["Predator+1","Distraction"],"picked":"Infinite Blades+1","floor":41},{"not_picked":["Deadly Poison+1","Heel Hook+1"],"picked":"Deflect+1","floor":42},{"not_picked":["Dagger Spray+1","Infinite Blades","Cloak And Dagger"],"picked":"SKIP","floor":42}],"player_experience":231681,"relics_obtained":[{"floor":6,"key":"Molten Egg 2"},{"floor":8,"key":"Anchor"},{"floor":9,"key":"Shuriken"},{"floor":13,"key":"Bottled Tornado"},{"floor":23,"key":"MawBank"},{"floor":26,"key":"Bronze Scales"},{"floor":28,"key":"Pen Nib"},{"floor":36,"key":"Prayer Wheel"},{"floor":38,"key":"WingedGreaves"},{"floor":41,"key":"Strawberry"},{"floor":43,"key":"Pantograph"}],"event_choices":[{"damage_healed":0,"gold_gain":175,"player_choice":"AGREE","damage_taken":0,"max_hp_gain":0,"max_hp_loss":0,"event_name":"Liars Game","floor":5,"gold_loss":0,"cards_obtained":["Doubt"]},{"cards_removed":["Doubt"],"damage_healed":0,"gold_gain":0,"player_choice":"Offered Curse","damage_taken":0,"relics_obtained":["Spirit Poop"],"max_hp_gain":0,"max_hp_loss":0,"event_name":"Bonfire Elementals","floor":7,"gold_loss":0},{"damage_healed":0,"gold_gain":75,"player_choice":"Gather Gold","damage_taken":11,"max_hp_gain":0,"max_hp_loss":0,"event_name":"World of Goop","floor":12,"gold_loss":0},{"cards_removed":["Accuracy"],"damage_healed":0,"gold_gain":0,"player_choice":"Gave Gold","damage_taken":0,"max_hp_gain":0,"max_hp_loss":0,"event_name":"Beggar","floor":19,"gold_loss":75},{"damage_healed":0,"gold_gain":0,"cards_transformed":["Tools of the Trade"],"player_choice":"Transformed","damage_taken":0,"max_hp_gain":0,"max_hp_loss":0,"event_name":"Transmorgrifier","floor":20,"gold_loss":0,"cards_obtained":["Dash"]},{"damage_healed":0,"gold_gain":0,"player_choice":"Trade","damage_taken":0,"relics_obtained":["FaceOfCleric"],"max_hp_gain":0,"max_hp_loss":0,"event_name":"FaceTrader","floor":22,"gold_loss":0},{"damage_healed":24,"gold_gain":0,"player_choice":"Heal","damage_taken":0,"max_hp_gain":0,"max_hp_loss":0,"event_name":"The Library","floor":25,"gold_loss":0},{"damage_healed":0,"gold_gain":0,"player_choice":"Fight","damage_taken":0,"max_hp_gain":0,"max_hp_loss":0,"event_name":"MindBloom","floor":36,"gold_loss":0},{"damage_healed":0,"gold_gain":0,"player_choice":"Memory 1","damage_taken":0,"max_hp_gain":0,"max_hp_loss":0,"event_name":"SensoryStone","floor":37,"gold_loss":0},{"damage_healed":0,"gold_gain":0,"player_choice":"Fight","damage_taken":0,"max_hp_gain":0,"max_hp_loss":0,"event_name":"Mysterious Sphere","floor":38,"gold_loss":0}],"is_beta":false,"boss_relics":[{"not_picked":["Eternal Feather","Fusion Hammer"],"picked":"Pandora\u0027s Box"},{"not_picked":["Velvet Choker","Empty Cage"],"picked":"Sozu"}],"items_purged_floors":[],"is_endless":false,"potions_floor_spawned":[3,11,13,14,16,18,21,28,31,35,38,42],"killed_by":"Nemesis","ascension_level":7}