{"gold_per_floor":[115,190,207,207,217,242,260,260,310,31,41,41,72,83,83,180,180,180,180,105,105,105,105,105,105,105,105,105,105,105,105,105,105,105,105,105,105,105],"floor_reached":38,"playtime":5816,"items_purged":[],"score":410,"play_id":"8294fe61-a5ff-43d5-a7c0-191760121369","local_time":"20190611140010","is_ascension_mode":false,"campfire_choices":[{"floor":8,"key":"REST"},{"floor":15,"key":"REST"},{"floor":23,"key":"REST"},{"floor":28,"key":"REST"},{"floor":30,"key":"REST"},{"data":"Catalyst","floor":32,"key":"SMITH"}],"neow_cost":"NONE","seed_source_timestamp":2597712275138086,"circlet_count":0,"master_deck":["Defend_G","Defend_G","Defend_G","Defend_G","Defend_G","Strike_G","Survivor","Neutralize","Flying Knee","Crippling Poison","Distraction","Footwork","Catalyst+1","Noxious Fumes","Poisoned Stab","Backflip","Deadly Poison","Corpse Explosion","Bane","Blur","Well Laid Plans","Dash+1","Doppelganger+1","Acrobatics+1","Footwork","Noxious Fumes","Crippling Poison+1","Wraith Form v2","Burst+1","Night Terror+1","Die Die Die+1","PiercingWail+1","Outmaneuver+1","Madness+1"],"relics":["Ring of the Snake","NeowsBlessing","Question Card","Orichalcum","TwistedFunnel","Happy Flower","Ectoplasm","Toxic Egg 2","Astrolabe"],"potions_floor_usage":[18,24,25,27,33,38],"damage_taken":[{"damage":0,"enemies":"Cultist","floor":1,"turns":1},{"damage":0,"enemies":"Jaw Worm","floor":3,"turns":1},{"damage":0,"enemies":"Small Slimes","floor":5,"turns":1},{"damage":32,"enemies":"Gremlin Nob","floor":6,"turns":5},{"damage":2,"enemies":"Blue Slaver","floor":7,"turns":6},{"damage":5,"enemies":"Large Slime","floor":11,"turns":7},{"damage":12,"enemies":"Lagavulin","floor":13,"turns":6},{"damage":9,"enemies":"3 Louse","floor":14,"turns":3},{"damage":13,"enemies":"Hexaghost","floor":16,"turns":8},{"damage":17,"enemies":"Spheric Guardian","floor":18,"turns":7},{"damage":6,"enemies":"Shell Parasite","floor":19,"turns":3},{"damage":13,"enemies":"Snecko","floor":22,"turns":5},{"damage":33,"enemies":"Book of Stabbing","floor":24,"turns":6},{"damage":23,"enemies":"Centurion and Healer","floor":25,"turns":5},{"damage":0,"enemies":"Snake Plant","floor":27,"turns":4},{"damage":3,"enemies":"3 Cultists","floor":29,"turns":3},{"damage":9,"enemies":"Shelled Parasite and Fungi","floor":31,"turns":5},{"damage":15,"enemies":"Collector","floor":33,"turns":6},{"damage":41,"enemies":"3 Darklings","floor":35,"turns":4},{"damage":4,"enemies":"3 Shapes","floor":36,"turns":2},{"damage":33,"enemies":"2 Orb Walkers","floor":38,"turns":4}],"seed_played":"6304255630581606130","potions_obtained":[{"floor":5,"key":"GamblersBrew"},{"floor":7,"key":"Strength Potion"},{"floor":11,"key":"GhostInAJar"},{"floor":13,"key":"Dexterity Potion"},{"floor":16,"key":"FairyPotion"},{"floor":18,"key":"PowerPotion"},{"floor":24,"key":"Swift Potion"},{"floor":27,"key":"Swift Potion"},{"floor":36,"key":"Swift Potion"}],"is_trial":false,"path_per_floor":["M","?","M","?","M","E","M","R","T","$","M","$","E","M","R","B",null,"M","M","$","?","M","R","E","M","T","M","R","M","R","M","R","B",null,"M","M","?","?"],"character_chosen":"THE_SILENT","items_purchased":["TwistedFunnel","Noxious Fumes","Well Laid Plans"],"campfire_rested":5,"item_purchase_floors":[10,10,20],"current_hp_per_floor":[70,59,59,70,70,38,36,57,57,57,52,52,40,31,52,39,70,53,47,47,47,34,55,22,7,7,7,28,25,46,37,37,22,70,29,25,25,0],"gold":105,"neow_bonus":"THREE_ENEMY_KILL","is_prod":false,"is_daily":false,"chose_seed":false,"campfire_upgraded":1,"win_rate":0,"timestamp":1560286810,"path_taken":["M","?","M","?","M","E","?","R","T","?","M","$","E","M","R","BOSS","M","M","$","?","M","R","E","M","T","?","R","M","R","M","R","BOSS","M","M","?","?"],"build_version":"2019-01-23","purchased_purges":0,"victory":false,"max_hp_per_floor":[70,70,70,70,70,70,70,70,70,70,70,70,70,70,70,70,70,70,70,70,70,70,70,70,70,70,70,70,70,70,70,70,70,70,70,70,70,70],"card_choices":[{"not_picked":["Sucker Punch","Bane"],"picked":"Flying Knee","floor":1},{"not_picked":["Outmaneuver","Heel Hook"],"picked":"Crippling Poison","floor":3},{"not_picked":["Skewer","Underhanded Strike"],"picked":"Distraction","floor":5},{"not_picked":["Backflip","All Out Attack"],"picked":"Footwork","floor":6},{"not_picked":["Heel Hook","Outmaneuver","Sucker Punch"],"picked":"Catalyst","floor":7},{"not_picked":["Phantasmal Killer","Eviscerate","Blade Dance"],"picked":"Poisoned Stab","floor":11},{"not_picked":["Blade Dance","Terror","Quick Slash"],"picked":"Backflip","floor":13},{"not_picked":["Terror","All Out Attack","Blade Dance"],"picked":"Deadly Poison","floor":14},{"not_picked":["After Image","Bullet Time","Venomology"],"picked":"Corpse Explosion","floor":16},{"not_picked":["Blade Dance","Dagger Throw","Quick Slash+1"],"picked":"Bane","floor":18},{"not_picked":["Crippling Poison","Poisoned Stab+1","Deadly Poison"],"picked":"Blur","floor":19},{"not_picked":["Leg Sweep","Prepared","Blur"],"picked":"Dash+1","floor":22},{"not_picked":["All Out Attack","Prepared","Slice"],"picked":"Doppelganger","floor":24},{"not_picked":["Skewer+1","Deadly Poison+1","Quick Slash"],"picked":"Acrobatics+1","floor":25},{"not_picked":["Dagger Spray","Quick Slash","Bane+1"],"picked":"Footwork","floor":27},{"not_picked":["Quick Slash","All Out Attack","Glass Knife"],"picked":"Noxious Fumes","floor":29},{"not_picked":["Deadly Poison+1","Sucker Punch","Prepared+1"],"picked":"Crippling Poison+1","floor":31},{"not_picked":["Malaise+1","Adrenaline+1","Envenom"],"picked":"Wraith Form v2","floor":33},{"not_picked":["Deflect+1","Dagger Spray+1","Flying Knee+1"],"picked":"PiercingWail+1","floor":35},{"not_picked":["Bouncing Flask+1","Slice","Backflip+1"],"picked":"Outmaneuver+1","floor":36},{"not_picked":["Impatience+1","Discovery+1","Chrysalis+1"],"picked":"Madness+1","floor":37}],"player_experience":110968,"relics_obtained":[{"floor":6,"key":"Question Card"},{"floor":9,"key":"Orichalcum"},{"floor":13,"key":"Happy Flower"},{"floor":24,"key":"Toxic Egg 2"}],"event_choices":[{"damage_healed":0,"gold_gain":75,"player_choice":"Gather Gold","damage_taken":11,"max_hp_gain":0,"max_hp_loss":0,"event_name":"World of Goop","floor":2,"gold_loss":0},{"damage_healed":11,"gold_gain":0,"player_choice":"Full Heal","damage_taken":0,"max_hp_gain":0,"max_hp_loss":0,"event_name":"Wheel of Change","floor":4,"gold_loss":0},{"cards_removed":["Strike_G"],"damage_healed":0,"gold_gain":0,"player_choice":"Offered Basic","damage_taken":0,"max_hp_gain":0,"max_hp_loss":0,"event_name":"Bonfire Elementals","floor":21,"gold_loss":0},{"damage_healed":0,"gold_gain":0,"player_choice":"Memory 1","damage_taken":0,"max_hp_gain":0,"max_hp_loss":0,"event_name":"SensoryStone","floor":37,"gold_loss":0},{"damage_healed":0,"gold_gain":0,"player_choice":"Fight","damage_taken":0,"max_hp_gain":0,"max_hp_loss":0,"event_name":"Mysterious Sphere","floor":38,"gold_loss":0}],"is_beta":false,"boss_relics":[{"not_picked":["Philosopher\u0027s Stone","Cursed Key"],"picked":"Ectoplasm"},{"not_picked":["Runic Pyramid","Busted Crown"],"picked":"Astrolabe"}],"items_purged_floors":[],"is_endless":false,"potions_floor_spawned":[5,7,11,13,16,18,19,24,27,36],"killed_by":"2 Orb Walkers","ascension_level":0}