{"gold_per_floor":[112,112,187,202,202,202,236,236,236,253,104,136,136,148,148,148],"floor_reached":16,"playtime":587,"items_purged":["Regret"],"score":266,"play_id":"3be07b31-e172-4564-aa6e-79e7c234a15f","local_time":"20190508192515","is_ascension_mode":true,"campfire_choices":[{"data":"Caltrops","floor":6,"key":"SMITH"},{"floor":13,"key":"REST"},{"data":"Noxious Fumes","floor":15,"key":"SMITH"}],"neow_cost":"NONE","seed_source_timestamp":52240305911049,"circlet_count":0,"master_deck":["AscendersBane","Defend_G","Defend_G","Defend_G","Defend_G","Defend_G","Strike_G","Strike_G","Strike_G","Strike_G","Survivor","Neutralize","Caltrops+1","Tactician","Burst","Noxious Fumes+1","Dash"],"relics":["Ring of the Snake","NeowsBlessing","Strawberry","Bag of Marbles","NlothsMask","Prayer Wheel"],"potions_floor_usage":[12,16],"damage_taken":[{"damage":0,"enemies":"Jaw Worm","floor":1,"turns":1},{"damage":0,"enemies":"2 Louse","floor":4,"turns":1},{"damage":0,"enemies":"Lagavulin","floor":7,"turns":1},{"damage":2,"enemies":"Cultist","floor":10,"turns":4},{"damage":27,"enemies":"3 Sentries","floor":12,"turns":9},{"damage":9,"enemies":"Large Slime","floor":14,"turns":7},{"damage":34,"enemies":"Slime Boss","floor":16,"turns":7}],"seed_played":"6541775473635053581","potions_obtained":[{"floor":1,"key":"EssenceOfSteel"},{"floor":10,"key":"Block Potion"}],"is_trial":false,"path_per_floor":["M","?","?","M","?","R","E","?","T","M","$","E","R","M","R","B"],"character_chosen":"THE_SILENT","items_purchased":["Noxious Fumes"],"campfire_rested":1,"item_purchase_floors":[11],"current_hp_per_floor":[59,52,41,41,48,48,48,48,48,46,46,19,40,31,31,0],"gold":148,"neow_bonus":"THREE_ENEMY_KILL","is_prod":false,"is_daily":false,"chose_seed":false,"campfire_upgraded":2,"win_rate":0,"timestamp":1557332715,"path_taken":["M","?","?","M","?","R","E","?","T","M","$","E","R","?","R","BOSS"],"build_version":"2019-01-23","purchased_purges":1,"victory":false,"max_hp_per_floor":[66,66,66,66,73,73,73,73,73,73,73,73,73,73,73,73],"card_choices":[{"not_picked":["Terror","Dagger Throw"],"picked":"Caltrops","floor":1},{"not_picked":["All Out Attack","Deflect","Sucker Punch"],"picked":"SKIP","floor":4},{"not_picked":["Underhanded Strike","Slice"],"picked":"Tactician","floor":7},{"not_picked":["Predator","Dodge and Roll"],"picked":"Burst","floor":10},{"not_picked":["Backstab","Setup"],"picked":"Dash","floor":12},{"not_picked":["Cloak And Dagger","Deflect","Calculated Gamble"],"picked":"SKIP","floor":14},{"not_picked":["Dagger Throw","Flying Knee","Dodge and Roll"],"picked":"SKIP","floor":14}],"player_experience":1100393,"relics_obtained":[{"floor":7,"key":"Bag of Marbles"},{"floor":12,"key":"Prayer Wheel"}],"event_choices":[{"cards_removed":["Strike_G"],"damage_healed":0,"gold_gain":0,"player_choice":"Card Removal","damage_taken":7,"max_hp_gain":0,"max_hp_loss":0,"event_name":"Golden Wing","floor":2,"gold_loss":0},{"damage_healed":0,"gold_gain":75,"player_choice":"Gather Gold","damage_taken":11,"max_hp_gain":0,"max_hp_loss":0,"event_name":"World of Goop","floor":3,"gold_loss":0},{"damage_healed":0,"gold_gain":0,"player_choice":"Box","damage_taken":0,"relics_obtained":["Strawberry"],"max_hp_gain":0,"max_hp_loss":0,"event_name":"Big Fish","floor":5,"gold_loss":0,"cards_obtained":["Regret"]},{"damage_healed":0,"gold_gain":0,"player_choice":"Trade","damage_taken":0,"relics_obtained":["NlothsMask"],"max_hp_gain":0,"max_hp_loss":0,"event_name":"FaceTrader","floor":8,"gold_loss":0}],"is_beta":false,"boss_relics":[],"items_purged_floors":[11],"is_endless":false,"potions_floor_spawned":[1,10],"killed_by":"Slime Boss","ascension_level":20}