{"gold_per_floor":[117,117,117,141,159,159,179,179,179,236,236,236,261,261,261,360,360,376,401,401,417,417,417,28,28,28,51,51,72,72],"floor_reached":30,"playtime":1794,"items_purged":["Writhe"],"score":396,"play_id":"906c1d0a-b1bc-4a8f-a9fd-027f9ab06110","local_time":"20181127025328","is_ascension_mode":true,"campfire_choices":[{"data":"Dualcast","floor":6,"key":"SMITH"},{"data":"Auto Shields","floor":8,"key":"SMITH"},{"floor":12,"key":"REST"},{"data":"Reinforced Body","floor":15,"key":"SMITH"},{"floor":23,"key":"REST"},{"data":"Fusion","floor":25,"key":"SMITH"},{"floor":28,"key":"REST"}],"neow_cost":"NONE","seed_source_timestamp":6285198467377,"circlet_count":0,"master_deck":["AscendersBane","Strike_B","Strike_B","Strike_B","Strike_B","Defend_B","Defend_B","Defend_B","Defend_B","Zap+1","Dualcast+1","Auto Shields+1","Cold Snap","Reinforced Body+1","Echo Form","Fusion+1","Glacier+1"],"relics":["Cracked Core","Oddly Smooth Stone","Orichalcum","Mummified Hand","Singing Bowl","Bottled Flame","Golden Idol","Philosopher\u0027s Stone","Nunchaku","Incense Burner","Ornamental Fan"],"potions_floor_usage":[7,19,21],"damage_taken":[{"damage":7,"enemies":"Jaw Worm","floor":1,"turns":3},{"damage":2,"enemies":"2 Louse","floor":5,"turns":3},{"damage":0,"enemies":"Small Slimes","floor":7,"turns":3},{"damage":6,"enemies":"3 Sentries","floor":10,"turns":8},{"damage":11,"enemies":"3 Sentries","floor":13,"turns":9},{"damage":41,"enemies":"The Guardian","floor":16,"turns":16},{"damage":13,"enemies":"Shell Parasite","floor":18,"turns":7},{"damage":12,"enemies":"Spheric Guardian","floor":19,"turns":6},{"damage":25,"enemies":"Snake Plant","floor":21,"turns":8},{"damage":8,"enemies":"Snecko","floor":27,"turns":6},{"damage":23,"enemies":"Centurion and Healer","floor":29,"turns":15},{"damage":40,"enemies":"Book of Stabbing","floor":30,"turns":7}],"seed_played":"-5886461208981339142","potions_obtained":[{"floor":1,"key":"Swift Potion"},{"floor":7,"key":"Block Potion"},{"floor":18,"key":"Explosive Potion"},{"floor":21,"key":"EssenceOfSteel"}],"is_trial":false,"path_per_floor":["M","?","?","T","M","R","M","R","T","?","$","R","E","?","R","B",null,"M","M","?","M","?","R","$","R","T","M","R","M","E"],"character_chosen":"DEFECT","items_purchased":["Incense Burner"],"campfire_rested":3,"item_purchase_floors":[24],"current_hp_per_floor":[64,38,38,38,36,36,36,36,36,32,32,56,45,45,45,4,55,42,32,32,9,24,46,46,46,46,40,63,40,0],"gold":72,"neow_bonus":"TEN_PERCENT_HP_BONUS","is_prod":false,"is_daily":false,"chose_seed":false,"campfire_upgraded":4,"win_rate":0,"timestamp":1543276408,"path_taken":["M","?","?","?","M","R","?","R","T","?","?","R","E","?","R","BOSS","M","M","?","M","?","R","?","R","T","M","R","?","E"],"build_version":"2018-11-15","purchased_purges":1,"victory":false,"max_hp_per_floor":[78,78,78,78,78,78,78,78,78,80,80,80,80,72,72,72,72,72,74,74,76,76,76,76,76,76,78,78,78,78],"card_choices":[{"not_picked":["Chaos","Consume"],"picked":"Auto Shields","floor":1},{"not_picked":["Chaos","Compile Driver","Sweeping Beam"],"picked":"SKIP","floor":5},{"not_picked":["Aggregate","Beam Cell"],"picked":"Cold Snap","floor":7},{"not_picked":["Steam","Compile Driver","Ball Lightning"],"picked":"Singing Bowl","floor":10},{"not_picked":["Scrape","Reboot"],"picked":"Reinforced Body","floor":13},{"not_picked":["Machine Learning","Rainbow"],"picked":"Echo Form","floor":16},{"not_picked":["Gash","Cold Snap"],"picked":"Fusion","floor":18},{"not_picked":["Redo+1","Recycle","Go for the Eyes"],"picked":"Singing Bowl","floor":19},{"not_picked":["Gash+1","Rebound","Compile Driver"],"picked":"Singing Bowl","floor":21},{"not_picked":["Go for the Eyes","Gash+1","Cold Snap"],"picked":"Singing Bowl","floor":27},{"not_picked":["Fusion","Coolheaded"],"picked":"Glacier+1","floor":29}],"player_experience":763118,"relics_obtained":[{"floor":4,"key":"Orichalcum"},{"floor":9,"key":"Mummified Hand"},{"floor":13,"key":"Bottled Flame"},{"floor":26,"key":"Ornamental Fan"}],"event_choices":[{"damage_healed":0,"gold_gain":0,"player_choice":"Success","damage_taken":26,"relics_obtained":["Oddly Smooth Stone"],"max_hp_gain":0,"max_hp_loss":0,"event_name":"Scrap Ooze","floor":2,"gold_loss":0},{"damage_healed":0,"gold_gain":0,"player_choice":"Grow","damage_taken":0,"max_hp_gain":0,"max_hp_loss":0,"event_name":"Living Wall","floor":3,"gold_loss":0,"cards_upgraded":["Zap"]},{"damage_healed":0,"gold_gain":0,"player_choice":"Searched \u00272\u0027 times","damage_taken":0,"relics_obtained":["Singing Bowl"],"max_hp_gain":0,"max_hp_loss":0,"event_name":"Dead Adventurer","floor":10,"gold_loss":0},{"damage_healed":0,"gold_gain":0,"player_choice":"Lose Max HP","damage_taken":0,"relics_obtained":["Golden Idol"],"max_hp_gain":0,"max_hp_loss":8,"event_name":"Golden Idol","floor":14,"gold_loss":0},{"damage_healed":0,"gold_gain":0,"player_choice":"Opened","damage_taken":0,"relics_obtained":["Nunchaku"],"max_hp_gain":0,"max_hp_loss":0,"event_name":"The Mausoleum","floor":20,"gold_loss":0,"cards_obtained":["Writhe"]},{"damage_healed":15,"gold_gain":0,"player_choice":"Heal","damage_taken":0,"max_hp_gain":0,"max_hp_loss":0,"event_name":"The Library","floor":22,"gold_loss":0}],"is_beta":false,"boss_relics":[{"not_picked":["Calling Bell","Black Star"],"picked":"Philosopher\u0027s Stone"}],"items_purged_floors":[24],"is_endless":false,"potions_floor_spawned":[1,7,18,21],"killed_by":"Book of Stabbing","ascension_level":15}