{"gold_per_floor":[112,126,126,143,162,162,181,181,181,210,210,245,245,255,255,350,350,363,163,183,199,31,31,131,131,202,217,252,252,252,270,270,367,367,387,387,407,407,417,417,428,41,41,57,57,83,83,96,96,96,96,96,15,42,42],"floor_reached":55,"playtime":3183,"items_purged":["Strike_B","Strike_B","Strike_B"],"score":815,"play_id":"7b6ef8d6-6cc1-4db5-866b-6ada404e4d2a","local_time":"20190516000004","is_ascension_mode":true,"campfire_choices":[{"data":"Electrodynamics","floor":6.0,"key":"SMITH"},{"data":"Conserve Battery","floor":8.0,"key":"SMITH"},{"floor":13.0,"key":"DIG"},{"floor":15.0,"key":"DIG"},{"floor":23.0,"key":"REST"},{"floor":25.0,"key":"REST"},{"floor":29.0,"key":"REST"},{"floor":32.0,"key":"REST"},{"data":"Barrage","floor":40.0,"key":"SMITH"},{"floor":45.0,"key":"RECALL"},{"floor":47.0,"key":"DIG"},{"floor":49.0,"key":"REST"},{"floor":52.0,"key":"DIG"}],"neow_cost":"TEN_PERCENT_HP_LOSS","seed_source_timestamp":447505055007600,"circlet_count":0,"master_deck":["Strike_B","Defend_B","Defend_B","Defend_B","Defend_B","Zap+1","Dualcast","Electrodynamics+1","Conserve Battery+1","Coolheaded","Static Discharge","Hologram","Stack","Compile Driver","Capacitor+1","Machine Learning+1","Creative AI+1","Leap","Coolheaded","Capacitor+1","Barrage+1","Defragment+1","Heatsinks+1","Storm+1","Barrage"],"special_seed":0,"relics":["Cracked Core","Mummified Hand","Shovel","Frozen Egg 2","Girya","DataDisk","Busted Crown","Thread and Needle","Pantograph","Blue Candle","Singing Bowl","Ancient Tea Set","Eternal Feather","Lee\u0027s Waffle","Pocketwatch","Sundial","Bottled Flame","Gremlin Horn","Dead Branch"],"potions_floor_usage":[55,55,55],"damage_taken":[{"damage":0.0,"enemies":"Cultist","floor":1.0,"turns":3.0},{"damage":0.0,"enemies":"Jaw Worm","floor":2.0,"turns":2.0},{"damage":0.0,"enemies":"Small Slimes","floor":4.0,"turns":3.0},{"damage":2.0,"enemies":"2 Fungi Beasts","floor":5.0,"turns":2.0},{"damage":11.0,"enemies":"Exordium Thugs","floor":7.0,"turns":4.0},{"damage":16.0,"enemies":"Lagavulin","floor":10.0,"turns":6.0},{"damage":7.0,"enemies":"Gremlin Nob","floor":12.0,"turns":3.0},{"damage":7.0,"enemies":"Red Slaver","floor":14.0,"turns":3.0},{"damage":18.0,"enemies":"The Guardian","floor":16.0,"turns":9.0},{"damage":19.0,"enemies":"3 Byrds","floor":18.0,"turns":3.0},{"damage":21.0,"enemies":"2 Thieves","floor":20.0,"turns":3.0},{"damage":10.0,"enemies":"Shelled Parasite and Fungi","floor":21.0,"turns":6.0},{"damage":14.0,"enemies":"Colosseum Slavers","floor":24.0,"turns":3.0},{"damage":15.0,"enemies":"Colosseum Nobs","floor":24.0,"turns":4.0},{"damage":0.0,"enemies":"Cultist and Chosen","floor":27.0,"turns":5.0},{"damage":17.0,"enemies":"Book of Stabbing","floor":28.0,"turns":6.0},{"damage":9.0,"enemies":"Chosen and Byrds","floor":31.0,"turns":6.0},{"damage":4.0,"enemies":"Champ","floor":33.0,"turns":8.0},{"damage":0.0,"enemies":"Orb Walker","floor":35.0,"turns":4.0},{"damage":18.0,"enemies":"3 Shapes","floor":37.0,"turns":3.0},{"damage":18.0,"enemies":"Maw","floor":39.0,"turns":8.0},{"damage":6.0,"enemies":"Spire Growth","floor":41.0,"turns":5.0},{"damage":19.0,"enemies":"Sphere and 2 Shapes","floor":44.0,"turns":4.0},{"damage":16.0,"enemies":"Nemesis","floor":46.0,"turns":10.0},{"damage":38.0,"enemies":"Jaw Worm Horde","floor":48.0,"turns":2.0},{"damage":22.0,"enemies":"Donu and Deca","floor":50.0,"turns":7.0},{"damage":55.0,"enemies":"Shield and Spear","floor":54.0,"turns":4.0},{"damage":61,"enemies":"The Heart","floor":55,"turns":5}],"seed_played":"3859603027349042576","potions_obtained":[{"floor":2.0,"key":"Explosive Potion"},{"floor":10.0,"key":"EssenceOfSteel"},{"floor":12.0,"key":"SkillPotion"},{"floor":20.0,"key":"Swift Potion"},{"floor":24.0,"key":"SpeedPotion"},{"floor":31.0,"key":"Poison Potion"},{"floor":33.0,"key":"Swift Potion"},{"floor":37.0,"key":"SpeedPotion"},{"floor":41.0,"key":"Weak Potion"},{"floor":46.0,"key":"SpeedPotion"},{"floor":48.0,"key":"Dexterity Potion"}],"is_trial":false,"path_per_floor":["M","M","?","M","M","R","M","R","T","E","T","E","R","M","R","B",null,"M","$","M","M","$","R","?","R","T","M","E","R","?","M","R","B",null,"M","?","M","?","M","R","M","$","T","M","R","E","R","M","R","B",null,"R","$","E","B"],"character_chosen":"DEFECT","items_purchased":["Creative AI+1","Leap","Capacitor+1","Heatsinks+1","Lee\u0027s Waffle","Storm+1"],"campfire_rested":5,"item_purchase_floors":[19,19,22,42,42,53],"current_hp_per_floor":[68,68,68,68,66,66,55,55,55,39,39,32,32,25,25,7,68,49,49,28,18,18,38,9,29,29,29,14,35,35,28,49,70,74,76,72,56,56,40,52,46,83,83,66,78,64,76,40,78,67,89,89,89,34,0],"gold":42,"neow_bonus":"THREE_RARE_CARDS","is_prod":false,"is_daily":false,"chose_seed":false,"campfire_upgraded":3,"win_rate":0,"timestamp":1557982804,"path_taken":["M","M","?","M","M","R","M","R","T","E","?","E","R","M","R","BOSS","M","$","M","?","$","R","?","R","T","M","E","R","?","M","R","BOSS","M","?","M","?","?","R","M","$","T","M","R","E","R","M","R","BOSS","R","$","E","BOSS"],"build_version":"2019-01-23","purchased_purges":3,"victory":false,"max_hp_per_floor":[68,68,68,68,68,68,68,68,68,68,68,68,68,68,68,68,68,68,68,68,68,68,68,68,68,68,68,70,70,70,72,72,74,74,76,72,74,74,76,76,76,83,83,85,85,87,87,89,89,89,89,89,89,89,89],"card_choices":[{"not_picked":["Amplify","Meteor Strike"],"picked":"Electrodynamics","floor":0.0},{"not_picked":["Force Field","Beam Cell"],"picked":"Conserve Battery","floor":1.0},{"not_picked":["Cold Snap","Steam Power"],"picked":"Coolheaded","floor":2.0},{"not_picked":["Scrape","Barrage"],"picked":"Static Discharge","floor":4.0},{"not_picked":["Seek","Barrage"],"picked":"Hologram","floor":5.0},{"not_picked":["Heatsinks","Darkness"],"picked":"Stack","floor":7.0},{"not_picked":["Barrage","Recycle"],"picked":"Compile Driver","floor":10.0},{"not_picked":["Blizzard","Stack","Chaos"],"picked":"SKIP","floor":12.0},{"not_picked":["Beam Cell","Leap"],"picked":"Capacitor+1","floor":14.0},{"not_picked":["Electrodynamics+1","Seek"],"picked":"Machine Learning+1","floor":16.0},{"not_picked":["Steam Power"],"picked":"SKIP","floor":18.0},{"not_picked":["FTL"],"picked":"SKIP","floor":20.0},{"not_picked":[],"picked":"Coolheaded","floor":21.0},{"not_picked":[],"picked":"Barrage","floor":24.0},{"not_picked":["Coolheaded"],"picked":"SKIP","floor":27.0},{"not_picked":["Compile Driver"],"picked":"Singing Bowl","floor":28.0},{"not_picked":["Steam"],"picked":"Singing Bowl","floor":31.0},{"not_picked":["Multi-Cast"],"picked":"Singing Bowl","floor":33.0},{"not_picked":["Redo"],"picked":"Singing Bowl","floor":35.0},{"not_picked":["Steam"],"picked":"Singing Bowl","floor":37.0},{"not_picked":["Gash+1"],"picked":"Singing Bowl","floor":39.0},{"not_picked":[],"picked":"Defragment+1","floor":41.0},{"not_picked":["Stack"],"picked":"Singing Bowl","floor":44.0},{"not_picked":["Redo+1"],"picked":"Singing Bowl","floor":46.0},{"not_picked":["Gash+1"],"picked":"Singing Bowl","floor":48.0},{"not_picked":[],"picked":"Barrage","floor":54.0}],"player_experience":190562,"relics_obtained":[{"floor":9.0,"key":"Mummified Hand"},{"floor":10.0,"key":"Shovel"},{"floor":12.0,"key":"Frozen Egg 2"},{"floor":13.0,"key":"Girya"},{"floor":15.0,"key":"DataDisk"},{"floor":24.0,"key":"Thread and Needle"},{"floor":24.0,"key":"Pantograph"},{"floor":26.0,"key":"Blue Candle"},{"floor":28.0,"key":"Singing Bowl"},{"floor":30.0,"key":"Ancient Tea Set"},{"floor":43.0,"key":"Pocketwatch"},{"floor":46.0,"key":"Sundial"},{"floor":47.0,"key":"Bottled Flame"},{"floor":52.0,"key":"Gremlin Horn"},{"floor":54.0,"key":"Dead Branch"}],"event_choices":[{"damage_healed":0.0,"max_hp_gain":0.0,"max_hp_loss":0.0,"gold_gain":0.0,"event_name":"Living Wall","player_choice":"Grow","floor":3.0,"gold_loss":0.0,"damage_taken":0.0,"cards_upgraded":["Zap"]},{"damage_healed":0.0,"max_hp_gain":0.0,"max_hp_loss":0.0,"gold_gain":0.0,"event_name":"Colosseum","player_choice":"Fight","floor":24.0,"gold_loss":0.0,"damage_taken":0.0},{"damage_healed":0.0,"max_hp_gain":0.0,"max_hp_loss":0.0,"gold_gain":0.0,"event_name":"Colosseum","player_choice":"Fought Nobs","floor":24.0,"gold_loss":0.0,"damage_taken":0.0},{"damage_healed":0.0,"max_hp_gain":0.0,"max_hp_loss":0.0,"gold_gain":0.0,"event_name":"Wheel of Change","player_choice":"Relic","floor":30.0,"gold_loss":0.0,"damage_taken":0.0},{"damage_healed":0.0,"max_hp_gain":0.0,"max_hp_loss":4.0,"gold_gain":0.0,"event_name":"Winding Halls","player_choice":"Max HP","floor":36.0,"gold_loss":0.0,"damage_taken":0.0},{"damage_healed":0.0,"max_hp_gain":0.0,"max_hp_loss":0.0,"gold_gain":0.0,"event_name":"The Woman in Blue","player_choice":"Bought 0 Potions","floor":38.0,"gold_loss":0.0,"damage_taken":0.0}],"is_beta":false,"boss_relics":[{"not_picked":["Black Star","Lizard Tail"],"picked":"Busted Crown"},{"not_picked":["Snecko Eye","Orrery"],"picked":"Eternal Feather"}],"items_purged_floors":[19,22,42],"is_endless":false,"potions_floor_spawned":[2,10,12,20,24,31,33,37,41,44,46,48],"killed_by":"The Heart","ascension_level":4}