{"gold_per_floor":[113,188,215,152,164,207,219,263,327,353,384,396,422,466,478,562,574,600,612,361,381,53,53,72,72,72,72,72,87,106,106,106,106],"floor_reached":33,"playtime":1350,"items_purged":[],"score":595,"play_id":"34872a80-ff19-4e0b-a8a8-aeb7986db5e9","local_time":"20190208192606","is_ascension_mode":true,"campfire_choices":[{"data":"Zap","floor":7.0,"key":"SMITH"},{"floor":12.0,"key":"REST"},{"floor":15.0,"key":"REST"},{"data":"Self Repair","floor":23.0,"key":"SMITH"},{"data":"Thunder Strike","floor":25.0,"key":"SMITH"},{"data":"Hologram","floor":27.0,"key":"SMITH"},{"floor":32.0,"key":"REST"}],"neow_cost":"NONE","seed_source_timestamp":0,"circlet_count":0,"master_deck":["AscendersBane","Strike_B","Strike_B","Strike_B","Defend_B","Defend_B","Defend_B","Defend_B","Zap+1","Dualcast","Barrage","Ball Lightning","Chill","Hologram+1","Ball Lightning","Electrodynamics","Thunder Strike+1","Self Repair+1","White Noise"],"special_seed":0,"relics":["Cracked Core","NeowsBlessing","MawBank","Incense Burner","Blue Candle","Dream Catcher","Bag of Marbles","Omamori","Sozu","Gambling Chip","Du-Vu Doll"],"potions_floor_usage":[],"damage_taken":[{"damage":0.0,"enemies":"Small Slimes","floor":1.0,"turns":1.0},{"damage":0.0,"enemies":"Lagavulin","floor":6.0,"turns":1.0},{"damage":0.0,"enemies":"Gremlin Nob","floor":8.0,"turns":1.0},{"damage":7.0,"enemies":"Jaw Worm","floor":10.0,"turns":2.0},{"damage":2.0,"enemies":"2 Louse","floor":11.0,"turns":3.0},{"damage":6.0,"enemies":"Looter","floor":13.0,"turns":2.0},{"damage":20.0,"enemies":"3 Sentries","floor":14.0,"turns":8.0},{"damage":39.0,"enemies":"Hexaghost","floor":16.0,"turns":9.0},{"damage":6.0,"enemies":"3 Byrds","floor":18.0,"turns":2.0},{"damage":20.0,"enemies":"Spheric Guardian","floor":21.0,"turns":4.0},{"damage":1.0,"enemies":"Centurion and Healer","floor":24.0,"turns":5.0},{"damage":0.0,"enemies":"Snecko","floor":29.0,"turns":3.0},{"damage":0.0,"enemies":"3 Cultists","floor":30.0,"turns":3.0},{"damage":87,"enemies":"Champ","floor":33,"turns":6}],"seed_played":"2494307790262697929","potions_obtained":[{"floor":6.0,"key":"Block Potion"},{"floor":13.0,"key":"FearPotion"}],"is_trial":false,"path_per_floor":["M","?","T","?","?","E","R","E","T","M","M","R","M","E","R","B",null,"M","?","$","M","$","R","M","R","T","R","?","M","M","?","R","B"],"character_chosen":"DEFECT","items_purchased":["Thunder Strike","Self Repair","Gambling Chip"],"campfire_rested":3,"item_purchase_floors":[20,20,22],"current_hp_per_floor":[64,53,53,53,42,42,42,42,42,35,33,54,48,28,49,10,56,50,50,50,37,37,37,46,46,46,46,46,56,66,46,68,0],"gold":106,"neow_bonus":"THREE_ENEMY_KILL","is_prod":false,"is_daily":false,"chose_seed":false,"campfire_upgraded":4,"win_rate":0,"timestamp":1549643166,"path_taken":["M","?","?","?","?","E","R","E","T","M","M","R","M","E","R","BOSS","M","?","$","M","$","R","M","R","T","R","?","M","?","?","R","BOSS"],"build_version":"2019-01-23","purchased_purges":0,"victory":false,"max_hp_per_floor":[71,71,71,71,71,71,71,71,71,71,71,71,71,71,71,71,71,71,71,71,71,71,71,71,71,71,71,71,71,71,76,76,76],"card_choices":[{"not_picked":["Scrape","Sweeping Beam"],"picked":"Barrage","floor":1.0},{"not_picked":["Lockon","Gash","Leap"],"picked":"SKIP","floor":6.0},{"not_picked":["Rebound","Lockon","Coolheaded"],"picked":"SKIP","floor":8.0},{"not_picked":["Reprogram","Chaos","Stack"],"picked":"SKIP","floor":10.0},{"not_picked":["Rip and Tear","Turbo"],"picked":"Ball Lightning","floor":11.0},{"not_picked":["Cold Snap","Barrage"],"picked":"Chill","floor":13.0},{"not_picked":["All For One","Steam"],"picked":"Hologram","floor":14.0},{"not_picked":["Go for the Eyes","Stack"],"picked":"Ball Lightning","floor":15.0},{"not_picked":["Rainbow","Hyperbeam"],"picked":"Electrodynamics","floor":16.0},{"not_picked":["Fusion","Hello World","Stack"],"picked":"SKIP","floor":18.0},{"not_picked":["Beam Cell","Barrage","Consume"],"picked":"SKIP","floor":21.0},{"not_picked":["Hologram","Ball Lightning","Leap"],"picked":"SKIP","floor":24.0},{"not_picked":["Lockon","Leap","Hologram"],"picked":"SKIP","floor":29.0},{"not_picked":["Coolheaded","Steam"],"picked":"White Noise","floor":30.0}],"player_experience":942814,"relics_obtained":[{"floor":3.0,"key":"MawBank"},{"floor":6.0,"key":"Blue Candle"},{"floor":8.0,"key":"Dream Catcher"},{"floor":9.0,"key":"Bag of Marbles"},{"floor":14.0,"key":"Omamori"},{"floor":26.0,"key":"Du-Vu Doll"}],"event_choices":[{"damage_healed":0.0,"max_hp_gain":0.0,"max_hp_loss":0.0,"gold_gain":75.0,"event_name":"World of Goop","player_choice":"Gather Gold","floor":2.0,"gold_loss":0.0,"damage_taken":11.0},{"cards_removed":["Strike_B"],"damage_healed":0.0,"max_hp_gain":0.0,"max_hp_loss":0.0,"gold_gain":0.0,"event_name":"The Cleric","player_choice":"Card Removal","floor":4.0,"gold_loss":75.0,"damage_taken":0.0},{"damage_healed":0.0,"max_hp_gain":0.0,"max_hp_loss":0.0,"gold_gain":0.0,"event_name":"Scrap Ooze","player_choice":"Success","floor":5.0,"gold_loss":0.0,"damage_taken":11.0,"relics_obtained":["Incense Burner"]},{"damage_healed":0.0,"max_hp_gain":0.0,"max_hp_loss":0.0,"gold_gain":0.0,"event_name":"Cursed Tome","player_choice":"Ignored","floor":19.0,"gold_loss":0.0,"damage_taken":0.0},{"damage_healed":0.0,"max_hp_gain":5.0,"max_hp_loss":0.0,"gold_gain":0.0,"event_name":"Forgotten Altar","player_choice":"Shed Blood","floor":31.0,"gold_loss":0.0,"damage_taken":25.0}],"is_beta":false,"boss_relics":[{"not_picked":["Tiny House","Black Star"],"picked":"Sozu"}],"items_purged_floors":[],"is_endless":false,"potions_floor_spawned":[6,13,21,29],"killed_by":"Champ","ascension_level":18}