{"gold_per_floor":[119,119,137,137,149,161,207,219,281,293,321,333,365,409,421,509,521,507,444,371,383,415,427,451,463,475,502,514,526],"floor_reached":29,"playtime":1327,"items_purged":[],"score":427,"play_id":"816ebf3d-a7b3-4202-9b52-b44fceb3f233","local_time":"20181207192326","is_ascension_mode":true,"campfire_choices":[{"data":"Rampage","floor":6,"key":"SMITH"},{"floor":8,"key":"REST"},{"floor":10,"key":"REST"},{"data":"Feed","floor":15,"key":"SMITH"},{"floor":23,"key":"REST"},{"data":"Searing Blow+1","floor":25,"key":"SMITH"},{"floor":28,"key":"REST"}],"neow_cost":"TEN_PERCENT_HP_LOSS","seed_source_timestamp":32227129480699,"circlet_count":0,"master_deck":["AscendersBane","Strike_R","Strike_R","Defend_R","Defend_R","Defend_R","Defend_R","Bash","Shockwave+1","Rampage+1","Shrug It Off","Feed+1","Feed","Searing Blow+2","True Grit+1"],"relics":["Burning Blood","MawBank","Mummified Hand","Omamori","Bottled Flame","Lizard Tail","Happy Flower","Singing Bowl"],"potions_floor_usage":[14,16,22,27],"damage_taken":[{"damage":7,"enemies":"2 Louse","floor":1,"turns":3},{"damage":16,"enemies":"Cultist","floor":3,"turns":5},{"damage":35,"enemies":"Lagavulin","floor":7,"turns":5},{"damage":1,"enemies":"Jaw Worm","floor":11,"turns":4},{"damage":18,"enemies":"Blue Slaver","floor":13,"turns":3},{"damage":8,"enemies":"Gremlin Nob","floor":14,"turns":4},{"damage":50,"enemies":"Hexaghost","floor":16,"turns":11},{"damage":27,"enemies":"2 Thieves","floor":18,"turns":4},{"damage":38,"enemies":"Spheric Guardian","floor":22,"turns":7},{"damage":20,"enemies":"Centurion and Healer","floor":24,"turns":5},{"damage":44,"enemies":"Cultist and Chosen","floor":27,"turns":7},{"damage":47,"enemies":"Book of Stabbing","floor":29,"turns":5}],"seed_played":"-6184384517197974140","potions_obtained":[{"floor":7,"key":"SteroidPotion"},{"floor":11,"key":"EssenceOfSteel"},{"floor":16,"key":"Dexterity Potion"},{"floor":22,"key":"Block Potion"},{"floor":27,"key":"SteroidPotion"}],"is_trial":false,"path_per_floor":["M","?","M","?","$","R","E","R","T","R","M","?","M","E","R","B",null,"M","?","?","$","M","R","M","R","T","M","R","E"],"character_chosen":"IRONCLAD","items_purchased":[],"campfire_rested":4,"item_purchase_floors":[],"current_hp_per_floor":[67,67,57,46,46,46,17,37,37,57,62,62,53,51,51,7,55,37,37,37,37,43,65,51,51,51,20,44,0],"gold":526,"neow_bonus":"REMOVE_TWO","is_prod":false,"is_daily":false,"chose_seed":false,"campfire_upgraded":3,"win_rate":0,"timestamp":1544199806,"path_taken":["M","?","?","?","$","R","E","R","T","R","M","?","?","E","R","BOSS","M","?","?","?","?","R","M","R","T","M","R","E"],"build_version":"2018-12-06","purchased_purges":0,"victory":false,"max_hp_per_floor":[68,68,68,68,68,68,68,68,68,68,68,68,71,71,71,71,71,74,74,74,74,74,74,74,74,74,81,81,81],"card_choices":[{"not_picked":["Heavy Blade","Anger","Intimidate"],"picked":"SKIP","floor":1},{"not_picked":["Sentinel","Iron Wave"],"picked":"Rampage","floor":3},{"not_picked":["Flame Barrier","Cleave"],"picked":"Shrug It Off","floor":7},{"not_picked":["Clothesline","Reckless Charge"],"picked":"Feed","floor":11},{"not_picked":["Entrench","Thunderclap","Wild Strike"],"picked":"SKIP","floor":13},{"not_picked":["Wild Strike","Iron Wave","Thunderclap"],"picked":"SKIP","floor":14},{"not_picked":["Immolate","Juggernaut"],"picked":"Feed","floor":16},{"not_picked":["Heavy Blade","Rampage","Sword Boomerang"],"picked":"SKIP","floor":18},{"not_picked":["Thunderclap+1","Combust+1","Sword Boomerang"],"picked":"SKIP","floor":22},{"not_picked":["Cleave","Heavy Blade"],"picked":"Searing Blow+1","floor":24},{"not_picked":["Fire Breathing","Havoc"],"picked":"True Grit+1","floor":27}],"player_experience":822148,"relics_obtained":[{"floor":7,"key":"Mummified Hand"},{"floor":9,"key":"Omamori"},{"floor":14,"key":"Bottled Flame"},{"floor":26,"key":"Singing Bowl"}],"event_choices":[{"damage_healed":0,"gold_gain":0,"player_choice":"1 cards matched","damage_taken":0,"max_hp_gain":0,"max_hp_loss":0,"event_name":"Match and Keep!","floor":2,"gold_loss":0,"cards_obtained":["Shockwave"]},{"damage_healed":0,"gold_gain":0,"player_choice":"Success","damage_taken":11,"relics_obtained":["MawBank"],"max_hp_gain":0,"max_hp_loss":0,"event_name":"Scrap Ooze","floor":4,"gold_loss":0},{"damage_healed":0,"gold_gain":0,"player_choice":"Upgraded","damage_taken":0,"max_hp_gain":0,"max_hp_loss":0,"event_name":"Upgrade Shrine","floor":12,"gold_loss":0,"cards_upgraded":["Shockwave"]},{"cards_removed":["Strike_R"],"damage_healed":0,"gold_gain":0,"player_choice":"Gave Gold","damage_taken":0,"max_hp_gain":0,"max_hp_loss":0,"event_name":"Beggar","floor":19,"gold_loss":75},{"damage_healed":0,"gold_gain":0,"player_choice":"Obtained Relic","damage_taken":0,"relics_obtained":["Happy Flower"],"max_hp_gain":0,"max_hp_loss":0,"event_name":"Addict","floor":20,"gold_loss":85}],"is_beta":false,"boss_relics":[{"not_picked":["Philosopher\u0027s Stone","Velvet Choker"],"picked":"Lizard Tail"}],"items_purged_floors":[],"is_endless":false,"potions_floor_spawned":[7,11,16,22,27],"killed_by":"Book of Stabbing","ascension_level":17}