{"gold_per_floor":[115,115,128,93,57,57,73,102,154,179,29,29,204,216,216,321,321,331,345,270,270,270,270,270],"floor_reached":24,"playtime":1227,"items_purged":[],"score":253,"play_id":"28693e92-fdd4-418a-9b01-b936e3de91c5","local_time":"20190516223140","is_ascension_mode":true,"campfire_choices":[{"data":"Fission","floor":6,"key":"SMITH"},{"data":"Zap","floor":12,"key":"SMITH"},{"floor":15,"key":"REST"},{"data":"Genetic Algorithm","floor":23,"key":"SMITH"}],"neow_cost":"NONE","seed_source_timestamp":531784498090800,"circlet_count":0,"master_deck":["Strike_B+1","Strike_B+1","Strike_B+1","Defend_B+1","Defend_B+1","Defend_B+1","Defend_B+1","Zap+1","Dualcast","Fission+1","Cold Snap","Genetic Algorithm+1","Capacitor","Melter","Compile Driver","Leap","Doubt","Defragment","Creative AI","Double Energy+1","Barrage+1"],"relics":["Cracked Core","Bag of Marbles","Vajra","DataDisk","Anchor","Snecko Eye","Ornamental Fan"],"potions_floor_usage":[14,19,24,24,24,24],"damage_taken":[{"damage":6,"enemies":"2 Louse","floor":1,"turns":3},{"damage":11,"enemies":"Jaw Worm","floor":3,"turns":6},{"damage":2,"enemies":"Cultist","floor":7,"turns":5},{"damage":42,"enemies":"Lagavulin","floor":8,"turns":8},{"damage":3,"enemies":"Gremlin Nob","floor":10,"turns":3},{"damage":0,"enemies":"Lots of Slimes","floor":14,"turns":3},{"damage":35,"enemies":"Hexaghost","floor":16,"turns":13},{"damage":33,"enemies":"3 Byrds","floor":18,"turns":9},{"damage":8,"enemies":"Shell Parasite","floor":19,"turns":8},{"damage":25,"enemies":"Slavers","floor":24,"turns":4}],"seed_played":"2407744236450460052","potions_obtained":[{"floor":1,"key":"Dexterity Potion"},{"floor":7,"key":"EntropicBrew"},{"floor":10,"key":"EssenceOfSteel"},{"floor":16,"key":"FocusPotion"}],"is_trial":false,"path_per_floor":["M","?","M","?","$","R","M","E","T","E","$","R","?","M","R","B",null,"M","M","?","?","T","R","E"],"character_chosen":"DEFECT","items_purchased":["Capacitor","Anchor"],"campfire_rested":1,"item_purchase_floors":[5,11],"current_hp_per_floor":[69,74,63,80,80,80,78,36,36,33,33,33,33,33,57,22,66,33,25,25,25,25,25,0],"gold":270,"neow_bonus":"ONE_RANDOM_RARE_CARD","is_prod":false,"is_daily":false,"chose_seed":false,"campfire_upgraded":3,"win_rate":0,"timestamp":1558063900,"path_taken":["M","?","M","?","$","R","M","E","T","E","$","R","?","M","R","BOSS","M","M","?","?","?","R","E"],"build_version":"2019-01-23","purchased_purges":0,"victory":false,"max_hp_per_floor":[75,80,80,80,80,80,80,80,80,80,80,80,80,80,80,80,80,80,80,80,80,80,80,80],"card_choices":[{"not_picked":["Stack","Turbo"],"picked":"Cold Snap","floor":1},{"not_picked":["Cold Snap","Darkness"],"picked":"Genetic Algorithm","floor":3},{"not_picked":["Stack","Heatsinks"],"picked":"Melter","floor":7},{"not_picked":["Redo","Go for the Eyes"],"picked":"Compile Driver","floor":8},{"not_picked":["Stack","White Noise"],"picked":"Leap","floor":10},{"not_picked":["Undo","Beam Cell"],"picked":"Defragment","floor":14},{"not_picked":["Seek","Thunder Strike"],"picked":"Creative AI","floor":16},{"not_picked":["Static Discharge","Chaos"],"picked":"Double Energy+1","floor":18},{"not_picked":["Hologram","Conserve Battery"],"picked":"Barrage+1","floor":19}],"player_experience":195921,"relics_obtained":[{"floor":8,"key":"Bag of Marbles"},{"floor":9,"key":"Vajra"},{"floor":10,"key":"DataDisk"},{"floor":22,"key":"Ornamental Fan"}],"event_choices":[{"damage_healed":0,"gold_gain":0,"player_choice":"Donut","damage_taken":0,"max_hp_gain":5,"max_hp_loss":0,"event_name":"Big Fish","floor":2,"gold_loss":0},{"damage_healed":20,"gold_gain":0,"player_choice":"Healed","damage_taken":0,"max_hp_gain":0,"max_hp_loss":0,"event_name":"The Cleric","floor":4,"gold_loss":35},{"damage_healed":0,"gold_gain":175,"player_choice":"AGREE","damage_taken":0,"max_hp_gain":0,"max_hp_loss":0,"event_name":"Liars Game","floor":13,"gold_loss":0,"cards_obtained":["Doubt"]},{"cards_removed":["Strike_B"],"damage_healed":0,"gold_gain":0,"player_choice":"Gave Gold","damage_taken":0,"max_hp_gain":0,"max_hp_loss":0,"event_name":"Beggar","floor":20,"gold_loss":75},{"damage_healed":0,"gold_gain":0,"player_choice":"Simplicity","damage_taken":0,"max_hp_gain":0,"max_hp_loss":0,"event_name":"Back to Basics","floor":21,"gold_loss":0,"cards_upgraded":["Strike_B","Strike_B","Strike_B","Defend_B","Defend_B","Defend_B","Defend_B"]}],"is_beta":false,"boss_relics":[{"not_picked":["Black Star","Ectoplasm"],"picked":"Snecko Eye"}],"items_purged_floors":[],"is_endless":false,"potions_floor_spawned":[1,7,10,16],"killed_by":"Slavers","ascension_level":5}