{"gold_per_floor":[118,135,154,170,188,188,207,221,273,273],"floor_reached":10,"playtime":301,"items_purged":[],"score":64,"play_id":"fd74e774-8ace-4626-a606-f57dc212114b","local_time":"20190425161910","is_ascension_mode":false,"campfire_choices":[{"data":"Noxious Fumes","floor":6,"key":"SMITH"}],"neow_cost":"NONE","seed_source_timestamp":87478112310641,"circlet_count":0,"master_deck":["Defend_G","Defend_G","Defend_G","Defend_G","Defend_G","Strike_G","Strike_G","Strike_G","Strike_G","Strike_G","Survivor","Neutralize","Noxious Fumes+1","Heel Hook","Bouncing Flask","Backflip","Crippling Poison","Footwork"],"relics":["Ring of the Snake","NeowsBlessing","Regal Pillow"],"potions_floor_usage":[],"damage_taken":[{"damage":0,"enemies":"2 Louse","floor":1,"turns":1},{"damage":0,"enemies":"Jaw Worm","floor":2,"turns":1},{"damage":0,"enemies":"Small Slimes","floor":3,"turns":1},{"damage":16,"enemies":"3 Louse","floor":4,"turns":3},{"damage":16,"enemies":"Lots of Slimes","floor":5,"turns":4},{"damage":15,"enemies":"Exordium Wildlife","floor":7,"turns":5},{"damage":9,"enemies":"Large Slime","floor":8,"turns":6},{"damage":14,"enemies":"Lots of Slimes","floor":10,"turns":2}],"seed_played":"-4494170630562972547","potions_obtained":[{"floor":1,"key":"Fire Potion"},{"floor":2,"key":"Dexterity Potion"},{"floor":5,"key":"LiquidBronze"}],"is_trial":false,"path_per_floor":["M","M","M","M","M","R","M","M","T","M"],"character_chosen":"THE_SILENT","items_purchased":[],"campfire_rested":0,"item_purchase_floors":[],"current_hp_per_floor":[70,70,70,54,38,38,23,14,14,0],"gold":273,"neow_bonus":"THREE_ENEMY_KILL","is_prod":false,"is_daily":false,"chose_seed":false,"campfire_upgraded":1,"win_rate":0,"timestamp":1556227150,"path_taken":["M","M","M","M","M","R","M","M","T","M"],"build_version":"2019-01-23","purchased_purges":0,"victory":false,"max_hp_per_floor":[70,70,70,70,70,70,70,70,70,70],"card_choices":[{"not_picked":["Underhanded Strike","Endless Agony"],"picked":"Noxious Fumes","floor":1},{"not_picked":["Underhanded Strike","Acrobatics"],"picked":"Heel Hook","floor":2},{"not_picked":["Quick Slash","Dash"],"picked":"Bouncing Flask","floor":3},{"not_picked":["Deflect","Setup"],"picked":"Backflip","floor":4},{"not_picked":["Outmaneuver","Heel Hook"],"picked":"Crippling Poison","floor":5},{"not_picked":["Choke","Riddle With Holes","Eviscerate"],"picked":"SKIP","floor":7},{"not_picked":["Blade Dance","Backflip"],"picked":"Footwork","floor":8}],"player_experience":506568,"relics_obtained":[{"floor":9,"key":"Regal Pillow"}],"event_choices":[],"is_beta":false,"boss_relics":[],"items_purged_floors":[],"is_endless":false,"potions_floor_spawned":[1,2,5],"killed_by":"Lots of Slimes","ascension_level":0}