{"gold_per_floor":[369,369,81,94,94,94,120,85,85,85,85],"floor_reached":11,"playtime":362,"items_purged":[],"score":135,"play_id":"1cc2e726-ff4e-479a-9da0-db45484fbad0","local_time":"20190305171010","is_ascension_mode":true,"campfire_choices":[{"data":"Finisher","floor":6.0,"key":"SMITH"},{"floor":10,"key":"REST"}],"neow_cost":"TEN_PERCENT_HP_LOSS","seed_source_timestamp":0,"circlet_count":0,"master_deck":["AscendersBane","Defend_G","Defend_G","Defend_G","Defend_G","Defend_G","Strike_G","Strike_G","Strike_G","Strike_G","Strike_G","Survivor","Neutralize","Accuracy","Finisher+1","All Out Attack"],"special_seed":0,"relics":["Ring of the Snake","Anchor","Shuriken","Snake Skull","Bronze Scales"],"potions_floor_usage":[7],"damage_taken":[{"damage":9.0,"enemies":"Cultist","floor":1.0,"turns":4.0},{"damage":4.0,"enemies":"Jaw Worm","floor":4.0,"turns":4.0},{"damage":35,"enemies":"3 Sentries","floor":7,"turns":11},{"damage":42,"enemies":"Gremlin Nob","floor":11,"turns":4}],"seed_played":"7071759696976228542","potions_obtained":[{"floor":1.0,"key":"SteroidPotion"}],"is_trial":false,"path_per_floor":["M","T","$","M","?","R","E","?","T","R","E"],"character_chosen":"THE_SILENT","items_purchased":["Shuriken"],"campfire_rested":1,"item_purchase_floors":[3],"current_hp_per_floor":[50,50,50,46,41,41,6,21,21,39,0],"gold":85,"neow_bonus":"TWO_FIFTY_GOLD","is_prod":false,"is_daily":false,"chose_seed":false,"campfire_upgraded":1,"win_rate":0,"timestamp":1551795010,"path_taken":["M","?","$","M","?","R","E","?","T","R","E"],"build_version":"2019-01-23","purchased_purges":0,"victory":false,"max_hp_per_floor":[60,60,60,60,60,60,60,60,60,60,60],"card_choices":[{"not_picked":["Sucker Punch","Quick Slash"],"picked":"Accuracy","floor":1.0},{"not_picked":["PiercingWail","Reflex"],"picked":"Finisher","floor":4.0},{"not_picked":["Concentrate","Prepared"],"picked":"All Out Attack","floor":7}],"player_experience":1008295,"relics_obtained":[{"floor":2.0,"key":"Anchor"},{"floor":7,"key":"Snake Skull"},{"floor":9,"key":"Bronze Scales"}],"event_choices":[{"damage_healed":0.0,"max_hp_gain":0.0,"max_hp_loss":0.0,"gold_gain":0.0,"event_name":"Scrap Ooze","player_choice":"Fled","floor":5.0,"gold_loss":0.0,"damage_taken":5.0},{"damage_healed":15,"gold_gain":0,"player_choice":"Healed","damage_taken":0,"max_hp_gain":0,"max_hp_loss":0,"event_name":"The Cleric","floor":8,"gold_loss":35}],"is_beta":false,"boss_relics":[],"items_purged_floors":[],"is_endless":false,"potions_floor_spawned":[1],"killed_by":"Gremlin Nob","ascension_level":19}