{"gold_per_floor":[113,113,93,110,110,110,139,154,177,177,193,210,210,55,55,55],"floor_reached":16,"playtime":1063,"items_purged":[],"score":180,"play_id":"718eceac-24d8-4110-b3cf-7cdf9c49d3bf","local_time":"20181127171634","is_ascension_mode":true,"campfire_choices":[{"floor":6,"key":"RECALL"},{"floor":10,"key":"REST"},{"data":"Bash","floor":13,"key":"SMITH"},{"floor":15,"key":"REST"}],"neow_cost":"NONE","seed_source_timestamp":32762753233378,"circlet_count":0,"master_deck":["AscendersBane","Strike_R","Strike_R","Strike_R","Strike_R","Strike_R","Defend_R+1","Defend_R","Defend_R","Defend_R","Bash+1","Offering","Headbutt","Shrug It Off+1","Reaper","Heavy Blade","Shrug It Off","Evolve","Feed"],"relics":["Burning Blood","Oddly Smooth Stone","War Paint"],"potions_floor_usage":[3,7,7,7,11],"damage_taken":[{"damage":18,"enemies":"Small Slimes","floor":1,"turns":2},{"damage":6,"enemies":"2 Louse","floor":4,"turns":2},{"damage":46,"enemies":"Lagavulin","floor":7,"turns":10},{"damage":6,"enemies":"Cultist","floor":8,"turns":3},{"damage":16,"enemies":"Lots of Slimes","floor":11,"turns":4},{"damage":6,"enemies":"Blue Slaver","floor":12,"turns":4},{"damage":79,"enemies":"Slime Boss","floor":16,"turns":9}],"seed_played":"-3263133346402345693","potions_obtained":[{"floor":3,"key":"Fruit Juice"},{"floor":4,"key":"EntropicBrew"},{"floor":7,"key":"AttackPotion"},{"floor":8,"key":"Swift Potion"}],"is_trial":false,"path_per_floor":["M","?","?","M","$","R","E","M","T","R","M","M","R","$","R","B"],"character_chosen":"IRONCLAD","items_purchased":["Feed"],"campfire_rested":2,"item_purchase_floors":[14],"current_hp_per_floor":[56,45,50,50,50,50,10,16,16,40,42,42,42,42,66,0],"gold":55,"neow_bonus":"ONE_RANDOM_RARE_CARD","is_prod":false,"is_daily":false,"chose_seed":false,"campfire_upgraded":1,"win_rate":0,"timestamp":1543328194,"path_taken":["M","?","?","?","?","R","E","M","T","R","M","M","R","$","R","BOSS"],"build_version":"2018-11-15","purchased_purges":0,"victory":false,"max_hp_per_floor":[75,75,80,80,80,80,80,80,80,80,80,80,80,80,80,80],"card_choices":[{"not_picked":["Entrench","Corruption"],"picked":"Headbutt","floor":1},{"not_picked":["Entrench","Corruption"],"picked":"Shrug It Off","floor":4},{"not_picked":["Flex","Wild Strike"],"picked":"Reaper","floor":7},{"not_picked":["Havoc","Warcry"],"picked":"Heavy Blade","floor":8},{"not_picked":["Cleave","Headbutt"],"picked":"Shrug It Off","floor":11},{"not_picked":["Sentinel","Clash"],"picked":"Evolve","floor":12}],"player_experience":778755,"relics_obtained":[{"floor":7,"key":"War Paint"}],"event_choices":[{"damage_healed":0,"gold_gain":0,"player_choice":"Success","damage_taken":11,"relics_obtained":["Oddly Smooth Stone"],"max_hp_gain":0,"max_hp_loss":0,"event_name":"Scrap Ooze","floor":2,"gold_loss":0},{"damage_healed":0,"gold_gain":0,"player_choice":"Bought 1 Potion","damage_taken":0,"max_hp_gain":0,"max_hp_loss":0,"event_name":"The Woman in Blue","floor":3,"gold_loss":0}],"is_beta":false,"boss_relics":[],"items_purged_floors":[],"is_endless":false,"potions_floor_spawned":[4,7,8],"killed_by":"Slime Boss","ascension_level":16}