{"gold_per_floor":[113,131,81,81,97,131,144,144,192,192,205,224,259,278,278,278],"floor_reached":16,"playtime":516,"items_purged":[],"score":165,"play_id":"92bc03a3-4420-4676-8ef8-7bf4ba922a32","local_time":"20190424151220","is_ascension_mode":true,"campfire_choices":[{"data":"Neutralize","floor":8,"key":"SMITH"},{"data":"Terror","floor":10,"key":"SMITH"},{"data":"Footwork","floor":15,"key":"SMITH"}],"neow_cost":"NONE","seed_source_timestamp":501065134729501,"circlet_count":0,"master_deck":["Defend_G","Defend_G","Defend_G","Defend_G","Defend_G","Strike_G","Strike_G","Strike_G","Strike_G","Survivor","Neutralize+1","Terror+1","PiercingWail","Masterful Stab","Deflect","Catalyst","Leg Sweep","Backstab","Footwork+1"],"relics":["Ring of the Snake","NeowsBlessing","Shuriken","Calipers","Vajra","The Courier"],"potions_floor_usage":[6,13,13],"damage_taken":[{"damage":0,"enemies":"Cultist","floor":1,"turns":1},{"damage":0,"enemies":"Jaw Worm","floor":2,"turns":1},{"damage":0,"enemies":"2 Louse","floor":5,"turns":1},{"damage":12,"enemies":"Lagavulin","floor":6,"turns":6},{"damage":5,"enemies":"2 Fungi Beasts","floor":7,"turns":4},{"damage":0,"enemies":"Exordium Thugs","floor":11,"turns":4},{"damage":0,"enemies":"3 Louse","floor":12,"turns":3},{"damage":17,"enemies":"3 Sentries","floor":13,"turns":17},{"damage":0,"enemies":"Exordium Wildlife","floor":14,"turns":5},{"damage":41,"enemies":"Slime Boss","floor":16,"turns":6}],"seed_played":"-4758121092742643218","potions_obtained":[{"floor":5,"key":"GamblersBrew"},{"floor":6,"key":"Ancient Potion"},{"floor":7,"key":"Weak Potion"},{"floor":11,"key":"SteroidPotion"},{"floor":14,"key":"Ancient Potion"}],"is_trial":false,"path_per_floor":["M","M","?","T","M","E","M","R","T","R","M","M","E","M","R","B"],"character_chosen":"THE_SILENT","items_purchased":[],"campfire_rested":0,"item_purchase_floors":[],"current_hp_per_floor":[63,63,63,63,63,51,46,46,46,46,46,46,29,29,29,0],"gold":278,"neow_bonus":"THREE_ENEMY_KILL","is_prod":false,"is_daily":false,"chose_seed":false,"campfire_upgraded":3,"win_rate":0,"timestamp":1556136740,"path_taken":["M","?","?","?","?","E","M","R","T","R","M","M","E","M","R","BOSS"],"build_version":"2019-01-23","purchased_purges":0,"victory":false,"max_hp_per_floor":[70,70,70,70,70,70,70,70,70,70,70,70,70,70,70,70],"card_choices":[{"not_picked":["Cloak And Dagger","Endless Agony"],"picked":"Terror","floor":1},{"not_picked":["Dagger Spray","Acrobatics"],"picked":"PiercingWail","floor":2},{"not_picked":["Expertise","Escape Plan"],"picked":"Masterful Stab","floor":5},{"not_picked":["Bullet Time","Leg Sweep"],"picked":"Deflect","floor":6},{"not_picked":["Distraction","Flying Knee"],"picked":"Catalyst","floor":7},{"not_picked":["Acrobatics","Outmaneuver"],"picked":"Leg Sweep","floor":11},{"not_picked":["Bane","Quick Slash","Underhanded Strike"],"picked":"SKIP","floor":12},{"not_picked":["Deadly Poison","Underhanded Strike"],"picked":"Backstab","floor":13},{"not_picked":["Escape Plan","Deflect"],"picked":"Footwork","floor":14}],"player_experience":485516,"relics_obtained":[{"floor":4,"key":"Shuriken"},{"floor":6,"key":"Calipers"},{"floor":9,"key":"Vajra"},{"floor":13,"key":"The Courier"}],"event_choices":[{"cards_removed":["Strike_G"],"damage_healed":0,"gold_gain":0,"player_choice":"Card Removal","damage_taken":0,"max_hp_gain":0,"max_hp_loss":0,"event_name":"The Cleric","floor":3,"gold_loss":50}],"is_beta":false,"boss_relics":[],"items_purged_floors":[],"is_endless":false,"potions_floor_spawned":[5,6,7,11,14],"killed_by":"Slime Boss","ascension_level":9}