{"gold_per_floor":[118,118,118,83,83,83,121,121,121,157,173,173,196,241,241,340,340,360,360,360,373,174,174,208,208,234,268,268,215,255,269,269,359,359,380,112,0,125,145,145,185,185,185,185,185,185,220,245,245,245,245,245,1,34,34],"floor_reached":56,"playtime":4220,"items_purged":[],"score":2229,"play_id":"257de869-0d4e-4302-b702-ee2c12987ed3","local_time":"20181130061523","is_ascension_mode":true,"campfire_choices":[{"floor":6,"key":"REST"},{"floor":8,"key":"REST"},{"floor":12,"key":"REST"},{"data":"Shockwave","floor":15,"key":"SMITH"},{"floor":23,"key":"REST"},{"floor":25,"key":"RECALL"},{"floor":32,"key":"REST"},{"floor":40,"key":"REST"},{"data":"Feel No Pain","floor":42,"key":"SMITH"},{"data":"Battle Trance","floor":44,"key":"SMITH"},{"data":"Demon Form","floor":49,"key":"SMITH"},{"data":"Feel No Pain","floor":52,"key":"SMITH"}],"neow_cost":"PERCENT_DAMAGE","seed_source_timestamp":35301122495586,"circlet_count":0,"master_deck":["AscendersBane","Bash","Intimidate","Headbutt","Dual Wield","Armaments","Clash+1","Shockwave+1","Demon Form+1","Heavy Blade+1","Flex","Corruption","Sentinel","True Grit","Warcry","Second Wind","Shrug It Off","Corruption","Barricade","Rage","Anger","Second Wind","Feel No Pain+1","Feel No Pain+1","Perfected Strike","Battle Trance+1","Shrug It Off","Armaments+1","Warcry+1","Warcry+1","Battle Trance+1","Sentinel","Body Slam","Havoc","Offering"],"relics":["Black Blood","Dead Branch","PreservedInsect","Golden Idol","Letter Opener","Mango","Odd Mushroom","Regal Pillow","Ancient Tea Set","Centennial Puzzle","Pear","Charon\u0027s Ashes","Pandora\u0027s Box","ClockworkSouvenir","Red Mask","Calipers","Lantern","Bottled Flame","Strawberry","Toolbox","Whetstone"],"potions_floor_usage":[],"damage_taken":[{"damage":0,"enemies":"2 Louse","floor":1,"turns":3},{"damage":35,"enemies":"Lagavulin","floor":7,"turns":6},{"damage":46,"enemies":"The Mushroom Lair","floor":10,"turns":5},{"damage":4,"enemies":"Small Slimes","floor":11,"turns":3},{"damage":1,"enemies":"Cultist","floor":13,"turns":3},{"damage":40,"enemies":"The Guardian","floor":16,"turns":8},{"damage":43,"enemies":"Shell Parasite","floor":18,"turns":13},{"damage":30,"enemies":"3 Byrds","floor":21,"turns":7},{"damage":3,"enemies":"Book of Stabbing","floor":24,"turns":3},{"damage":15,"enemies":"Slavers","floor":27,"turns":7},{"damage":9,"enemies":"Book of Stabbing","floor":30,"turns":4},{"damage":24,"enemies":"Centurion and Healer","floor":31,"turns":3},{"damage":48,"enemies":"Automaton","floor":33,"turns":7},{"damage":12,"enemies":"Orb Walker","floor":35,"turns":2},{"damage":42,"enemies":"Mind Bloom Boss Battle","floor":38,"turns":4},{"damage":0,"enemies":"3 Shapes","floor":39,"turns":1},{"damage":0,"enemies":"Reptomancer","floor":41,"turns":4},{"damage":4,"enemies":"Giant Head","floor":47,"turns":4},{"damage":0,"enemies":"Spire Growth","floor":48,"turns":5},{"damage":17,"enemies":"Donu and Deca","floor":50,"turns":4},{"damage":0,"enemies":"Shield and Spear","floor":54,"turns":3},{"damage":73,"enemies":"The Heart","floor":55,"turns":7}],"seed_played":"4314753951076691253","potions_obtained":[{"floor":13,"key":"SpeedPotion"},{"floor":16,"key":"Explosive Potion"},{"floor":28,"key":"FairyPotion"}],"is_trial":false,"path_per_floor":["M","?","?","?","?","R","E","R","T","?","M","R","M","T","R","B",null,"M","?","?","M","$","R","E","R","T","E","?","$","E","M","R","B",null,"M","$","?","?","M","R","E","R","T","R","?","?","E","M","R","B",null,"R","$","E","B",null],"character_chosen":"IRONCLAD","items_purchased":["Corruption","Sentinel","True Grit","Shrug It Off","ClockworkSouvenir","Shrug It Off","Havoc","Toolbox"],"campfire_rested":6,"item_purchase_floors":[22,22,22,29,36,36,53,53],"current_hp_per_floor":[56,21,21,39,39,59,30,50,64,24,26,50,55,55,55,21,67,34,34,34,14,14,53,60,60,60,65,65,65,66,52,92,54,83,81,81,81,49,59,92,92,92,92,92,92,92,99,99,99,92,97,97,97,99,36],"gold":34,"neow_bonus":"ONE_RARE_RELIC","is_prod":false,"is_daily":false,"chose_seed":false,"campfire_upgraded":5,"win_rate":0,"timestamp":1543547723,"path_taken":["M","?","?","?","?","R","E","R","T","?","M","R","M","?","R","BOSS","M","?","?","?","$","R","E","R","T","E","?","?","E","M","R","BOSS","M","$","?","?","M","R","E","R","T","R","?","?","E","M","R","BOSS","R","$","E","BOSS"],"build_version":"2018-11-15","purchased_purges":0,"victory":true,"max_hp_per_floor":[75,75,75,75,68,68,68,68,82,82,82,82,82,82,82,82,82,82,82,82,82,82,82,82,82,82,92,92,92,92,92,92,92,92,92,92,92,92,92,92,92,92,92,92,92,92,99,99,99,99,99,99,99,99,99],"card_choices":[{"not_picked":["Havoc","Pommel Strike"],"picked":"Intimidate","floor":1},{"not_picked":["Twin Strike","Fire Breathing"],"picked":"Dual Wield","floor":7},{"not_picked":["Pommel Strike","Sword Boomerang"],"picked":"Armaments","floor":10},{"not_picked":["Carnage","Flex"],"picked":"Clash","floor":11},{"not_picked":["Rage","Perfected Strike"],"picked":"Shockwave","floor":13},{"not_picked":["Feed","Brutality"],"picked":"Demon Form","floor":16},{"not_picked":["Body Slam","Armaments"],"picked":"Heavy Blade","floor":18},{"not_picked":["Warcry","Sword Boomerang+1"],"picked":"Flex","floor":21},{"not_picked":["Wild Strike","Juggernaut"],"picked":"Warcry","floor":24},{"not_picked":["Thunderclap","Sword Boomerang"],"picked":"Second Wind","floor":27},{"not_picked":["Clothesline","Pommel Strike","Perfected Strike+1"],"picked":"SKIP","floor":30},{"not_picked":["Bloodletting","Heavy Blade"],"picked":"Corruption","floor":31},{"not_picked":["Offering","Exhume"],"picked":"Barricade","floor":33},{"not_picked":["Blood for Blood","Cleave","Reckless Charge"],"picked":"SKIP","floor":35},{"not_picked":["Heavy Blade","Reckless Charge"],"picked":"Armaments+1","floor":38},{"not_picked":["Headbutt+1","Hemokinesis+1"],"picked":"Warcry+1","floor":39},{"not_picked":["Sword Boomerang+1","Fire Breathing"],"picked":"Warcry+1","floor":41},{"not_picked":["Fire Breathing","Armaments"],"picked":"Sentinel","floor":47},{"not_picked":["Warcry+1","Pommel Strike"],"picked":"Body Slam","floor":48},{"not_picked":["Bloodletting","Havoc"],"picked":"Offering","floor":54}],"player_experience":790987,"relics_obtained":[{"floor":7,"key":"Letter Opener"},{"floor":9,"key":"Mango"},{"floor":10,"key":"Odd Mushroom"},{"floor":14,"key":"Regal Pillow"},{"floor":24,"key":"Centennial Puzzle"},{"floor":27,"key":"Pear"},{"floor":30,"key":"Charon\u0027s Ashes"},{"floor":38,"key":"Calipers"},{"floor":41,"key":"Lantern"},{"floor":43,"key":"Bottled Flame"},{"floor":47,"key":"Strawberry"},{"floor":54,"key":"Whetstone"}],"event_choices":[{"damage_healed":0,"gold_gain":0,"player_choice":"Success","damage_taken":35,"relics_obtained":["PreservedInsect"],"max_hp_gain":0,"max_hp_loss":0,"event_name":"Scrap Ooze","floor":2,"gold_loss":0},{"damage_healed":0,"gold_gain":0,"cards_transformed":["Strike_R"],"player_choice":"Change","damage_taken":0,"max_hp_gain":0,"max_hp_loss":0,"event_name":"Living Wall","floor":3,"gold_loss":0,"cards_obtained":["Headbutt"]},{"damage_healed":18,"gold_gain":0,"player_choice":"Healed","damage_taken":0,"max_hp_gain":0,"max_hp_loss":0,"event_name":"The Cleric","floor":4,"gold_loss":35},{"damage_healed":0,"gold_gain":0,"player_choice":"Lose Max HP","damage_taken":0,"relics_obtained":["Golden Idol"],"max_hp_gain":0,"max_hp_loss":7,"event_name":"Golden Idol","floor":5,"gold_loss":0},{"damage_healed":0,"gold_gain":0,"player_choice":"Fought Mushrooms","damage_taken":0,"max_hp_gain":0,"max_hp_loss":0,"event_name":"Mushrooms","floor":10,"gold_loss":0},{"damage_healed":0,"gold_gain":0,"player_choice":"Opened","damage_taken":0,"relics_obtained":["Ancient Tea Set"],"max_hp_gain":0,"max_hp_loss":0,"event_name":"The Mausoleum","floor":19,"gold_loss":0,"cards_obtained":["Writhe"]},{"cards_removed":["Writhe"],"damage_healed":0,"gold_gain":0,"player_choice":"Purged","damage_taken":0,"max_hp_gain":0,"max_hp_loss":0,"event_name":"Purifier","floor":20,"gold_loss":0},{"damage_healed":0,"gold_gain":0,"player_choice":"Got Potions","damage_taken":0,"max_hp_gain":0,"max_hp_loss":0,"event_name":"Lab","floor":28,"gold_loss":0},{"damage_healed":0,"gold_gain":0,"player_choice":"Paid","damage_taken":0,"relics_obtained":["Red Mask"],"max_hp_gain":0,"max_hp_loss":0,"event_name":"Tomb of Lord Red Mask","floor":37,"gold_loss":112},{"damage_healed":0,"gold_gain":0,"player_choice":"Fight","damage_taken":0,"max_hp_gain":0,"max_hp_loss":0,"event_name":"MindBloom","floor":38,"gold_loss":0},{"cards_removed":["Anger"],"damage_healed":0,"gold_gain":0,"player_choice":"Removed Attack","damage_taken":0,"max_hp_gain":0,"max_hp_loss":0,"event_name":"Falling","floor":45,"gold_loss":0},{"damage_healed":0,"gold_gain":0,"player_choice":"Copied","damage_taken":0,"max_hp_gain":0,"max_hp_loss":0,"event_name":"Duplicator","floor":46,"gold_loss":0,"cards_obtained":["Battle Trance"]}],"is_beta":false,"boss_relics":[{"not_picked":["Busted Crown","Calling Bell"],"picked":"Black Blood"},{"not_picked":["Coffee Dripper","Orrery"],"picked":"Pandora\u0027s Box"}],"items_purged_floors":[],"is_endless":false,"potions_floor_spawned":[13,16,21,31,33,41,48,54],"ascension_level":16}