{"gold_per_floor":[109,128,92,92,102,134,84,98,121,139,149,149,163,181,181,278,278,291,309,408,323,323],"floor_reached":22,"playtime":1221,"items_purged":[],"score":190,"play_id":"5a332e41-6e9b-46e5-894c-49f232de4e53","local_time":"20190428215735","is_ascension_mode":false,"campfire_choices":[{"data":"Sunder","floor":12,"key":"SMITH"},{"floor":15,"key":"REST"}],"neow_cost":"NONE","seed_source_timestamp":891936112886700,"circlet_count":0,"master_deck":["Strike_B","Strike_B+1","Strike_B","Defend_B","Defend_B","Defend_B","Zap","Dualcast","Undo","Sweeping Beam+1","Scrape","Beam Cell","Sunder+1","Darkness","Lockon","Streamline","Machine Learning","Gash"],"relics":["Cracked Core","PreservedInsect","Vajra","Runic Pyramid","Smiling Mask"],"potions_floor_usage":[6,13,13,16,18],"damage_taken":[{"damage":0,"enemies":"Jaw Worm","floor":1,"turns":3},{"damage":3,"enemies":"2 Louse","floor":2,"turns":3},{"damage":0,"enemies":"Small Slimes","floor":5,"turns":2},{"damage":21,"enemies":"3 Sentries","floor":6,"turns":6},{"damage":0,"enemies":"Looter","floor":8,"turns":2},{"damage":1,"enemies":"3 Louse","floor":10,"turns":3},{"damage":0,"enemies":"2 Fungi Beasts","floor":11,"turns":2},{"damage":0,"enemies":"Red Slaver","floor":13,"turns":1},{"damage":15,"enemies":"Gremlin Gang","floor":14,"turns":3},{"damage":19,"enemies":"Slime Boss","floor":16,"turns":9},{"damage":17,"enemies":"3 Byrds","floor":18,"turns":4},{"damage":34,"enemies":"Shell Parasite","floor":19,"turns":7},{"damage":33,"enemies":"Shelled Parasite and Fungi","floor":22,"turns":4}],"seed_played":"5259285587696452181","potions_obtained":[{"floor":2,"key":"GamblersBrew"},{"floor":5,"key":"LiquidBronze"},{"floor":8,"key":"SkillPotion"},{"floor":11,"key":"Ancient Potion"},{"floor":14,"key":"GamblersBrew"}],"is_trial":false,"path_per_floor":["M","M","$","?","M","E","?","M","T","M","M","R","M","M","R","B",null,"M","M","?","?","M"],"character_chosen":"DEFECT","items_purchased":["Scrape"],"campfire_rested":1,"item_purchase_floors":[3],"current_hp_per_floor":[75,72,72,57,57,36,36,36,36,35,35,35,35,20,42,23,75,58,24,24,24,0],"gold":323,"neow_bonus":"TRANSFORM_CARD","is_prod":false,"is_daily":false,"chose_seed":false,"campfire_upgraded":1,"win_rate":0.0,"timestamp":1556506655,"path_taken":["M","M","$","?","M","E","?","?","T","M","M","R","M","M","R","BOSS","M","M","?","?","M"],"build_version":"2019-01-23","purchased_purges":0,"victory":false,"max_hp_per_floor":[75,75,75,75,75,75,75,75,75,75,75,75,75,75,75,75,75,75,75,75,75,75],"card_choices":[{"not_picked":["Leap","Auto Shields"],"picked":"Sweeping Beam","floor":1},{"not_picked":["Auto Shields","Glacier","Reprogram"],"picked":"SKIP","floor":2},{"not_picked":["White Noise","Auto Shields"],"picked":"Beam Cell","floor":5},{"not_picked":["Fusion","Cold Snap"],"picked":"Sunder","floor":6},{"not_picked":["Leap","Auto Shields"],"picked":"Darkness","floor":8},{"not_picked":["Go for the Eyes","Barrage"],"picked":"Lockon","floor":10},{"not_picked":["Stack","Redo"],"picked":"Streamline","floor":11},{"not_picked":["Cold Snap","Hologram","Rip and Tear"],"picked":"SKIP","floor":13},{"not_picked":["Cold Snap","Heatsinks","Loop"],"picked":"SKIP","floor":14},{"not_picked":["All For One","Fission"],"picked":"Machine Learning","floor":16},{"not_picked":["Stack","Consume","Turbo"],"picked":"SKIP","floor":18},{"not_picked":["White Noise","Leap"],"picked":"Gash","floor":19}],"player_experience":47760,"relics_obtained":[{"floor":6,"key":"PreservedInsect"},{"floor":9,"key":"Vajra"}],"event_choices":[{"damage_healed":0,"gold_gain":0,"player_choice":"Entered Light","damage_taken":15,"max_hp_gain":0,"max_hp_loss":0,"event_name":"Shining Light","floor":4,"gold_loss":0,"cards_upgraded":["Sweeping Beam","Strike_B"]},{"cards_removed":["Strike_B"],"damage_healed":0,"gold_gain":0,"player_choice":"Card Removal","damage_taken":0,"max_hp_gain":0,"max_hp_loss":0,"event_name":"The Cleric","floor":7,"gold_loss":50},{"damage_healed":0,"gold_gain":99,"player_choice":"Stole From Cult","damage_taken":0,"max_hp_gain":0,"max_hp_loss":0,"event_name":"Nest","floor":20,"gold_loss":0},{"damage_healed":0,"gold_gain":0,"player_choice":"Obtained Relic","damage_taken":0,"relics_obtained":["Smiling Mask"],"max_hp_gain":0,"max_hp_loss":0,"event_name":"Addict","floor":21,"gold_loss":85}],"is_beta":false,"boss_relics":[{"not_picked":["Orrery","Sozu"],"picked":"Runic Pyramid"}],"items_purged_floors":[],"is_endless":false,"potions_floor_spawned":[2,5,8,11,14],"killed_by":"Shelled Parasite and Fungi","ascension_level":0}