{"gold_per_floor":[212,212,228,158,169,196,196,214,282,282,282],"floor_reached":11,"playtime":281,"items_purged":[],"score":106,"play_id":"d1837616-7247-47e0-abde-b3d0b625666f","local_time":"20190423153629","is_ascension_mode":true,"campfire_choices":[{"data":"Noxious Fumes","floor":7,"key":"SMITH"},{"data":"Neutralize","floor":10,"key":"SMITH"}],"neow_cost":"NONE","seed_source_timestamp":416348747681829,"circlet_count":0,"master_deck":["Defend_G","Defend_G","Defend_G","Defend_G","Defend_G","Strike_G","Strike_G","Strike_G","Strike_G","Strike_G","Survivor","Neutralize+1","Heel Hook","Slice","Footwork","Noxious Fumes+1","Footwork","Dash"],"relics":["Ring of the Snake","Ice Cream","Frozen Egg 2"],"potions_floor_usage":[6,6,11],"damage_taken":[{"damage":0,"enemies":"Cultist","floor":1,"turns":5},{"damage":3,"enemies":"Jaw Worm","floor":3,"turns":6},{"damage":0,"enemies":"2 Louse","floor":5,"turns":4},{"damage":28,"enemies":"Gremlin Nob","floor":6,"turns":5},{"damage":7,"enemies":"Large Slime","floor":8,"turns":7},{"damage":28,"enemies":"Gremlin Gang","floor":11,"turns":3}],"seed_played":"-7853616798307308029","potions_obtained":[{"floor":1,"key":"GamblersBrew"},{"floor":3,"key":"SteroidPotion"},{"floor":6,"key":"SpeedPotion"}],"is_trial":false,"path_per_floor":["M","?","M","$","M","E","R","M","T","R","M"],"character_chosen":"THE_SILENT","items_purchased":["Footwork"],"campfire_rested":0,"item_purchase_floors":[4],"current_hp_per_floor":[63,63,60,60,60,32,32,25,25,25,0],"gold":282,"neow_bonus":"HUNDRED_GOLD","is_prod":false,"is_daily":false,"chose_seed":false,"campfire_upgraded":2,"win_rate":0,"timestamp":1556051789,"path_taken":["M","?","M","$","M","E","R","M","T","R","?"],"build_version":"2019-01-23","purchased_purges":0,"victory":false,"max_hp_per_floor":[70,70,70,70,70,70,70,70,70,70,70],"card_choices":[{"not_picked":["Escape Plan","Cloak And Dagger"],"picked":"Heel Hook","floor":1},{"not_picked":["Blade Dance","Dagger Throw"],"picked":"Slice","floor":3},{"not_picked":["Acrobatics","Eviscerate"],"picked":"Noxious Fumes","floor":5},{"not_picked":["Backflip","Setup"],"picked":"Footwork","floor":6},{"not_picked":["Acrobatics","Phantasmal Killer"],"picked":"Dash","floor":8}],"player_experience":480330,"relics_obtained":[{"floor":6,"key":"Ice Cream"},{"floor":9,"key":"Frozen Egg 2"}],"event_choices":[{"damage_healed":0,"gold_gain":0,"player_choice":"Bought 0 Potions","damage_taken":0,"max_hp_gain":0,"max_hp_loss":0,"event_name":"The Woman in Blue","floor":2,"gold_loss":0}],"is_beta":false,"boss_relics":[],"items_purged_floors":[],"is_endless":false,"potions_floor_spawned":[1,3,6],"killed_by":"Gremlin Gang","ascension_level":9}