{"gold_per_floor":[118,118,83,108,127,127,127,127,151,167,167,210,223,236,236,356,356,379,379,392,406,406],"floor_reached":22,"playtime":748,"items_purged":[],"score":188,"play_id":"1af88014-cae6-43e7-91b2-3ce37416ffbd","local_time":"20190331125222","is_ascension_mode":false,"campfire_choices":[{"data":"Cloak And Dagger","floor":6,"key":"SMITH"},{"data":"Neutralize","floor":8,"key":"SMITH"},{"data":"Caltrops","floor":11,"key":"SMITH"},{"data":"After Image","floor":15,"key":"SMITH"}],"neow_cost":"NONE","seed_source_timestamp":241967437036292,"circlet_count":0,"master_deck":["Defend_G","Defend_G","Defend_G","Defend_G","Defend_G","Strike_G","Strike_G","Strike_G","Strike_G","Survivor","Neutralize+1","Blade Dance","Backstab","Cloak And Dagger+1","Strike_B","Caltrops+1","Dodge and Roll","Dagger Spray","After Image+1","Burst","Backflip","Acrobatics","Well Laid Plans"],"relics":["Runic Dome","Golden Idol","Orichalcum","Regal Pillow","HoveringKite","MutagenicStrength"],"potions_floor_usage":[12,16],"damage_taken":[{"damage":0,"enemies":"Small Slimes","floor":1,"turns":4},{"damage":0,"enemies":"2 Louse","floor":4,"turns":4},{"damage":0,"enemies":"Cultist","floor":5,"turns":3},{"damage":7,"enemies":"Exordium Thugs","floor":10,"turns":5},{"damage":25,"enemies":"Gremlin Nob","floor":12,"turns":4},{"damage":2,"enemies":"Blue Slaver","floor":13,"turns":3},{"damage":0,"enemies":"Gremlin Gang","floor":14,"turns":4},{"damage":24,"enemies":"Slime Boss","floor":16,"turns":12},{"damage":13,"enemies":"3 Byrds","floor":18,"turns":7},{"damage":16,"enemies":"Chosen","floor":20,"turns":7},{"damage":29,"enemies":"3 Cultists","floor":21,"turns":7},{"damage":18,"enemies":"Chosen and Byrds","floor":22,"turns":6}],"seed_played":"-5363461592575933829","potions_obtained":[{"floor":1,"key":"Explosive Potion"},{"floor":4,"key":"Fire Potion"},{"floor":14,"key":"SpeedPotion"},{"floor":20,"key":"SkillPotion"}],"is_trial":false,"path_per_floor":["M","?","?","M","M","R","?","R","T","M","R","E","M","M","R","B",null,"M","?","M","M","M"],"character_chosen":"THE_SILENT","items_purchased":[],"campfire_rested":0,"item_purchase_floors":[],"current_hp_per_floor":[70,53,70,70,70,70,70,70,70,63,63,38,36,36,36,12,70,57,57,41,12,0],"gold":406,"neow_bonus":"BOSS_RELIC","is_prod":false,"is_daily":false,"chose_seed":false,"campfire_upgraded":4,"win_rate":0,"timestamp":1554054742,"path_taken":["M","?","?","M","M","R","?","R","T","M","R","E","M","?","R","BOSS","M","?","M","M","M"],"build_version":"2019-01-23","purchased_purges":0,"victory":false,"max_hp_per_floor":[70,70,70,70,70,70,70,70,70,70,70,70,70,70,70,70,70,70,70,70,70,70],"card_choices":[{"not_picked":["Predator","Dagger Spray"],"picked":"Blade Dance","floor":1},{"not_picked":["Quick Slash","Slice"],"picked":"Backstab","floor":4},{"not_picked":["Prepared","Quick Slash"],"picked":"Cloak And Dagger","floor":5},{"not_picked":["Endless Agony","Poisoned Stab"],"picked":"Caltrops","floor":10},{"not_picked":["Poisoned Stab","Outmaneuver"],"picked":"Dodge and Roll","floor":12},{"not_picked":["Distraction","Bane"],"picked":"Dagger Spray","floor":13},{"not_picked":["Slice","Backflip"],"picked":"After Image","floor":14},{"not_picked":["Unload","Night Terror"],"picked":"Burst","floor":16},{"not_picked":["Catalyst","Outmaneuver"],"picked":"Backflip","floor":18},{"not_picked":["Predator","Slice"],"picked":"Acrobatics","floor":20},{"not_picked":["PiercingWail","Expertise"],"picked":"Well Laid Plans","floor":21}],"player_experience":359901,"relics_obtained":[{"floor":9,"key":"Orichalcum"},{"floor":12,"key":"Regal Pillow"}],"event_choices":[{"damage_healed":0,"gold_gain":0,"player_choice":"Take Damage","damage_taken":17,"relics_obtained":["Golden Idol"],"max_hp_gain":0,"max_hp_loss":0,"event_name":"Golden Idol","floor":2,"gold_loss":0},{"damage_healed":17,"gold_gain":0,"player_choice":"Healed","damage_taken":0,"max_hp_gain":0,"max_hp_loss":0,"event_name":"The Cleric","floor":3,"gold_loss":35},{"cards_removed":["Strike_G"],"damage_healed":0,"gold_gain":0,"player_choice":"Took Card","damage_taken":0,"max_hp_gain":0,"max_hp_loss":0,"event_name":"NoteForYourself","floor":7,"gold_loss":0,"cards_obtained":["Strike_B"]},{"damage_healed":0,"gold_gain":0,"player_choice":"Inject Mutagens","damage_taken":0,"relics_obtained":["MutagenicStrength"],"max_hp_gain":0,"max_hp_loss":0,"event_name":"Drug Dealer","floor":19,"gold_loss":0}],"is_beta":false,"boss_relics":[{"not_picked":["Black Star","Empty Cage"],"picked":"HoveringKite"}],"items_purged_floors":[],"is_endless":false,"potions_floor_spawned":[1,4,14,20],"killed_by":"Chosen and Byrds","ascension_level":0}