{"gold_per_floor":[117,117,134,153,171,202,202,231,231,247,247,263,588,568,568,644,644,660,660,439,439,45,70,94,94,145,159,159,177,177,196,196,271,271,287,287,211,231,156,156,168,179,179,179,192,210,210,227,227,227,227],"floor_reached":52,"playtime":3957,"items_purged":["Decay"],"score":1788,"play_id":"ddaf55ec-e5f1-487e-95af-1b4529f0c5a8","local_time":"20190508204708","is_ascension_mode":true,"campfire_choices":[{"floor":7.0,"key":"REST"},{"floor":11.0,"key":"REST"},{"data":"Footwork","floor":15.0,"key":"SMITH"},{"floor":25.0,"key":"REST"},{"floor":28.0,"key":"REST"},{"data":"Crippling Poison","floor":30.0,"key":"SMITH"},{"floor":32.0,"key":"REST"},{"data":"Noxious Fumes","floor":40.0,"key":"SMITH"},{"data":"Tactician","floor":44.0,"key":"SMITH"},{"data":"Footwork","floor":47.0,"key":"SMITH"},{"floor":49,"key":"REST"}],"neow_cost":"NONE","seed_source_timestamp":0,"circlet_count":0,"master_deck":["AscendersBane","Defend_G","Defend_G","Defend_G","Defend_G","Strike_G","Strike_G","Survivor","Neutralize+1","Bane+1","Blur+1","Unload+1","Dash","Footwork+1","Crippling Poison+1","Deflect","Backstab+1","Terror","Die Die Die","RitualDagger+1","PiercingWail+1","Corpse Explosion","Adrenaline","Escape Plan+1","Noxious Fumes+1","Tactician+1","PiercingWail+1","Footwork+1","Parasite","Blur"],"special_seed":0,"relics":["Astrolabe","Singing Bowl","Blood Vial","Paper Crane","Old Coin","Runic Pyramid","Strange Spoon","Ice Cream","Matryoshka","Vajra","Bag of Marbles","Potion Belt","Whetstone","Cursed Key","Incense Burner"],"potions_floor_usage":[50,50,51],"damage_taken":[{"damage":6.0,"enemies":"Small Slimes","floor":1.0,"turns":4.0},{"damage":3.0,"enemies":"Cultist","floor":3.0,"turns":5.0},{"damage":0.0,"enemies":"Jaw Worm","floor":4.0,"turns":3.0},{"damage":6.0,"enemies":"Exordium Thugs","floor":5.0,"turns":6.0},{"damage":13.0,"enemies":"Lagavulin","floor":6.0,"turns":8.0},{"damage":20.0,"enemies":"Gremlin Nob","floor":8.0,"turns":5.0},{"damage":1.0,"enemies":"Blue Slaver","floor":10.0,"turns":5.0},{"damage":0.0,"enemies":"2 Fungi Beasts","floor":12.0,"turns":3.0},{"damage":15.0,"enemies":"3 Sentries","floor":13.0,"turns":14.0},{"damage":0.0,"enemies":"The Guardian","floor":16.0,"turns":11.0},{"damage":0.0,"enemies":"Chosen","floor":18.0,"turns":4.0},{"damage":42.0,"enemies":"Slavers","floor":23.0,"turns":6.0},{"damage":4.0,"enemies":"Spheric Guardian","floor":27.0,"turns":4.0},{"damage":8.0,"enemies":"Centurion and Healer","floor":29.0,"turns":5.0},{"damage":9.0,"enemies":"Chosen and Byrds","floor":31.0,"turns":4.0},{"damage":72.0,"enemies":"Collector","floor":33.0,"turns":14.0},{"damage":0.0,"enemies":"3 Shapes","floor":35.0,"turns":5.0},{"damage":0.0,"enemies":"3 Darklings","floor":38.0,"turns":4.0},{"damage":6.0,"enemies":"4 Shapes","floor":41.0,"turns":6.0},{"damage":2.0,"enemies":"Maw","floor":42.0,"turns":7.0},{"damage":0.0,"enemies":"Sphere and 2 Shapes","floor":45.0,"turns":3.0},{"damage":0.0,"enemies":"Jaw Worm Horde","floor":46.0,"turns":5.0},{"damage":8,"enemies":"Writhing Mass","floor":48,"turns":5},{"damage":32,"enemies":"Awakened One","floor":50,"turns":17},{"damage":36,"enemies":"Time Eater","floor":51,"turns":13}],"seed_played":"-6853583187440931025","potions_obtained":[{"floor":3.0,"key":"LiquidBronze"},{"floor":5.0,"key":"Weak Potion"},{"floor":10.0,"key":"Fire Potion"},{"floor":13.0,"key":"Dexterity Potion"},{"floor":29.0,"key":"Ancient Potion"},{"floor":31.0,"key":"Block Potion"},{"floor":33.0,"key":"SkillPotion"},{"floor":35.0,"key":"Dexterity Potion"},{"floor":38.0,"key":"LiquidBronze"},{"floor":45.0,"key":"Explosive Potion"}],"is_trial":false,"path_per_floor":["M","?","M","M","M","E","R","E","T","M","R","M","E","?","R","B",null,"M","?","$","?","$","E","T","R","T","M","R","M","R","M","R","B",null,"M","?","$","M","?","R","M","M","T","R","M","M","R","M","R","B","B",null],"character_chosen":"THE_SILENT","items_purchased":["Strange Spoon","Ice Cream","Noxious Fumes"],"campfire_rested":6,"item_purchase_floors":[20,22,37],"current_hp_per_floor":[53,53,50,50,44,31,50,32,32,33,53,55,42,42,42,44,62,66,60,60,60,60,20,20,41,41,41,62,58,58,51,73,2,56,58,58,58,62,62,62,60,60,60,60,62,64,64,58,78,46,12],"gold":227,"neow_bonus":"BOSS_RELIC","is_prod":false,"is_daily":false,"chose_seed":false,"campfire_upgraded":5,"win_rate":0,"timestamp":1557337628,"path_taken":["M","?","M","M","M","E","R","E","T","M","R","?","E","?","R","BOSS","M","?","$","?","$","E","?","R","T","M","R","M","R","M","R","BOSS","M","?","$","M","?","R","M","M","T","R","?","M","R","M","R","BOSS","BOSS"],"build_version":"2019-01-23","purchased_purges":1,"victory":true,"max_hp_per_floor":[66,66,66,66,66,66,66,68,68,68,68,68,68,68,68,68,68,70,70,70,70,70,70,70,70,70,72,72,74,74,74,74,74,74,74,74,74,76,76,76,78,78,78,78,78,78,78,78,78,78,78],"card_choices":[{"not_picked":["Sucker Punch","Acrobatics","Flechettes"],"picked":"SKIP","floor":1.0},{"not_picked":["Bane","Poisoned Stab"],"picked":"Dash","floor":3.0},{"not_picked":["Deadly Poison","Dagger Throw","Eviscerate"],"picked":"SKIP","floor":4.0},{"not_picked":["Blade Dance","Poisoned Stab"],"picked":"Footwork","floor":5.0},{"not_picked":["Reflex","Burst"],"picked":"Crippling Poison","floor":6.0},{"not_picked":["Deadly Poison","Dagger Spray","Poisoned Stab"],"picked":"Singing Bowl","floor":8.0},{"not_picked":["Slice","Flying Knee"],"picked":"Deflect","floor":10.0},{"not_picked":["Crippling Poison","Flechettes"],"picked":"Backstab","floor":12.0},{"not_picked":["Cloak And Dagger","Flying Knee"],"picked":"Terror","floor":13.0},{"not_picked":["Bullet Time","Wraith Form v2"],"picked":"Die Die Die","floor":16.0},{"not_picked":["Flying Knee","Acrobatics","Finisher"],"picked":"Singing Bowl","floor":18.0},{"not_picked":["Deadly Poison","Backflip"],"picked":"PiercingWail+1","floor":23.0},{"not_picked":["Dash","Quick Slash+1","Flying Knee"],"picked":"Singing Bowl","floor":27.0},{"not_picked":["Backflip","Prepared","Slice"],"picked":"Singing Bowl","floor":29.0},{"not_picked":["Dagger Throw","Underhanded Strike"],"picked":"Corpse Explosion","floor":31.0},{"not_picked":["Envenom","Glass Knife"],"picked":"Adrenaline","floor":33.0},{"not_picked":["Deflect","Terror"],"picked":"Escape Plan+1","floor":35.0},{"not_picked":["Underhanded Strike+1","Slice+1","Expertise"],"picked":"Singing Bowl","floor":38.0},{"not_picked":["Outmaneuver+1","Acrobatics+1","Dagger Spray+1"],"picked":"Singing Bowl","floor":41.0},{"not_picked":["Backflip+1","Reflex"],"picked":"Tactician","floor":42.0},{"not_picked":["Backstab+1","Bouncing Flask"],"picked":"PiercingWail+1","floor":45.0},{"not_picked":["Glass Knife","Acrobatics+1"],"picked":"Footwork","floor":46.0},{"not_picked":["Deflect+1","Dagger Throw"],"picked":"Blur","floor":48}],"player_experience":1100980,"relics_obtained":[{"floor":6.0,"key":"Singing Bowl"},{"floor":8.0,"key":"Blood Vial"},{"floor":9.0,"key":"Paper Crane"},{"floor":13.0,"key":"Old Coin"},{"floor":23.0,"key":"Matryoshka"},{"floor":24.0,"key":"Vajra"},{"floor":24.0,"key":"Bag of Marbles"},{"floor":26.0,"key":"Potion Belt"},{"floor":26.0,"key":"Whetstone"}],"event_choices":[{"damage_healed":0.0,"max_hp_gain":0.0,"max_hp_loss":0.0,"gold_gain":0.0,"event_name":"Upgrade Shrine","player_choice":"Upgraded","floor":2.0,"gold_loss":0.0,"damage_taken":0.0,"cards_upgraded":["Neutralize"]},{"damage_healed":0.0,"max_hp_gain":0.0,"max_hp_loss":0.0,"gold_gain":0.0,"event_name":"The Woman in Blue","player_choice":"Bought 1 Potion","floor":14.0,"gold_loss":0.0,"damage_taken":0.0},{"damage_healed":0.0,"max_hp_gain":0.0,"max_hp_loss":0.0,"gold_gain":0.0,"event_name":"Nest","player_choice":"Joined the Cult","floor":19.0,"gold_loss":0.0,"damage_taken":6.0,"cards_obtained":["RitualDagger"]},{"damage_healed":0.0,"max_hp_gain":0.0,"max_hp_loss":0.0,"gold_gain":0.0,"event_name":"Forgotten Altar","player_choice":"Smashed Altar","floor":21.0,"gold_loss":0.0,"damage_taken":0.0,"cards_obtained":["Decay"]},{"cards_removed":["Defend_G"],"damage_healed":0.0,"max_hp_gain":0.0,"max_hp_loss":0.0,"gold_gain":0.0,"event_name":"Falling","player_choice":"Removed Skill","floor":36.0,"gold_loss":0.0,"damage_taken":0.0},{"damage_healed":0.0,"max_hp_gain":0.0,"max_hp_loss":0.0,"gold_gain":0.0,"event_name":"WeMeetAgain","player_choice":"Paid Gold","floor":39.0,"gold_loss":75.0,"damage_taken":0.0,"relics_obtained":["Incense Burner"]}],"is_beta":false,"boss_relics":[{"not_picked":["Empty Cage","Black Star"],"picked":"Runic Pyramid"},{"not_picked":["Coffee Dripper","HoveringKite"],"picked":"Cursed Key"}],"items_purged_floors":[22],"is_endless":false,"potions_floor_spawned":[3,5,10,13,29,31,33,35,38,45],"ascension_level":20}