{"gold_per_floor":[117,117,131,85,103,120,145,145,145,171,190,201,234,253,253,358,358,370,380,396,415,234,234],"floor_reached":23,"playtime":1364,"items_purged":["Strike_B"],"score":217,"play_id":"ea64f0fc-2b98-419b-98fd-9c694153b2f1","local_time":"20190428222236","is_ascension_mode":false,"campfire_choices":[{"data":"Leap","floor":8,"key":"SMITH"},{"data":"Gash","floor":15,"key":"SMITH"}],"neow_cost":"NONE","seed_source_timestamp":893293064645100,"circlet_count":0,"master_deck":["Strike_B","Strike_B","Strike_B","Defend_B","Defend_B","Defend_B","Defend_B","Zap","Dualcast","Leap+1","FTL","Gash","Gash+1","Go for the Eyes","Beam Cell","Streamline","Static Discharge","Multi-Cast","Sweeping Beam+1","Gash","Steam","Conserve Battery","Auto Shields","FTL"],"relics":["Cracked Core","Nunchaku","Ornamental Fan","Sundial","Strawberry","Mercury Hourglass","Black Star"],"potions_floor_usage":[7,10,13,13,16,19,21,21],"damage_taken":[{"damage":0,"enemies":"Cultist","floor":1,"turns":4},{"damage":0,"enemies":"Jaw Worm","floor":3,"turns":3},{"damage":3,"enemies":"Small Slimes","floor":5,"turns":2},{"damage":0,"enemies":"Gremlin Gang","floor":6,"turns":6},{"damage":9,"enemies":"Lagavulin","floor":7,"turns":5},{"damage":28,"enemies":"Gremlin Nob","floor":10,"turns":5},{"damage":15,"enemies":"Exordium Wildlife","floor":11,"turns":3},{"damage":0,"enemies":"Looter","floor":12,"turns":2},{"damage":3,"enemies":"3 Sentries","floor":13,"turns":4},{"damage":7,"enemies":"Exordium Thugs","floor":14,"turns":3},{"damage":34,"enemies":"The Guardian","floor":16,"turns":8},{"damage":30,"enemies":"2 Thieves","floor":18,"turns":4},{"damage":0,"enemies":"3 Byrds","floor":19,"turns":2},{"damage":37,"enemies":"Shelled Parasite and Fungi","floor":20,"turns":7},{"damage":23,"enemies":"Sentry and Sphere","floor":21,"turns":4},{"damage":12,"enemies":"Gremlin Leader","floor":23,"turns":2}],"seed_played":"9174820251779628154","potions_obtained":[{"floor":5,"key":"Dexterity Potion"},{"floor":7,"key":"Dexterity Potion"},{"floor":10,"key":"FairyPotion"},{"floor":11,"key":"SteroidPotion"},{"floor":12,"key":"AttackPotion"},{"floor":14,"key":"Regen Potion"},{"floor":16,"key":"LiquidBronze"},{"floor":19,"key":"SteroidPotion"},{"floor":20,"key":"FocusPotion"}],"is_trial":false,"path_per_floor":["M","T","M","$","M","M","E","R","T","E","M","M","E","M","R","B",null,"M","M","M","M","$","E"],"character_chosen":"DEFECT","items_purchased":["Gash","Auto Shields","FTL"],"campfire_rested":0,"item_purchase_floors":[4,22,22],"current_hp_per_floor":[82,82,82,82,79,79,70,70,70,49,34,34,31,24,24,5,89,59,59,22,8,8,0],"gold":234,"neow_bonus":"TEN_PERCENT_HP_BONUS","is_prod":false,"is_daily":false,"chose_seed":false,"campfire_upgraded":2,"win_rate":0.0,"timestamp":1556508156,"path_taken":["M","?","M","$","?","M","E","R","T","E","M","?","E","M","R","BOSS","M","?","M","M","$","E"],"build_version":"2019-01-23","purchased_purges":1,"victory":false,"max_hp_per_floor":[82,82,82,82,82,82,82,82,82,89,89,89,89,89,89,89,89,89,89,89,89,89,89],"card_choices":[{"not_picked":["Conserve Battery","Stack"],"picked":"Leap","floor":1},{"not_picked":["Darkness","Cold Snap"],"picked":"FTL","floor":3},{"not_picked":["BootSequence","Conserve Battery","Heatsinks"],"picked":"SKIP","floor":5},{"not_picked":["Go for the Eyes","Leap"],"picked":"Gash","floor":6},{"not_picked":["Turbo","Steam Power","Echo Form"],"picked":"SKIP","floor":7},{"not_picked":["Sunder","Compile Driver","Rebound"],"picked":"SKIP","floor":10},{"not_picked":["Conserve Battery","Barrage"],"picked":"Go for the Eyes","floor":11},{"not_picked":["Defragment","Hello World"],"picked":"Beam Cell","floor":12},{"not_picked":["Creative AI","Hologram"],"picked":"Streamline","floor":13},{"not_picked":["Coolheaded","Conserve Battery"],"picked":"Static Discharge","floor":14},{"not_picked":["Creative AI","Machine Learning"],"picked":"Multi-Cast","floor":16},{"not_picked":["Cold Snap","Storm+1"],"picked":"Sweeping Beam+1","floor":18},{"not_picked":["Rebound","Force Field"],"picked":"Gash","floor":19},{"not_picked":["Turbo","White Noise+1"],"picked":"Steam","floor":20},{"not_picked":["Cold Snap+1","Self Repair"],"picked":"Conserve Battery","floor":21}],"player_experience":48998,"relics_obtained":[{"floor":2,"key":"Nunchaku"},{"floor":7,"key":"Ornamental Fan"},{"floor":9,"key":"Sundial"},{"floor":10,"key":"Strawberry"},{"floor":13,"key":"Mercury Hourglass"}],"event_choices":[],"is_beta":false,"boss_relics":[{"not_picked":["Orrery","Astrolabe"],"picked":"Black Star"}],"items_purged_floors":[22],"is_endless":false,"potions_floor_spawned":[5,7,10,11,12,14,16,19,20],"killed_by":"Gremlin Leader","ascension_level":0}