{"gold_per_floor":[117,128,60,73,92,92,119,119,198,214,214,228,259,281,281,384,384,399,498,498,498,255,255,284,284,310,334,334,58,75,101,101,197,197,207,207,80,125,25,59,59,88,88,116,128,142,175,188,188,188,188,188,38,73,73],"floor_reached":55,"playtime":2789,"items_purged":["Strike_R+1","Strike_R+1"],"score":967,"play_id":"1fee0058-6abf-4abf-ab1b-b9dd6867f528","local_time":"20190504234140","is_ascension_mode":true,"campfire_choices":[{"data":"Infernal Blade","floor":6,"key":"SMITH"},{"data":"Searing Blow","floor":11,"key":"SMITH"},{"data":"Searing Blow+1","floor":15,"key":"SMITH"},{"data":"Searing Blow+2","floor":23,"key":"SMITH"},{"data":"Searing Blow+3","floor":25,"key":"SMITH"},{"data":"Searing Blow+4","floor":32,"key":"SMITH"},{"data":"Searing Blow+5","floor":41,"key":"SMITH"},{"floor":49,"key":"RECALL"},{"data":"Searing Blow+6","floor":52,"key":"SMITH"}],"neow_cost":"NONE","seed_source_timestamp":1415118521583800,"circlet_count":0,"master_deck":["Strike_R+1","Strike_R+1","Defend_R+1","Defend_R+1","Defend_R+1","Defend_R+1","Bash","Seeing Red+1","Heavy Blade","Searing Blow+7","Infernal Blade+1","Carnage","Wild Strike","Pommel Strike","Clash","Clothesline","Flex+1","Immolate","Anger","Carnage","Shrug It Off","Flex+1","Rampage","Shrug It Off","Uppercut+1","Sever Soul","Bludgeon","Pommel Strike","Seeing Red+1","Metallicize","Clash","Flex+1"],"relics":["Burning Blood","PreservedInsect","Thread and Needle","Lantern","Pantograph","Gambling Chip","Odd Mushroom","Velvet Choker","MutagenicStrength","HandDrill","War Paint","Potion Belt","DollysMirror","Ancient Tea Set","Philosopher\u0027s Stone","FossilizedHelix","Torii","Blood Vial","Mercury Hourglass","Ice Cream","Anchor","Centennial Puzzle","Boot"],"potions_floor_usage":[5,10,14,14,16,18,42,42,46,50],"damage_taken":[{"damage":14,"enemies":"Cultist","floor":1,"turns":5},{"damage":0,"enemies":"2 Louse","floor":2,"turns":4},{"damage":7,"enemies":"Jaw Worm","floor":4,"turns":4},{"damage":31,"enemies":"Large Slime","floor":5,"turns":6},{"damage":26,"enemies":"Lagavulin","floor":7,"turns":4},{"damage":0,"enemies":"2 Fungi Beasts","floor":10,"turns":2},{"damage":2,"enemies":"Looter","floor":12,"turns":2},{"damage":11,"enemies":"3 Sentries","floor":13,"turns":4},{"damage":0,"enemies":"The Mushroom Lair","floor":14,"turns":1},{"damage":56,"enemies":"The Guardian","floor":16,"turns":10},{"damage":22,"enemies":"2 Thieves","floor":18,"turns":3},{"damage":3,"enemies":"Slavers","floor":24,"turns":3},{"damage":0,"enemies":"Chosen","floor":30,"turns":2},{"damage":0,"enemies":"Book of Stabbing","floor":31,"turns":3},{"damage":31,"enemies":"Automaton","floor":33,"turns":6},{"damage":6,"enemies":"3 Darklings","floor":35,"turns":3},{"damage":8,"enemies":"2 Orb Walkers","floor":38,"turns":3},{"damage":0,"enemies":"Giant Head","floor":40,"turns":4},{"damage":25,"enemies":"Nemesis","floor":42,"turns":5},{"damage":0,"enemies":"Reptomancer","floor":44,"turns":2},{"damage":0,"enemies":"Orb Walker","floor":45,"turns":1},{"damage":10,"enemies":"Transient","floor":46,"turns":5},{"damage":16,"enemies":"Giant Head","floor":47,"turns":6},{"damage":0,"enemies":"Jaw Worm Horde","floor":48,"turns":3},{"damage":69,"enemies":"Donu and Deca","floor":50,"turns":8},{"damage":0,"enemies":"Shield and Spear","floor":54,"turns":3},{"damage":97,"enemies":"The Heart","floor":55,"turns":5}],"seed_played":"-8059386315356071265","potions_obtained":[{"floor":2,"key":"Strength Potion"},{"floor":4,"key":"AttackPotion"},{"floor":7,"key":"BloodPotion"},{"floor":12,"key":"Swift Potion"},{"floor":13,"key":"BloodPotion"},{"floor":16,"key":"Swift Potion"},{"floor":18,"key":"GamblersBrew"},{"floor":38,"key":"PowerPotion"},{"floor":44,"key":"Strength Potion"},{"floor":45,"key":"Regen Potion"}],"is_trial":false,"path_per_floor":["M","M","$","M","M","R","E","?","T","M","R","M","E","?","R","B",null,"M","?","?","?","$","R","E","R","T","T","?","$","M","E","R","B",null,"M","?","$","?","$","E","R","E","T","E","M","M","E","M","R","B",null,"R","$","E","B"],"character_chosen":"IRONCLAD","items_purchased":["Searing Blow","HandDrill","Carnage","DollysMirror","Rampage","Shrug It Off","Pommel Strike","Centennial Puzzle"],"campfire_rested":0,"item_purchase_floors":[3,22,22,29,29,29,37,53],"current_hp_per_floor":[72,78,78,77,52,52,32,14,14,28,28,32,27,41,41,16,80,64,64,64,64,64,64,67,67,67,67,67,67,73,79,79,55,80,80,80,80,78,78,80,80,61,61,69,77,77,69,77,77,17,80,80,80,80,0],"gold":73,"neow_bonus":"RANDOM_COMMON_RELIC","is_prod":false,"is_daily":false,"chose_seed":false,"campfire_upgraded":8,"win_rate":0,"timestamp":1557031300,"path_taken":["M","?","$","M","M","R","E","?","T","M","R","M","E","?","R","BOSS","M","?","?","?","$","R","E","R","T","?","?","$","M","E","R","BOSS","M","?","?","?","$","E","R","E","T","E","M","M","E","M","R","BOSS","R","$","E","BOSS"],"build_version":"2019-01-23","purchased_purges":2,"victory":false,"max_hp_per_floor":[80,80,80,80,80,80,80,80,80,80,80,80,80,80,80,80,80,80,80,80,80,80,80,80,80,80,80,80,80,80,80,80,80,80,80,80,80,80,80,80,80,80,80,80,80,80,80,80,80,80,80,80,80,80,80],"card_choices":[{"not_picked":["Twin Strike","Headbutt"],"picked":"Seeing Red","floor":1},{"not_picked":["Power Through","Cleave"],"picked":"Heavy Blade","floor":2},{"not_picked":["Thunderclap","Heavy Blade"],"picked":"Infernal Blade","floor":4},{"not_picked":["Barricade","Heavy Blade"],"picked":"Carnage","floor":5},{"not_picked":["Offering","Thunderclap"],"picked":"Wild Strike","floor":7},{"not_picked":["Blood for Blood","Sword Boomerang"],"picked":"Pommel Strike","floor":10},{"not_picked":["Hemokinesis","Body Slam"],"picked":"Clash","floor":12},{"not_picked":["Reckless Charge","Combust"],"picked":"Clothesline","floor":13},{"not_picked":["Headbutt","Iron Wave"],"picked":"Flex","floor":14},{"not_picked":["Exhume","Fiend Fire"],"picked":"Immolate","floor":16},{"not_picked":["Havoc","Second Wind"],"picked":"Anger","floor":18},{"not_picked":["Combust","Thunderclap+1"],"picked":"Shrug It Off","floor":24},{"not_picked":["Infernal Blade","Shrug It Off"],"picked":"Uppercut+1","floor":30},{"not_picked":["Infernal Blade","Heavy Blade"],"picked":"Sever Soul","floor":31},{"not_picked":["Berserk","Exhume"],"picked":"Bludgeon","floor":33},{"not_picked":["Armaments","Body Slam","Cleave"],"picked":"SKIP","floor":35},{"not_picked":["Headbutt","Perfected Strike"],"picked":"Seeing Red+1","floor":38},{"not_picked":["Warcry+1","Armaments","Burning Pact+1"],"picked":"SKIP","floor":40},{"not_picked":["Body Slam+1","Rupture+1"],"picked":"Metallicize","floor":42},{"not_picked":["True Grit","Headbutt+1","Impervious"],"picked":"SKIP","floor":44},{"not_picked":["Iron Wave+1","Intimidate+1"],"picked":"Clash","floor":45},{"not_picked":["Sword Boomerang+1","Thunderclap","Searing Blow+1"],"picked":"SKIP","floor":46},{"not_picked":["Body Slam","True Grit+1"],"picked":"Flex+1","floor":47},{"not_picked":["Wild Strike+1","Shrug It Off","Burning Pact"],"picked":"SKIP","floor":48},{"not_picked":["Cleave","Feel No Pain+1","Evolve"],"picked":"SKIP","floor":54}],"player_experience":121889,"relics_obtained":[{"floor":7,"key":"Thread and Needle"},{"floor":9,"key":"Pantograph"},{"floor":13,"key":"Gambling Chip"},{"floor":14,"key":"Odd Mushroom"},{"floor":24,"key":"War Paint"},{"floor":27,"key":"Potion Belt"},{"floor":31,"key":"Ancient Tea Set"},{"floor":38,"key":"FossilizedHelix"},{"floor":40,"key":"Torii"},{"floor":42,"key":"Blood Vial"},{"floor":43,"key":"Mercury Hourglass"},{"floor":44,"key":"Ice Cream"},{"floor":47,"key":"Anchor"},{"floor":54,"key":"Boot"}],"event_choices":[{"damage_healed":0,"gold_gain":0,"player_choice":"Success","damage_taken":18,"relics_obtained":["Lantern"],"max_hp_gain":0,"max_hp_loss":0,"event_name":"Scrap Ooze","floor":8,"gold_loss":0},{"damage_healed":0,"gold_gain":0,"player_choice":"Fought Mushrooms","damage_taken":0,"max_hp_gain":0,"max_hp_loss":0,"event_name":"Mushrooms","floor":14,"gold_loss":0},{"damage_healed":0,"gold_gain":99,"player_choice":"Stole From Cult","damage_taken":0,"max_hp_gain":0,"max_hp_loss":0,"event_name":"Nest","floor":19,"gold_loss":0},{"damage_healed":0,"gold_gain":0,"player_choice":"Inject Mutagens","damage_taken":0,"relics_obtained":["MutagenicStrength"],"max_hp_gain":0,"max_hp_loss":0,"event_name":"Drug Dealer","floor":20,"gold_loss":0},{"damage_healed":0,"gold_gain":0,"player_choice":"Simplicity","damage_taken":0,"max_hp_gain":0,"max_hp_loss":0,"event_name":"Back to Basics","floor":21,"gold_loss":0,"cards_upgraded":["Strike_R","Strike_R","Strike_R","Strike_R","Strike_R","Defend_R","Defend_R","Defend_R","Defend_R"]},{"damage_healed":0,"gold_gain":0,"player_choice":"Ignored","damage_taken":0,"max_hp_gain":0,"max_hp_loss":0,"event_name":"Ghosts","floor":28,"gold_loss":0},{"cards_removed":["Strike_R"],"damage_healed":0,"gold_gain":0,"player_choice":"Offered Basic","damage_taken":0,"max_hp_gain":0,"max_hp_loss":0,"event_name":"Bonfire Elementals","floor":36,"gold_loss":0},{"damage_healed":0,"gold_gain":0,"player_choice":"Fight","damage_taken":0,"max_hp_gain":0,"max_hp_loss":0,"event_name":"Mysterious Sphere","floor":38,"gold_loss":0}],"is_beta":false,"boss_relics":[{"not_picked":["Empty Cage","Fusion Hammer"],"picked":"Velvet Choker"},{"not_picked":["Black Blood","White Beast Statue"],"picked":"Philosopher\u0027s Stone"}],"items_purged_floors":[37,39],"is_endless":false,"potions_floor_spawned":[2,4,7,12,13,16,18,38,44,45],"killed_by":"The Heart","ascension_level":2}