{"gold_per_floor":[118,132,207,227,227,261,261,261,284,284,284,302,320,346,346,420,420,431,381,393,407,419,444,444,459,532,532,562,562,578,608,608,683,683,703,715,731,749,254,254,272,306,352,352,352,372,59,71,71,71],"floor_reached":51,"playtime":4665,"items_purged":["Strike_G","Parasite"],"score":1389,"play_id":"cfaa366a-a26b-4fce-bb1a-69218de1d23e","local_time":"20181127082707","is_ascension_mode":true,"campfire_choices":[{"floor":7,"key":"REST"},{"floor":10,"key":"REST"},{"floor":15,"key":"REST"},{"data":"Noxious Fumes","floor":24,"key":"SMITH"},{"floor":27,"key":"REST"},{"data":"Neutralize","floor":29,"key":"SMITH"},{"data":"Malaise","floor":32,"key":"SMITH"},{"floor":40,"key":"REST"},{"floor":44,"key":"REST"},{"data":"Blur","floor":49,"key":"SMITH"}],"neow_cost":"NONE","seed_source_timestamp":21967944867019,"circlet_count":0,"master_deck":["AscendersBane","Defend_G+1","Defend_G","Defend_G+1","Defend_G","Defend_G+1","Survivor","Neutralize+1","Glass Knife+1","Accuracy+1","Noxious Fumes+1","Malaise+1","Prepared+1","Adrenaline+1","Riddle With Holes+1","Blade Dance+1","Dodge and Roll","Backflip","Blur+1","Cloak And Dagger+1","Infinite Blades"],"relics":["Ring of the Snake","Snake Skull","Ninja Scroll","Orichalcum","Lantern","Astrolabe","PreservedInsect","Shuriken","Anchor","Centennial Puzzle","Orrery","War Paint","TheAbacus","Boot","Bag of Marbles","Chemical X"],"potions_floor_usage":[16,23,23,50,50],"damage_taken":[{"damage":3,"enemies":"Jaw Worm","floor":1,"turns":6},{"damage":1,"enemies":"Small Slimes","floor":2,"turns":6},{"damage":0,"enemies":"2 Louse","floor":4,"turns":4},{"damage":29,"enemies":"3 Sentries","floor":6,"turns":12},{"damage":0,"enemies":"Large Slime","floor":12,"turns":3},{"damage":2,"enemies":"Exordium Thugs","floor":13,"turns":5},{"damage":37,"enemies":"Slime Boss","floor":16,"turns":13},{"damage":2,"enemies":"Shell Parasite","floor":18,"turns":5},{"damage":0,"enemies":"3 Byrds","floor":20,"turns":4},{"damage":0,"enemies":"Snake Plant","floor":21,"turns":5},{"damage":1,"enemies":"Snecko","floor":22,"turns":5},{"damage":10,"enemies":"Book of Stabbing","floor":23,"turns":2},{"damage":1,"enemies":"Centurion and Healer","floor":25,"turns":4},{"damage":0,"enemies":"Slavers","floor":28,"turns":2},{"damage":4,"enemies":"3 Cultists","floor":30,"turns":4},{"damage":9,"enemies":"Book of Stabbing","floor":31,"turns":5},{"damage":48,"enemies":"Automaton","floor":33,"turns":10},{"damage":0,"enemies":"3 Shapes","floor":35,"turns":6},{"damage":0,"enemies":"Orb Walker","floor":36,"turns":2},{"damage":10,"enemies":"3 Darklings","floor":37,"turns":6},{"damage":3,"enemies":"4 Shapes","floor":38,"turns":7},{"damage":0,"enemies":"Spire Growth","floor":41,"turns":4},{"damage":19,"enemies":"Nemesis","floor":42,"turns":5},{"damage":0,"enemies":"Writhing Mass","floor":46,"turns":5},{"damage":7,"enemies":"Sphere and 2 Shapes","floor":48,"turns":4},{"damage":47,"enemies":"Awakened One","floor":50,"turns":12}],"seed_played":"-9203919894677719924","potions_obtained":[{"floor":6,"key":"PowerPotion"},{"floor":13,"key":"SteroidPotion"},{"floor":16,"key":"SteroidPotion"},{"floor":25,"key":"LiquidBronze"},{"floor":28,"key":"Explosive Potion"},{"floor":35,"key":"Dexterity Potion"},{"floor":36,"key":"Dexterity Potion"}],"is_trial":false,"path_per_floor":["M","M","?","M","?","E","R","?","T","R","?","M","M","T","R","B",null,"M","?","M","M","M","E","R","M","T","R","E","R","M","E","R","B",null,"M","M","M","M","$","R","M","E","T","R","?","M","$","M","R","B",null],"character_chosen":"THE_SILENT","items_purchased":["War Paint","Infinite Blades","TheAbacus","Chemical X"],"campfire_rested":6,"item_purchase_floors":[39,39,39,47],"current_hp_per_floor":[62,61,50,50,32,3,24,24,24,45,23,23,21,21,42,5,55,53,53,53,53,52,42,42,41,41,62,62,62,58,49,49,1,54,54,54,44,41,41,62,62,43,43,64,64,64,64,57,57,10],"gold":71,"neow_bonus":"TEN_PERCENT_HP_BONUS","is_prod":false,"is_daily":false,"chose_seed":false,"campfire_upgraded":4,"win_rate":0,"timestamp":1543296427,"path_taken":["M","M","?","M","?","E","R","?","T","R","?","M","M","?","R","BOSS","M","?","M","M","M","E","R","M","T","R","E","R","M","E","R","BOSS","M","M","?","M","$","R","M","E","T","R","?","M","$","M","R","BOSS"],"build_version":"2018-11-15","purchased_purges":2,"victory":true,"max_hp_per_floor":[72,72,72,72,72,72,72,72,72,72,72,72,72,72,72,72,72,72,72,72,72,72,72,72,72,72,72,72,72,72,72,72,72,72,72,72,72,72,72,72,72,72,72,72,72,72,69,69,69,69],"card_choices":[{"not_picked":["Blade Dance","Poisoned Stab","Underhanded Strike"],"picked":"SKIP","floor":1},{"not_picked":["Prepared","Dagger Throw"],"picked":"Glass Knife","floor":2},{"not_picked":["Setup","Terror"],"picked":"Accuracy","floor":4},{"not_picked":["Outmaneuver","Heel Hook","Expertise"],"picked":"SKIP","floor":6},{"not_picked":["Dagger Throw","Flechettes","Flying Knee"],"picked":"SKIP","floor":12},{"not_picked":["Underhanded Strike","Crippling Poison"],"picked":"Noxious Fumes","floor":13},{"not_picked":["Tools of the Trade","Phantasmal Killer"],"picked":"Malaise","floor":16},{"not_picked":["Underhanded Strike","Dagger Spray","Escape Plan"],"picked":"SKIP","floor":18},{"not_picked":["Underhanded Strike","Expertise","Acrobatics"],"picked":"SKIP","floor":20},{"not_picked":["Backstab","Noxious Fumes","Catalyst"],"picked":"SKIP","floor":21},{"not_picked":["Dash+1","Acrobatics+1"],"picked":"Blade Dance+1","floor":22},{"not_picked":["Acrobatics+1","Phantasmal Killer","Setup+1"],"picked":"SKIP","floor":23},{"not_picked":["Bane","Escape Plan"],"picked":"Dodge and Roll","floor":25},{"not_picked":["Poisoned Stab","Flying Knee","Acrobatics"],"picked":"SKIP","floor":28},{"not_picked":["Deadly Poison","Distraction","Escape Plan"],"picked":"SKIP","floor":30},{"not_picked":["Bouncing Flask","Slice","Bullet Time"],"picked":"SKIP","floor":31},{"not_picked":["Prepared","Predator"],"picked":"Backflip","floor":34},{"not_picked":["Reflex","Distraction"],"picked":"Blur","floor":34},{"not_picked":["Prepared+1","Deflect+1","Slice"],"picked":"SKIP","floor":35},{"not_picked":["Sucker Punch+1","Outmaneuver","Caltrops+1"],"picked":"SKIP","floor":36},{"not_picked":["Sucker Punch+1","Outmaneuver","Caltrops+1"],"picked":"SKIP","floor":36},{"not_picked":["Acrobatics+1","Leg Sweep","Reflex"],"picked":"SKIP","floor":37},{"not_picked":["Prepared+1","Outmaneuver"],"picked":"Cloak And Dagger+1","floor":38},{"not_picked":["Heel Hook","A Thousand Cuts","Dodge and Roll+1"],"picked":"SKIP","floor":41},{"not_picked":["Corpse Explosion","Slice","Well Laid Plans+1"],"picked":"SKIP","floor":42},{"not_picked":["Dagger Spray","Outmaneuver+1","Concentrate+1"],"picked":"SKIP","floor":46},{"not_picked":["Backflip+1","Deflect","Riddle With Holes"],"picked":"SKIP","floor":48}],"player_experience":774090,"relics_obtained":[{"floor":6,"key":"Ninja Scroll"},{"floor":9,"key":"Orichalcum"},{"floor":14,"key":"Lantern"},{"floor":23,"key":"PreservedInsect"},{"floor":26,"key":"Shuriken"},{"floor":28,"key":"Anchor"},{"floor":31,"key":"Centennial Puzzle"},{"floor":42,"key":"Boot"},{"floor":43,"key":"Bag of Marbles"}],"event_choices":[{"damage_healed":0,"gold_gain":75,"player_choice":"Gather Gold","damage_taken":11,"max_hp_gain":0,"max_hp_loss":0,"event_name":"World of Goop","floor":3,"gold_loss":0},{"damage_healed":0,"gold_gain":0,"player_choice":"Success","damage_taken":18,"relics_obtained":["Snake Skull"],"max_hp_gain":0,"max_hp_loss":0,"event_name":"Scrap Ooze","floor":5,"gold_loss":0},{"damage_healed":0,"gold_gain":0,"player_choice":"Grow","damage_taken":0,"max_hp_gain":0,"max_hp_loss":0,"event_name":"Living Wall","floor":8,"gold_loss":0,"cards_upgraded":["Glass Knife"]},{"damage_healed":0,"gold_gain":0,"player_choice":"Entered Light","damage_taken":22,"max_hp_gain":0,"max_hp_loss":0,"event_name":"Shining Light","floor":11,"gold_loss":0,"cards_upgraded":["Defend_G","Accuracy"]},{"damage_healed":0,"gold_gain":0,"player_choice":"Bet on Owner","damage_taken":0,"max_hp_gain":0,"max_hp_loss":0,"event_name":"The Joust","floor":19,"gold_loss":50},{"cards_removed":["Strike_G"],"damage_healed":0,"gold_gain":0,"player_choice":"Removed Attack","damage_taken":0,"max_hp_gain":0,"max_hp_loss":0,"event_name":"Falling","floor":45,"gold_loss":0}],"is_beta":false,"boss_relics":[{"not_picked":["Tiny House","Philosopher\u0027s Stone"],"picked":"Astrolabe"},{"not_picked":["Empty Cage","Black Star"],"picked":"Orrery"}],"items_purged_floors":[39,47],"is_endless":false,"potions_floor_spawned":[6,13,16,20,22,25,28,35,36,38],"ascension_level":16}