{"gold_per_floor":[110,110,126,126,146,184,184,222,249,265,265,289,314,254],"floor_reached":14,"playtime":553,"items_purged":[],"score":204,"play_id":"edbf4acd-710d-4aec-8e63-8072fa4acf7c","local_time":"20190511135920","is_ascension_mode":true,"campfire_choices":[{"floor":7,"key":"REST"},{"floor":11,"key":"REST"}],"neow_cost":"NONE","seed_source_timestamp":10856905336543,"circlet_count":0,"master_deck":["AscendersBane","Strike_B","Strike_B","Strike_B","Strike_B","Defend_B","Defend_B","Defend_B","Defend_B","Zap","Dualcast","Injury","Ball Lightning","Hologram","Cold Snap","BootSequence"],"relics":["Cracked Core","NeowsBlessing","Golden Idol","Bag of Preparation","Pen Nib","Prayer Wheel","Anchor"],"potions_floor_usage":[12,13],"damage_taken":[{"damage":0,"enemies":"Small Slimes","floor":1,"turns":1},{"damage":0,"enemies":"2 Louse","floor":3,"turns":1},{"damage":0,"enemies":"Cultist","floor":5,"turns":1},{"damage":40,"enemies":"Lagavulin","floor":6,"turns":4},{"damage":40,"enemies":"3 Sentries","floor":8,"turns":8},{"damage":3,"enemies":"Blue Slaver","floor":10,"turns":2},{"damage":16,"enemies":"Gremlin Gang","floor":12,"turns":4},{"damage":0,"enemies":"2 Fungi Beasts","floor":13,"turns":3},{"damage":11,"enemies":"Exordium Thugs","floor":14,"turns":3}],"seed_played":"3026370830690354114","potions_obtained":[{"floor":3,"key":"FocusPotion"},{"floor":6,"key":"Block Potion"},{"floor":12,"key":"Block Potion"}],"is_trial":false,"path_per_floor":["M","?","M","?","M","E","R","E","T","M","R","M","M","M"],"character_chosen":"DEFECT","items_purchased":[],"campfire_rested":2,"item_purchase_floors":[],"current_hp_per_floor":[64,64,64,64,64,24,45,5,5,2,23,7,7,0],"gold":254,"neow_bonus":"THREE_ENEMY_KILL","is_prod":false,"is_daily":false,"chose_seed":false,"campfire_upgraded":0,"win_rate":0,"timestamp":1557572360,"path_taken":["M","?","M","?","?","E","R","E","T","M","R","M","M","M"],"build_version":"2019-01-23","purchased_purges":0,"victory":false,"max_hp_per_floor":[71,71,71,71,71,71,71,71,71,71,71,71,71,71],"card_choices":[{"not_picked":["Coolheaded","Go for the Eyes","Streamline"],"picked":"SKIP","floor":1},{"not_picked":["Hello World","Fusion"],"picked":"Ball Lightning","floor":3},{"not_picked":["Barrage","Recycle","Lockon"],"picked":"SKIP","floor":5},{"not_picked":["Undo","Machine Learning"],"picked":"Hologram","floor":6},{"not_picked":["Sweeping Beam","Steam"],"picked":"Cold Snap","floor":8},{"not_picked":["Go for the Eyes","Leap","Ball Lightning"],"picked":"SKIP","floor":10},{"not_picked":["Go for the Eyes","Gash","Undo"],"picked":"SKIP","floor":10},{"not_picked":["Doom and Gloom","Reboot"],"picked":"BootSequence","floor":12},{"not_picked":["Barrage","Compile Driver","Force Field"],"picked":"SKIP","floor":12},{"not_picked":["Compile Driver","Cold Snap","Rebound"],"picked":"SKIP","floor":13},{"not_picked":["Steam","Stack","Gash"],"picked":"SKIP","floor":13}],"player_experience":1107949,"relics_obtained":[{"floor":6,"key":"Pen Nib"},{"floor":8,"key":"Prayer Wheel"},{"floor":9,"key":"Anchor"}],"event_choices":[{"damage_healed":0,"gold_gain":0,"player_choice":"Take Wound","damage_taken":0,"relics_obtained":["Golden Idol"],"max_hp_gain":0,"max_hp_loss":0,"event_name":"Golden Idol","floor":2,"gold_loss":0,"cards_obtained":["Injury"]},{"damage_healed":0,"gold_gain":0,"player_choice":"Gave Potion","damage_taken":0,"relics_obtained":["Bag of Preparation"],"max_hp_gain":0,"max_hp_loss":0,"event_name":"WeMeetAgain","floor":4,"gold_loss":0}],"is_beta":false,"boss_relics":[],"items_purged_floors":[],"is_endless":false,"potions_floor_spawned":[3,6,12],"killed_by":"Exordium Thugs","ascension_level":20}