{"gold_per_floor":[116,132,152,162,41,71,71,101,128,128,128,128,141,173,173,272,272,285,285,162,175,248,248,258,285,285,285,314,314,343,361,361,466,466,486,533,552,552,552,583,261,261,261,261,261],"floor_reached":45,"playtime":1999,"items_purged":["Strike_B","Strike_B"],"score":648,"play_id":"37615a82-33fe-4998-926e-26095e3876fe","local_time":"20190504211021","is_ascension_mode":true,"campfire_choices":[{"data":"Electrodynamics","floor":7,"key":"SMITH"},{"data":"Zap","floor":12,"key":"SMITH"},{"data":"Skim","floor":15,"key":"SMITH"},{"data":"Self Repair","floor":23,"key":"SMITH"},{"data":"Seek","floor":27,"key":"SMITH"},{"data":"Dualcast","floor":32,"key":"SMITH"},{"data":"Go for the Eyes","floor":42,"key":"SMITH"},{"floor":44,"key":"REST"}],"neow_cost":"NONE","seed_source_timestamp":1406828787033200,"circlet_count":0,"master_deck":["Strike_B","Strike_B","Defend_B+1","Defend_B+1","Defend_B+1","Defend_B","Zap+1","Dualcast+1","Ball Lightning","Gash","Stack","Go for the Eyes+1","Seek+1","Ball Lightning","Electrodynamics+1","Compile Driver","Barrage","Skim+1","Thunder Strike","Self Repair+1","Defragment","BootSequence","Turbo+1","Redo+1","Scrape+1","Lockon","Violence"],"relics":["Cracked Core","NeowsBlessing","Oddly Smooth Stone","Smiling Mask","Vajra","Dream Catcher","Busted Crown","MutagenicStrength","Gremlin Horn","Happy Flower","Omamori","WingedGreaves","Cursed Key","Calipers","War Paint","Bird Faced Urn"],"potions_floor_usage":[6,14,16,16,24,28,30,35,37,45,45],"damage_taken":[{"damage":0,"enemies":"Jaw Worm","floor":1,"turns":1},{"damage":0,"enemies":"2 Louse","floor":2,"turns":1},{"damage":0,"enemies":"Small Slimes","floor":3,"turns":1},{"damage":13,"enemies":"2 Fungi Beasts","floor":4,"turns":3},{"damage":4,"enemies":"3 Sentries","floor":6,"turns":2},{"damage":0,"enemies":"Gremlin Nob","floor":8,"turns":3},{"damage":3,"enemies":"Blue Slaver","floor":13,"turns":2},{"damage":0,"enemies":"3 Sentries","floor":14,"turns":2},{"damage":0,"enemies":"Slime Boss","floor":16,"turns":6},{"damage":6,"enemies":"Shell Parasite","floor":18,"turns":4},{"damage":20,"enemies":"3 Byrds","floor":21,"turns":4},{"damage":0,"enemies":"Centurion and Healer","floor":24,"turns":3},{"damage":42,"enemies":"Gremlin Leader","floor":25,"turns":5},{"damage":13,"enemies":"Slavers","floor":28,"turns":3},{"damage":18,"enemies":"Book of Stabbing","floor":30,"turns":5},{"damage":0,"enemies":"Cultist and Chosen","floor":31,"turns":2},{"damage":17,"enemies":"Collector","floor":33,"turns":6},{"damage":0,"enemies":"3 Shapes","floor":35,"turns":3},{"damage":54,"enemies":"2 Orb Walkers","floor":36,"turns":4},{"damage":6,"enemies":"3 Darklings","floor":37,"turns":3},{"damage":35,"enemies":"Nemesis","floor":40,"turns":7},{"damage":98,"enemies":"Giant Head","floor":45,"turns":7}],"seed_played":"8039068176422490290","potions_obtained":[{"floor":3,"key":"Fire Potion"},{"floor":4,"key":"PowerPotion"},{"floor":6,"key":"Weak Potion"},{"floor":16,"key":"Fruit Juice"},{"floor":21,"key":"Swift Potion"},{"floor":25,"key":"Fire Potion"},{"floor":28,"key":"Block Potion"},{"floor":33,"key":"GamblersBrew"},{"floor":35,"key":"LiquidBronze"},{"floor":36,"key":"SkillPotion"},{"floor":40,"key":"AttackPotion"}],"is_trial":false,"path_per_floor":["M","M","M","M","$","E","R","E","T","?","?","R","M","E","R","B",null,"M","?","$","M","T","R","M","E","T","R","E","?","E","M","R","B",null,"M","?","M","?","?","E","$","R","T","R","E"],"character_chosen":"DEFECT","items_purchased":["Seek","Ball Lightning","Defragment","Lockon","Violence"],"campfire_rested":1,"item_purchase_floors":[5,5,20,41,41],"current_hp_per_floor":[75,75,75,62,62,58,58,58,58,43,68,68,65,65,65,70,80,74,74,74,61,61,61,71,39,39,39,36,36,28,28,28,21,80,80,36,40,70,70,45,45,45,45,66,0],"gold":261,"neow_bonus":"THREE_ENEMY_KILL","is_prod":false,"is_daily":false,"chose_seed":false,"campfire_upgraded":7,"win_rate":0,"timestamp":1557022221,"path_taken":["M","M","M","M","$","E","R","E","T","?","?","R","M","E","R","BOSS","M","?","$","M","?","R","M","E","T","R","E","?","E","?","R","BOSS","M","?","M","?","?","E","$","R","T","R","E"],"build_version":"2019-01-23","purchased_purges":2,"victory":false,"max_hp_per_floor":[75,75,75,75,75,75,75,75,75,75,75,75,75,75,75,80,80,80,80,80,80,80,80,80,80,80,80,80,80,80,80,80,80,80,80,80,80,70,70,70,70,70,70,70,70],"card_choices":[{"not_picked":["Tempest","Stack"],"picked":"Ball Lightning","floor":1},{"not_picked":["BootSequence","Double Energy"],"picked":"Gash","floor":2},{"not_picked":["Melter","Coolheaded"],"picked":"Stack","floor":3},{"not_picked":["Cold Snap","Compile Driver"],"picked":"Go for the Eyes","floor":4},{"not_picked":["Undo","Barrage"],"picked":"Electrodynamics","floor":6},{"not_picked":["Sweeping Beam","Tempest"],"picked":"Compile Driver","floor":8},{"not_picked":["Blizzard","Auto Shields"],"picked":"Barrage","floor":13},{"not_picked":["Chaos","Doom and Gloom"],"picked":"Skim","floor":14},{"not_picked":["Fission","Reboot"],"picked":"Thunder Strike","floor":16},{"not_picked":[],"picked":"Self Repair","floor":18},{"not_picked":["Coolheaded+1"],"picked":"SKIP","floor":21},{"not_picked":["Go for the Eyes"],"picked":"SKIP","floor":24},{"not_picked":["Blizzard+1"],"picked":"SKIP","floor":25},{"not_picked":[],"picked":"BootSequence","floor":28},{"not_picked":["Reprogram"],"picked":"SKIP","floor":30},{"not_picked":[],"picked":"Turbo+1","floor":31},{"not_picked":["Double Energy"],"picked":"SKIP","floor":35},{"not_picked":[],"picked":"Redo","floor":36},{"not_picked":["Beam Cell"],"picked":"SKIP","floor":37},{"not_picked":[],"picked":"Scrape+1","floor":40}],"player_experience":114131,"relics_obtained":[{"floor":6,"key":"Oddly Smooth Stone"},{"floor":8,"key":"Smiling Mask"},{"floor":9,"key":"Vajra"},{"floor":14,"key":"Dream Catcher"},{"floor":25,"key":"Gremlin Horn"},{"floor":26,"key":"Happy Flower"},{"floor":28,"key":"Omamori"},{"floor":30,"key":"WingedGreaves"},{"floor":36,"key":"Calipers"},{"floor":40,"key":"War Paint"},{"floor":43,"key":"Bird Faced Urn"}],"event_choices":[{"damage_healed":0,"gold_gain":0,"player_choice":"Entered Light","damage_taken":15,"max_hp_gain":0,"max_hp_loss":0,"event_name":"Shining Light","floor":10,"gold_loss":0,"cards_upgraded":["Defend_B","Defend_B"]},{"damage_healed":25,"gold_gain":0,"player_choice":"Banana","damage_taken":0,"max_hp_gain":0,"max_hp_loss":0,"event_name":"Big Fish","floor":11,"gold_loss":0},{"damage_healed":0,"gold_gain":0,"player_choice":"Inject Mutagens","damage_taken":0,"relics_obtained":["MutagenicStrength"],"max_hp_gain":0,"max_hp_loss":0,"event_name":"Drug Dealer","floor":19,"gold_loss":0},{"damage_healed":0,"gold_gain":0,"player_choice":"Smashed Altar","damage_taken":0,"max_hp_gain":0,"max_hp_loss":0,"event_name":"Forgotten Altar","floor":29,"gold_loss":0,"cards_obtained":["Decay"]},{"damage_healed":0,"gold_gain":0,"player_choice":"Fight","damage_taken":0,"max_hp_gain":0,"max_hp_loss":0,"event_name":"Mysterious Sphere","floor":36,"gold_loss":0},{"damage_healed":70,"gold_gain":0,"player_choice":"Heal","damage_taken":0,"max_hp_gain":0,"max_hp_loss":10,"event_name":"The Moai Head","floor":38,"gold_loss":0},{"damage_healed":0,"gold_gain":0,"player_choice":"Memory 1","damage_taken":0,"max_hp_gain":0,"max_hp_loss":0,"event_name":"SensoryStone","floor":39,"gold_loss":0}],"is_beta":false,"boss_relics":[{"not_picked":["Ectoplasm","Runic Dome"],"picked":"Busted Crown"},{"not_picked":["Pandora\u0027s Box","Coffee Dripper"],"picked":"Cursed Key"}],"items_purged_floors":[20,41],"is_endless":false,"potions_floor_spawned":[3,4,6,16,21,25,28,33,35,36,40],"killed_by":"Giant Head","ascension_level":1}