{"gold_per_floor":[115,115,129,148,161,161,187,187,187,206,220,240,260,289,289,394,394,411,421,435,447,6,6,20,20],"floor_reached":25,"playtime":1518,"items_purged":["Strike_B"],"score":268,"play_id":"f3658709-e91a-4e86-8008-64fc7a0efae9","local_time":"20190508220627","is_ascension_mode":true,"campfire_choices":[{"data":"Zap","floor":6,"key":"SMITH"},{"data":"Glacier","floor":8,"key":"SMITH"},{"data":"Buffer","floor":15,"key":"SMITH"},{"data":"Defragment","floor":23,"key":"SMITH"}],"neow_cost":"NONE","seed_source_timestamp":1756329755019600,"circlet_count":0,"master_deck":["Strike_B","Defend_B","Defend_B","Defend_B","Defend_B","Zap+1","Dualcast","Glacier+1","Loop","Doom and Gloom","Streamline","Rip and Tear","Go for the Eyes","Compile Driver","Conserve Battery","Buffer+1","Steam","Biased Cognition","Reprogram+1","Capacitor","Doom and Gloom","Consume","Defragment+1","Leap","Ball Lightning"],"relics":["Cracked Core","Pear","Pen Nib","Smiling Mask","Orichalcum","Empty Cage","Torii"],"potions_floor_usage":[7,7,14,19,19,20,20],"damage_taken":[{"damage":0,"enemies":"Cultist","floor":1,"turns":4},{"damage":0,"enemies":"Small Slimes","floor":3,"turns":4},{"damage":4,"enemies":"2 Louse","floor":4,"turns":2},{"damage":0,"enemies":"Exordium Thugs","floor":5,"turns":4},{"damage":14,"enemies":"Gremlin Nob","floor":7,"turns":4},{"damage":0,"enemies":"2 Fungi Beasts","floor":10,"turns":3},{"damage":0,"enemies":"3 Louse","floor":11,"turns":4},{"damage":6,"enemies":"Looter","floor":12,"turns":2},{"damage":0,"enemies":"Blue Slaver","floor":13,"turns":3},{"damage":25,"enemies":"3 Sentries","floor":14,"turns":12},{"damage":16,"enemies":"The Guardian","floor":16,"turns":11},{"damage":3,"enemies":"Chosen","floor":18,"turns":6},{"damage":3,"enemies":"3 Byrds","floor":19,"turns":4},{"damage":70,"enemies":"Centurion and Healer","floor":20,"turns":13},{"damage":18,"enemies":"Snake Plant","floor":21,"turns":5},{"damage":12,"enemies":"Sentry and Sphere","floor":24,"turns":13},{"damage":15,"enemies":"Book of Stabbing","floor":25,"turns":4}],"seed_played":"-6456346092271013106","potions_obtained":[{"floor":3,"key":"FocusPotion"},{"floor":4,"key":"SteroidPotion"},{"floor":11,"key":"GamblersBrew"},{"floor":13,"key":"Energy Potion"},{"floor":16,"key":"Block Potion"},{"floor":18,"key":"AttackPotion"},{"floor":19,"key":"Regen Potion"}],"is_trial":false,"path_per_floor":["M","T","M","M","M","R","E","R","T","M","M","M","M","E","R","B",null,"M","M","M","M","$","R","M","E"],"character_chosen":"DEFECT","items_purchased":["Defragment","Leap","Torii"],"campfire_rested":0,"item_purchase_floors":[22,22,22],"current_hp_per_floor":[82,92,92,88,88,88,74,74,74,74,74,68,68,43,43,27,92,89,86,31,13,13,13,1,0],"gold":20,"neow_bonus":"TEN_PERCENT_HP_BONUS","is_prod":false,"is_daily":false,"chose_seed":false,"campfire_upgraded":4,"win_rate":0,"timestamp":1557371187,"path_taken":["M","?","M","M","M","R","E","R","T","M","M","M","M","E","R","BOSS","M","M","M","M","$","R","M","E"],"build_version":"2019-01-23","purchased_purges":1,"victory":false,"max_hp_per_floor":[82,92,92,92,92,92,92,92,92,92,92,92,92,92,92,92,92,92,92,92,92,92,92,92,92],"card_choices":[{"not_picked":["Hologram","Go for the Eyes"],"picked":"Glacier","floor":1},{"not_picked":["Stack","Redo"],"picked":"Loop","floor":3},{"not_picked":["Streamline","Machine Learning"],"picked":"Doom and Gloom","floor":4},{"not_picked":["Lockon","Turbo"],"picked":"Streamline","floor":5},{"not_picked":["Beam Cell","Sweeping Beam"],"picked":"Rip and Tear","floor":7},{"not_picked":["Redo","Compile Driver"],"picked":"Go for the Eyes","floor":10},{"not_picked":["Steam","Redo"],"picked":"Compile Driver","floor":11},{"not_picked":["Steam","Rebound"],"picked":"Conserve Battery","floor":12},{"not_picked":["Reinforced Body","Leap"],"picked":"Buffer","floor":13},{"not_picked":["Redo","FTL"],"picked":"Steam","floor":14},{"not_picked":["Core Surge","Multi-Cast"],"picked":"Biased Cognition","floor":16},{"not_picked":["Conserve Battery+1","Stack"],"picked":"Reprogram+1","floor":18},{"not_picked":["Rip and Tear","Redo"],"picked":"Capacitor","floor":19},{"not_picked":["Rip and Tear","Compile Driver"],"picked":"Doom and Gloom","floor":20},{"not_picked":["Conserve Battery","Stack"],"picked":"Consume","floor":21},{"not_picked":["Barrage","Leap"],"picked":"Ball Lightning","floor":24}],"player_experience":158778,"relics_obtained":[{"floor":2,"key":"Pear"},{"floor":7,"key":"Pen Nib"},{"floor":9,"key":"Smiling Mask"},{"floor":14,"key":"Orichalcum"}],"event_choices":[],"is_beta":false,"boss_relics":[{"not_picked":["Calling Bell","Coffee Dripper"],"picked":"Empty Cage"}],"items_purged_floors":[22],"is_endless":false,"potions_floor_spawned":[3,4,11,13,16,18,19],"killed_by":"Book of Stabbing","ascension_level":2}