{"gold_per_floor":[109,120,19,19,19,49,24,39,39,74,90,90,109,126,126,126],"floor_reached":16,"playtime":935,"items_purged":[],"score":164,"play_id":"736d3cf4-eb0b-4572-9405-4f13ba121837","local_time":"20190612133916","is_ascension_mode":true,"campfire_choices":[{"floor":12,"key":"REST"},{"data":"Leg Sweep","floor":15,"key":"SMITH"}],"neow_cost":"NONE","seed_source_timestamp":2601569912200,"circlet_count":0,"master_deck":["Strike_G","Strike_G","Strike_G","Strike_G","Defend_G+1","Defend_G","Defend_G","Defend_G","Defend_G","Survivor","Neutralize","Dagger Throw+1","Cloak And Dagger+1","PiercingWail","Underhanded Strike","Blade Dance","Acrobatics","Leg Sweep+1","Die Die Die"],"relics":["Ring of the Snake","NeowsBlessing","Nunchaku","Singing Bowl","War Paint"],"potions_floor_usage":[10,10,16],"damage_taken":[{"damage":0,"enemies":"Small Slimes","floor":1,"turns":1},{"damage":0,"enemies":"Jaw Worm","floor":2,"turns":1},{"damage":0,"enemies":"Gremlin Nob","floor":6,"turns":1},{"damage":0,"enemies":"Cultist","floor":8,"turns":3},{"damage":32,"enemies":"3 Sentries","floor":10,"turns":9},{"damage":0,"enemies":"Looter","floor":11,"turns":3},{"damage":0,"enemies":"Large Slime","floor":13,"turns":5},{"damage":1,"enemies":"2 Fungi Beasts","floor":14,"turns":3},{"damage":41,"enemies":"Hexaghost","floor":16,"turns":15}],"seed_played":"568415927532600484","potions_obtained":[{"floor":1,"key":"SkillPotion"},{"floor":2,"key":"SpeedPotion"},{"floor":13,"key":"Poison Potion"}],"is_trial":false,"path_per_floor":["M","M","$","?","?","E","$","M","T","E","M","R","M","M","R","B"],"character_chosen":"THE_SILENT","items_purchased":["Cloak And Dagger","PiercingWail","Blade Dance"],"campfire_rested":1,"item_purchase_floors":[3,3,7],"current_hp_per_floor":[70,70,70,56,49,49,49,49,49,17,19,40,42,41,41,0],"gold":126,"neow_bonus":"THREE_ENEMY_KILL","is_prod":false,"is_daily":false,"chose_seed":false,"campfire_upgraded":1,"win_rate":0,"timestamp":1560339556,"path_taken":["M","M","$","?","?","E","?","M","T","E","M","R","M","M","R","BOSS"],"build_version":"2019-06-11","purchased_purges":0,"victory":false,"max_hp_per_floor":[70,70,70,70,70,70,70,70,70,70,72,72,74,74,74,74],"card_choices":[{"not_picked":["Calculated Gamble","Underhanded Strike"],"picked":"Dagger Throw","floor":1},{"not_picked":["Deflect","Bane","Riddle With Holes"],"picked":"SKIP","floor":2},{"not_picked":["Cloak And Dagger","Slice"],"picked":"Underhanded Strike","floor":6},{"not_picked":["Deadly Poison","Endless Agony"],"picked":"Acrobatics","floor":8},{"not_picked":["Poisoned Stab","Sucker Punch"],"picked":"Leg Sweep","floor":10},{"not_picked":["Blade Dance","Endless Agony","Quick Slash"],"picked":"Singing Bowl","floor":11},{"not_picked":["Cloak And Dagger","Deflect","Flying Knee"],"picked":"Singing Bowl","floor":13},{"not_picked":["Blade Dance","Acrobatics"],"picked":"Die Die Die","floor":14}],"player_experience":368274,"relics_obtained":[{"floor":6,"key":"Nunchaku"},{"floor":9,"key":"Singing Bowl"},{"floor":10,"key":"War Paint"}],"event_choices":[{"damage_healed":0,"gold_gain":0,"player_choice":"Entered Light","damage_taken":14,"max_hp_gain":0,"max_hp_loss":0,"event_name":"Shining Light","floor":4,"gold_loss":0,"cards_upgraded":["Strike_G","Dagger Throw"]},{"cards_removed":["Strike_G"],"damage_healed":0,"gold_gain":0,"player_choice":"Card Removal","damage_taken":7,"max_hp_gain":0,"max_hp_loss":0,"event_name":"Golden Wing","floor":5,"gold_loss":0}],"is_beta":true,"boss_relics":[],"items_purged_floors":[],"is_endless":false,"potions_floor_spawned":[1,2,13],"killed_by":"Hexaghost","ascension_level":4}