{"gold_per_floor":[116,126,201,201,214,214,244,82,82,99,99,119,119,131,131,131],"floor_reached":16,"playtime":623,"items_purged":[],"score":199,"play_id":"57141106-f4e2-403a-b1b8-45bf4faac7c6","local_time":"20190321182955","is_ascension_mode":true,"campfire_choices":[{"floor":6,"key":"REST"},{"data":"Zap","floor":11,"key":"SMITH"},{"floor":15,"key":"REST"}],"neow_cost":"NONE","seed_source_timestamp":18210454774160,"circlet_count":0,"master_deck":["AscendersBane","Strike_B","Strike_B","Strike_B","Defend_B","Defend_B","Defend_B","Defend_B","Zap+1","Dualcast","Ball Lightning","Glacier","FTL","Consume"],"relics":["Nuclear Battery","Mummified Hand","Anchor","Gremlin Horn","Ornamental Fan"],"potions_floor_usage":[7,16,16],"damage_taken":[{"damage":7,"enemies":"Jaw Worm","floor":1,"turns":3},{"damage":19,"enemies":"Small Slimes","floor":2,"turns":4},{"damage":1,"enemies":"Cultist","floor":5,"turns":4},{"damage":20,"enemies":"Lagavulin","floor":7,"turns":5},{"damage":0,"enemies":"Exordium Wildlife","floor":10,"turns":2},{"damage":0,"enemies":"3 Louse","floor":12,"turns":3},{"damage":0,"enemies":"Exordium Thugs","floor":14,"turns":5},{"damage":53,"enemies":"Hexaghost","floor":16,"turns":11}],"seed_played":"1344755427447126178","potions_obtained":[{"floor":1,"key":"Swift Potion"},{"floor":12,"key":"Swift Potion"},{"floor":14,"key":"AttackPotion"}],"is_trial":false,"path_per_floor":["M","M","?","?","M","R","E","$","T","M","R","M","T","M","R","B"],"character_chosen":"DEFECT","items_purchased":["Anchor"],"campfire_rested":2,"item_purchase_floors":[8],"current_hp_per_floor":[57,38,27,27,26,47,27,27,27,27,27,27,27,27,48,0],"gold":131,"neow_bonus":"BOSS_RELIC","is_prod":false,"is_daily":false,"chose_seed":false,"campfire_upgraded":1,"win_rate":0,"timestamp":1553182195,"path_taken":["M","M","?","?","M","R","E","$","T","?","R","M","?","M","R","BOSS"],"build_version":"2019-01-23","purchased_purges":0,"victory":false,"max_hp_per_floor":[71,71,71,71,71,71,71,71,71,71,71,71,71,71,71,71],"card_choices":[{"not_picked":["Doom and Gloom","Hologram"],"picked":"Ball Lightning","floor":1},{"not_picked":["Compile Driver","Skim","Leap"],"picked":"SKIP","floor":2},{"not_picked":["Beam Cell","Stack","Compile Driver"],"picked":"SKIP","floor":5},{"not_picked":["Coolheaded","Conserve Battery"],"picked":"Glacier","floor":7},{"not_picked":["Lockon","Hologram","Skim"],"picked":"SKIP","floor":10},{"not_picked":["Turbo","Leap"],"picked":"FTL","floor":12},{"not_picked":["Rainbow","Doom and Gloom"],"picked":"Consume","floor":14}],"player_experience":1031987,"relics_obtained":[{"floor":7,"key":"Mummified Hand"},{"floor":9,"key":"Gremlin Horn"},{"floor":13,"key":"Ornamental Fan"}],"event_choices":[{"damage_healed":0,"gold_gain":75,"player_choice":"Gather Gold","damage_taken":11,"max_hp_gain":0,"max_hp_loss":0,"event_name":"World of Goop","floor":3,"gold_loss":0},{"cards_removed":["Strike_B"],"damage_healed":0,"gold_gain":0,"player_choice":"Offered Basic","damage_taken":0,"max_hp_gain":0,"max_hp_loss":0,"event_name":"Bonfire Elementals","floor":4,"gold_loss":0}],"is_beta":false,"boss_relics":[],"items_purged_floors":[],"is_endless":false,"potions_floor_spawned":[1,12,14],"killed_by":"Hexaghost","ascension_level":19}