{"gold_per_floor":[118,118,136,13,13,48,68,68,91,52,79,92,92,110,110,207,207,218,98,118,118,134,134,169,182,205,230,242,274,274],"floor_reached":30,"playtime":1835,"items_purged":["Strike_G"],"score":508,"play_id":"669d3e13-f342-40b7-a413-4e5c46ec9a1f","local_time":"20190527211601","is_ascension_mode":true,"campfire_choices":[{"data":"Dash","floor":8.0,"key":"SMITH"},{"data":"Noxious Fumes","floor":13.0,"key":"SMITH"},{"data":"Neutralize","floor":15.0,"key":"SMITH"},{"data":"Well Laid Plans","floor":23.0,"key":"SMITH"}],"neow_cost":"NONE","seed_source_timestamp":714748682507700,"circlet_count":0,"master_deck":["Defend_G","Defend_G","Defend_G","Defend_G","Defend_G","Strike_G","Survivor","Neutralize+1","Finisher","Neutralize","PiercingWail","Crippling Poison","Poisoned Stab+1","Caltrops","Dash+1","Well Laid Plans+1","Noxious Fumes+1","Backflip","Dash","After Image","Caltrops+1","Caltrops+1","Dagger Throw+1","Deflect","Bane","Escape Plan","Deflect","Catalyst+1","Dagger Spray"],"special_seed":0,"relics":["Ring of the Snake","NeowsBlessing","FossilizedHelix","Odd Mushroom","Bag of Preparation","Astrolabe","Vajra","Pen Nib","Dream Catcher","Regal Pillow"],"potions_floor_usage":[],"damage_taken":[{"damage":0.0,"enemies":"Jaw Worm","floor":1.0,"turns":1.0},{"damage":0.0,"enemies":"Cultist","floor":3.0,"turns":1.0},{"damage":0.0,"enemies":"Gremlin Nob","floor":6.0,"turns":1.0},{"damage":14.0,"enemies":"The Mushroom Lair","floor":7.0,"turns":4.0},{"damage":0.0,"enemies":"3 Sentries","floor":11.0,"turns":7.0},{"damage":0.0,"enemies":"2 Louse","floor":12.0,"turns":2.0},{"damage":0.0,"enemies":"Blue Slaver","floor":14.0,"turns":3.0},{"damage":0.0,"enemies":"Hexaghost","floor":16.0,"turns":8.0},{"damage":7.0,"enemies":"Shell Parasite","floor":18.0,"turns":4.0},{"damage":0.0,"enemies":"Chosen","floor":20.0,"turns":5.0},{"damage":8.0,"enemies":"Snake Plant","floor":22.0,"turns":4.0},{"damage":37.0,"enemies":"Slavers","floor":24.0,"turns":6.0},{"damage":0.0,"enemies":"Chosen and Byrds","floor":25.0,"turns":4.0},{"damage":28.0,"enemies":"Book of Stabbing","floor":27.0,"turns":5.0},{"damage":0.0,"enemies":"Sentry and Sphere","floor":28.0,"turns":4.0},{"damage":0.0,"enemies":"Gremlin Leader","floor":29.0,"turns":8.0},{"damage":11,"enemies":"Snake Plant","floor":30,"turns":3}],"seed_played":"941883949035745660","potions_obtained":[{"floor":3.0,"key":"Explosive Potion"},{"floor":7.0,"key":"Energy Potion"},{"floor":11.0,"key":"AttackPotion"},{"floor":12.0,"key":"Fire Potion"},{"floor":14.0,"key":"Energy Potion"},{"floor":16.0,"key":"Explosive Potion"},{"floor":28.0,"key":"Dexterity Potion"}],"is_trial":false,"path_per_floor":["M","?","M","$","?","E","?","R","T","$","E","M","R","M","R","B",null,"M","$","M","?","M","R","E","M","T","E","M","E","M"],"character_chosen":"THE_SILENT","items_purchased":["Crippling Poison","Poisoned Stab","Well Laid Plans","Deflect"],"campfire_rested":0,"item_purchase_floors":[4,4,10,19],"current_hp_per_floor":[70,70,70,70,70,70,56,56,56,56,56,56,56,56,56,56,70,63,63,63,80,72,72,35,35,35,7,7,7,0],"gold":274,"neow_bonus":"THREE_ENEMY_KILL","is_prod":false,"is_daily":false,"chose_seed":false,"campfire_upgraded":4,"win_rate":0,"timestamp":1559009761,"path_taken":["M","?","?","$","?","E","?","R","T","$","E","M","R","M","R","BOSS","M","$","M","?","M","R","E","M","T","E","M","E","M"],"build_version":"2019-01-23","purchased_purges":1,"victory":false,"max_hp_per_floor":[70,70,70,70,70,70,70,70,70,70,70,70,70,70,70,70,70,70,70,70,80,80,80,80,80,80,80,80,80,80],"card_choices":[{"not_picked":["Sucker Punch","Flechettes"],"picked":"Finisher","floor":1.0},{"not_picked":["Accuracy","Catalyst"],"picked":"PiercingWail","floor":3.0},{"not_picked":["Burst","Accuracy"],"picked":"Caltrops","floor":6.0},{"not_picked":["Underhanded Strike","Bane"],"picked":"Dash","floor":7.0},{"not_picked":["Setup","Venomology"],"picked":"Noxious Fumes","floor":11.0},{"not_picked":["Dagger Spray","Deadly Poison"],"picked":"Backflip","floor":12.0},{"not_picked":["Cloak And Dagger","Choke"],"picked":"Dash","floor":14.0},{"not_picked":["Wraith Form v2","A Thousand Cuts"],"picked":"After Image","floor":16.0},{"not_picked":["All Out Attack+1","Dagger Spray"],"picked":"Dagger Throw+1","floor":18.0},{"not_picked":["Underhanded Strike+1","Storm of Steel"],"picked":"Bane","floor":20.0},{"not_picked":["Prepared+1","Sucker Punch+1"],"picked":"Escape Plan","floor":22.0},{"not_picked":["Blade Dance","Expertise","Flying Knee"],"picked":"SKIP","floor":24.0},{"not_picked":["Setup","Skewer"],"picked":"Deflect","floor":25.0},{"not_picked":["Acrobatics+1","Outmaneuver+1"],"picked":"Catalyst+1","floor":27.0},{"not_picked":["Prepared","Bane","Choke+1"],"picked":"SKIP","floor":28.0},{"not_picked":["Masterful Stab","Venomology"],"picked":"Dagger Spray","floor":29.0}],"player_experience":248846,"relics_obtained":[{"floor":6.0,"key":"FossilizedHelix"},{"floor":7.0,"key":"Odd Mushroom"},{"floor":11.0,"key":"Bag of Preparation"},{"floor":24.0,"key":"Vajra"},{"floor":26.0,"key":"Pen Nib"},{"floor":27.0,"key":"Dream Catcher"},{"floor":29.0,"key":"Regal Pillow"}],"event_choices":[{"damage_healed":0.0,"max_hp_gain":0.0,"max_hp_loss":0.0,"gold_gain":0.0,"event_name":"Match and Keep!","player_choice":"1 cards matched","floor":2.0,"gold_loss":0.0,"damage_taken":0.0,"cards_obtained":["Neutralize"]},{"damage_healed":0.0,"max_hp_gain":0.0,"max_hp_loss":0.0,"gold_gain":0.0,"event_name":"Living Wall","player_choice":"Grow","floor":5.0,"gold_loss":0.0,"damage_taken":0.0,"cards_upgraded":["Poisoned Stab"]},{"damage_healed":0.0,"max_hp_gain":0.0,"max_hp_loss":0.0,"gold_gain":0.0,"event_name":"Mushrooms","player_choice":"Fought Mushrooms","floor":7.0,"gold_loss":0.0,"damage_taken":0.0},{"cards_removed":["Doppelganger"],"damage_healed":7.0,"max_hp_gain":10.0,"max_hp_loss":0.0,"gold_gain":0.0,"event_name":"Bonfire Elementals","player_choice":"Offered Rare","floor":21.0,"gold_loss":0.0,"damage_taken":0.0}],"is_beta":false,"boss_relics":[{"not_picked":["Eternal Feather","Lizard Tail"],"picked":"Astrolabe"}],"items_purged_floors":[19],"is_endless":false,"potions_floor_spawned":[3,7,11,12,14,16,18,20,25,28],"killed_by":"Snake Plant","ascension_level":4}