{"gold_per_floor":[116,132,151,167,184,184,194,194,194,221,221,146,146,162,162,239,239,253,267,282,282,299,299,330,380,380,194,194,194,194,119,119,191,191,202,215,215,21,21,21,121,151,151,177,190,190,218,230,230,230],"floor_reached":51,"playtime":3753,"items_purged":["Regret","Parasite"],"score":1378,"play_id":"786cf49a-e50d-45b8-b85d-f7fd814348fb","local_time":"20181117162215","is_ascension_mode":true,"campfire_choices":[{"data":"Demon Form","floor":6,"key":"SMITH"},{"data":"Heavy Blade","floor":8,"key":"SMITH"},{"floor":11,"key":"REST"},{"floor":15,"key":"REST"},{"floor":23,"key":"REST"},{"floor":28,"key":"REST"},{"data":"Battle Trance","floor":32,"key":"SMITH"},{"data":"Double Tap","floor":40,"key":"SMITH"},{"floor":46,"key":"REST"},{"data":"PanicButton","floor":49,"key":"SMITH"}],"neow_cost":"CURSE","seed_source_timestamp":4295197584792,"circlet_count":0,"master_deck":["AscendersBane","Strike_R","Defend_R","Defend_R","Defend_R","Bash","Reaper","Demon Form+1","Disarm","Heavy Blade+1","Limit Break+1","Whirlwind","Battle Trance+1","Double Tap+1","Headbutt","Warcry+1","PanicButton+1","Exhume","Writhe","Pummel+1"],"relics":["Burning Blood","Pantograph","Orichalcum","Cursed Key","Bag of Preparation","Kunai","Velvet Choker","Strange Spoon","Magic Flower","Du-Vu Doll","Pen Nib","Oddly Smooth Stone","Gambling Chip"],"potions_floor_usage":[10,22,50,50],"damage_taken":[{"damage":20,"enemies":"Cultist","floor":1,"turns":5},{"damage":13,"enemies":"Jaw Worm","floor":2,"turns":4},{"damage":12,"enemies":"Small Slimes","floor":3,"turns":5},{"damage":30,"enemies":"3 Louse","floor":4,"turns":6},{"damage":21,"enemies":"Large Slime","floor":5,"turns":7},{"damage":21,"enemies":"2 Fungi Beasts","floor":7,"turns":4},{"damage":45,"enemies":"Gremlin Nob","floor":10,"turns":5},{"damage":27,"enemies":"Exordium Thugs","floor":14,"turns":4},{"damage":4,"enemies":"Slime Boss","floor":16,"turns":7},{"damage":22,"enemies":"Spheric Guardian","floor":18,"turns":5},{"damage":27,"enemies":"2 Thieves","floor":19,"turns":3},{"damage":32,"enemies":"Centurion and Healer","floor":20,"turns":4},{"damage":18,"enemies":"Snake Plant","floor":22,"turns":3},{"damage":65,"enemies":"Slavers","floor":24,"turns":6},{"damage":30,"enemies":"Automaton","floor":33,"turns":6},{"damage":12,"enemies":"3 Shapes","floor":35,"turns":3},{"damage":32,"enemies":"3 Darklings","floor":36,"turns":6},{"damage":0,"enemies":"Mind Bloom Boss Battle","floor":41,"turns":3},{"damage":15,"enemies":"Reptomancer","floor":42,"turns":4},{"damage":47,"enemies":"Nemesis","floor":44,"turns":5},{"damage":9,"enemies":"Sphere and 2 Shapes","floor":45,"turns":5},{"damage":7,"enemies":"Giant Head","floor":47,"turns":4},{"damage":16,"enemies":"4 Shapes","floor":48,"turns":5},{"damage":90,"enemies":"Awakened One","floor":50,"turns":6}],"seed_played":"6191758972339718300","potions_obtained":[{"floor":2,"key":"SteroidPotion"},{"floor":3,"key":"PowerPotion"},{"floor":10,"key":"LiquidBronze"},{"floor":14,"key":"SteroidPotion"},{"floor":24,"key":"Weak Potion"}],"is_trial":false,"path_per_floor":["M","M","M","M","M","R","M","R","T","E","R","$","?","M","R","B",null,"M","M","M","?","M","R","E","?","T","$","R","?","$","?","R","B",null,"M","M","?","$","?","R","?","E","T","E","M","R","E","M","R","B",null],"character_chosen":"IRONCLAD","items_purchased":["PanicButton","Strange Spoon"],"campfire_rested":5,"item_purchase_floors":[27,38],"current_hp_per_floor":[60,53,47,35,44,44,52,52,52,13,35,35,35,30,52,75,75,59,38,32,47,44,66,15,15,15,15,36,36,36,36,36,37,63,57,59,59,59,59,59,72,72,72,34,44,65,67,60,60,72],"gold":230,"neow_bonus":"TRANSFORM_TWO_CARDS","is_prod":false,"is_daily":false,"chose_seed":false,"campfire_upgraded":5,"win_rate":0,"timestamp":1542460935,"path_taken":["M","M","?","M","?","R","M","R","T","E","R","$","?","M","R","BOSS","M","M","M","?","M","R","E","?","T","$","R","?","$","?","R","BOSS","M","M","?","?","?","R","?","E","T","E","?","R","E","M","R","BOSS"],"build_version":"2018-11-15","purchased_purges":2,"victory":true,"max_hp_per_floor":[75,75,75,75,75,75,75,75,75,75,75,75,75,75,75,75,75,75,75,75,75,75,75,75,75,75,72,72,72,72,72,72,72,72,72,72,72,72,72,72,72,72,72,72,72,72,72,72,72,72],"card_choices":[{"not_picked":["Uppercut","Anger","Corruption"],"picked":"SKIP","floor":1},{"not_picked":["Metallicize","Clash"],"picked":"Flex","floor":2},{"not_picked":["Armaments","Rage"],"picked":"Disarm","floor":3},{"not_picked":["Carnage","Armaments","Warcry"],"picked":"SKIP","floor":4},{"not_picked":["Sever Soul","Flex"],"picked":"Heavy Blade","floor":5},{"not_picked":["Havoc","Twin Strike"],"picked":"Limit Break","floor":7},{"not_picked":["Infernal Blade","Pommel Strike"],"picked":"Whirlwind","floor":10},{"not_picked":["Heavy Blade","Disarm"],"picked":"Battle Trance","floor":14},{"not_picked":["Offering","Fiend Fire"],"picked":"Double Tap","floor":16},{"not_picked":["Thunderclap","Perfected Strike","Armaments"],"picked":"SKIP","floor":18},{"not_picked":["Pommel Strike","Armaments+1","Havoc"],"picked":"SKIP","floor":19},{"not_picked":["Twin Strike","Wild Strike"],"picked":"Headbutt","floor":20},{"not_picked":["Anger","Clothesline","Berserk"],"picked":"SKIP","floor":22},{"not_picked":["Flex","Juggernaut"],"picked":"Warcry+1","floor":24},{"not_picked":["Limit Break","Immolate"],"picked":"Exhume","floor":33},{"not_picked":["Thunderclap","Feel No Pain","Armaments"],"picked":"SKIP","floor":35},{"not_picked":["Body Slam","Power Through","Clothesline"],"picked":"SKIP","floor":36},{"not_picked":["Intimidate","Second Wind","Sword Boomerang"],"picked":"SKIP","floor":42},{"not_picked":["Warcry","Dual Wield"],"picked":"Pummel+1","floor":44},{"not_picked":["Armaments+1","Blood for Blood","Perfected Strike"],"picked":"SKIP","floor":45},{"not_picked":["Iron Wave","Battle Trance+1","Demon Form"],"picked":"SKIP","floor":47},{"not_picked":["Sword Boomerang","True Grit","Bloodletting"],"picked":"SKIP","floor":48}],"player_experience":730453,"relics_obtained":[{"floor":9,"key":"Pantograph"},{"floor":10,"key":"Orichalcum"},{"floor":24,"key":"Bag of Preparation"},{"floor":26,"key":"Kunai"},{"floor":41,"key":"Magic Flower"},{"floor":42,"key":"Du-Vu Doll"},{"floor":43,"key":"Pen Nib"},{"floor":44,"key":"Oddly Smooth Stone"},{"floor":47,"key":"Gambling Chip"}],"event_choices":[{"damage_healed":0,"gold_gain":0,"player_choice":"Grow","damage_taken":0,"max_hp_gain":0,"max_hp_loss":0,"event_name":"Living Wall","floor":13,"gold_loss":0,"cards_upgraded":["Limit Break"]},{"damage_healed":15,"gold_gain":0,"player_choice":"Heal","damage_taken":0,"max_hp_gain":0,"max_hp_loss":0,"event_name":"The Library","floor":21,"gold_loss":0},{"damage_healed":0,"gold_gain":50,"player_choice":"Stole From Cult","damage_taken":0,"max_hp_gain":0,"max_hp_loss":0,"event_name":"Nest","floor":25,"gold_loss":0},{"cards_removed":["Strike_R"],"damage_healed":0,"gold_gain":0,"player_choice":"Elegance","damage_taken":0,"max_hp_gain":0,"max_hp_loss":0,"event_name":"Back to Basics","floor":29,"gold_loss":0},{"cards_removed":["Strike_R"],"damage_healed":0,"gold_gain":0,"player_choice":"Gave Gold","damage_taken":0,"max_hp_gain":0,"max_hp_loss":0,"event_name":"Beggar","floor":31,"gold_loss":75},{"cards_removed":["Defend_R"],"damage_healed":0,"gold_gain":0,"player_choice":"Card Removal","damage_taken":0,"max_hp_gain":0,"max_hp_loss":0,"event_name":"Wheel of Change","floor":37,"gold_loss":0},{"cards_removed":["Flex"],"damage_healed":0,"gold_gain":0,"player_choice":"Removed Skill","damage_taken":0,"max_hp_gain":0,"max_hp_loss":0,"event_name":"Falling","floor":39,"gold_loss":0},{"damage_healed":0,"gold_gain":0,"player_choice":"Fight","damage_taken":0,"max_hp_gain":0,"max_hp_loss":0,"event_name":"MindBloom","floor":41,"gold_loss":0}],"is_beta":false,"boss_relics":[{"not_picked":["Ectoplasm","Runic Dome"],"picked":"Cursed Key"},{"not_picked":["Orrery","Eternal Feather"],"picked":"Velvet Choker"}],"items_purged_floors":[12,27],"is_endless":false,"potions_floor_spawned":[2,3,10,14,19,24,35,42,45,48],"ascension_level":15}