{"gold_per_floor":[116,126,126,126,144,178,178,193,493,528,528,227,227,242,242,316,316,328,286,286,299,317,317,317],"floor_reached":24,"playtime":3748,"items_purged":["Pain"],"score":490,"play_id":"6f8f7f7b-1656-4e61-b87d-4fe8dda2a85e","local_time":"20181213235414","is_ascension_mode":true,"campfire_choices":[{"floor":7.0,"key":"REST"},{"floor":11.0,"key":"REST"},{"data":"Well Laid Plans","floor":13.0,"key":"SMITH"},{"data":"Malaise","floor":15,"key":"SMITH"},{"floor":23,"key":"REST"}],"neow_cost":"CURSE","seed_source_timestamp":0,"circlet_count":0,"master_deck":["AscendersBane","Defend_G","Defend_G","Defend_G","Defend_G","Defend_G","Strike_G","Strike_G","Strike_G","Strike_G","Strike_G","Survivor","Neutralize","Cloak And Dagger","Accuracy","Well Laid Plans+1","Backstab","Malaise+1","Adrenaline","Dash","Backflip+1","Riddle With Holes","Footwork"],"special_seed":0,"relics":["Ring of the Snake","Thread and Needle","WarpedTongs","Du-Vu Doll","Old Coin","Mango","Medical Kit","HoveringKite"],"potions_floor_usage":[],"damage_taken":[{"damage":0.0,"enemies":"Jaw Worm","floor":1.0,"turns":4.0},{"damage":1.0,"enemies":"Cultist","floor":2.0,"turns":4.0},{"damage":1.0,"enemies":"2 Louse","floor":5.0,"turns":4.0},{"damage":48.0,"enemies":"3 Sentries","floor":6.0,"turns":20.0},{"damage":6.0,"enemies":"Red Slaver","floor":8.0,"turns":2.0},{"damage":10.0,"enemies":"Gremlin Nob","floor":10.0,"turns":4.0},{"damage":0.0,"enemies":"Lots of Slimes","floor":14.0,"turns":5.0},{"damage":0,"enemies":"Hexaghost","floor":16,"turns":13},{"damage":1,"enemies":"Shell Parasite","floor":18,"turns":10},{"damage":6,"enemies":"2 Thieves","floor":19,"turns":5},{"damage":10,"enemies":"Snecko","floor":21,"turns":10},{"damage":22,"enemies":"3 Cultists","floor":22,"turns":8},{"damage":62,"enemies":"Slavers","floor":24,"turns":4}],"seed_played":"-9139510291085982127","potions_obtained":[{"floor":5.0,"key":"Ancient Potion"},{"floor":8.0,"key":"Poison Potion"},{"floor":16,"key":"SpeedPotion"},{"floor":18,"key":"Weak Potion"}],"is_trial":false,"path_per_floor":["M","M","?","?","M","E","R","M","T","E","R","$","R","M","M","R","B",null,"M","M","$","M","M","R","E"],"character_chosen":"THE_SILENT","items_purchased":["Medical Kit"],"campfire_rested":3,"item_purchase_floors":[12],"current_hp_per_floor":[59,58,51,51,50,2,21,15,15,19,43,43,43,43,43,43,71,70,64,64,54,32,56,0],"gold":317,"neow_bonus":"ONE_RARE_RELIC","is_prod":false,"is_daily":false,"chose_seed":false,"campfire_upgraded":2,"win_rate":0,"timestamp":1544734454,"path_taken":["M","M","?","?","M","E","R","M","T","E","R","$","R","M","R","BOSS","M","?","$","M","M","R","E"],"build_version":"2018-12-06","purchased_purges":1,"victory":false,"max_hp_per_floor":[66,66,66,66,66,66,66,66,66,80,80,80,80,80,80,80,80,80,80,80,80,80,80,80],"card_choices":[{"not_picked":["Acrobatics","Poisoned Stab"],"picked":"Cloak And Dagger","floor":1.0},{"not_picked":["Quick Slash","Slice"],"picked":"Accuracy","floor":2.0},{"not_picked":["Flechettes","Sucker Punch"],"picked":"Well Laid Plans","floor":5.0},{"not_picked":["Crippling Poison","Choke"],"picked":"Backstab","floor":6.0},{"not_picked":["Bane","Escape Plan","Quick Slash"],"picked":"SKIP","floor":8.0},{"not_picked":["Quick Slash","Prepared","Backstab"],"picked":"SKIP","floor":10.0},{"not_picked":["Poisoned Stab","Flechettes"],"picked":"Malaise","floor":14},{"not_picked":["Venomology","Envenom"],"picked":"Adrenaline","floor":16},{"not_picked":["Terror","Finisher"],"picked":"Dash","floor":18},{"not_picked":["Underhanded Strike","Catalyst"],"picked":"Backflip+1","floor":19},{"not_picked":["Cloak And Dagger","Dagger Spray"],"picked":"Riddle With Holes","floor":21},{"not_picked":["Dash+1","PiercingWail"],"picked":"Footwork","floor":22}],"player_experience":867999,"relics_obtained":[{"floor":6.0,"key":"Du-Vu Doll"},{"floor":9.0,"key":"Old Coin"},{"floor":10.0,"key":"Mango"}],"event_choices":[{"cards_removed":["Writhe"],"damage_healed":0.0,"max_hp_gain":0.0,"max_hp_loss":0.0,"gold_gain":0.0,"event_name":"Golden Wing","player_choice":"Card Removal","floor":3.0,"gold_loss":0.0,"damage_taken":7.0},{"damage_healed":0.0,"max_hp_gain":0.0,"max_hp_loss":0.0,"gold_gain":0.0,"event_name":"Accursed Blacksmith","player_choice":"Rummage","floor":4.0,"gold_loss":0.0,"damage_taken":0.0,"relics_obtained":["WarpedTongs"],"cards_obtained":["Pain"]}],"is_beta":false,"boss_relics":[{"not_picked":["Cursed Key","Eternal Feather"],"picked":"HoveringKite"}],"items_purged_floors":[12],"is_endless":false,"potions_floor_spawned":[5,8,16,18,19,21],"killed_by":"Slavers","ascension_level":18}