{"gold_per_floor":[116,116,96,107,119,154,154,215,265,265,282,282,315,315,315,315],"floor_reached":16,"playtime":561,"items_purged":[],"score":224,"play_id":"77873801-4c24-49ae-9d83-19766ae3271e","local_time":"20190207051642","is_ascension_mode":true,"campfire_choices":[{"floor":7,"key":"REST"},{"floor":10,"key":"REST"},{"floor":12,"key":"REST"},{"floor":15,"key":"REST"}],"neow_cost":"NONE","seed_source_timestamp":91770257773554,"circlet_count":0,"master_deck":["AscendersBane","Strike_B","Strike_B","Strike_B","Strike_B","Defend_B","Defend_B","Defend_B","Defend_B","Zap+1","Dualcast","Steam","Genetic Algorithm","Go for the Eyes","Loop","Self Repair","Chill"],"relics":["Cracked Core","NeowsBlessing","Sundial","Tiny Chest","Oddly Smooth Stone","Blue Candle"],"potions_floor_usage":[6,13],"damage_taken":[{"damage":0,"enemies":"2 Louse","floor":1,"turns":1},{"damage":0,"enemies":"Jaw Worm","floor":4,"turns":1},{"damage":0,"enemies":"Cultist","floor":5,"turns":1},{"damage":44,"enemies":"Gremlin Nob","floor":6,"turns":4},{"damage":36,"enemies":"Lagavulin","floor":8,"turns":8},{"damage":1,"enemies":"3 Louse","floor":11,"turns":4},{"damage":44,"enemies":"3 Sentries","floor":13,"turns":12},{"damage":28,"enemies":"Slime Boss","floor":16,"turns":9}],"seed_played":"2720269878980055576","potions_obtained":[{"floor":1,"key":"SmokeBomb"},{"floor":3,"key":"EssenceOfSteel"},{"floor":4,"key":"AttackPotion"},{"floor":8,"key":"Block Potion"}],"is_trial":false,"path_per_floor":["M","?","?","M","M","E","R","E","T","R","M","R","E","?","R","B"],"character_chosen":"DEFECT","items_purchased":[],"campfire_rested":4,"item_purchase_floors":[],"current_hp_per_floor":[64,64,64,64,64,20,41,5,5,26,25,46,9,4,25,0],"gold":315,"neow_bonus":"THREE_ENEMY_KILL","is_prod":false,"is_daily":false,"chose_seed":false,"campfire_upgraded":0,"win_rate":0,"timestamp":1549505802,"path_taken":["M","?","?","M","?","E","R","E","T","R","M","R","E","?","R","BOSS"],"build_version":"2019-01-23","purchased_purges":0,"victory":false,"max_hp_per_floor":[71,71,71,71,71,71,71,71,71,71,71,71,71,71,71,71],"card_choices":[{"not_picked":["Tempest","Go for the Eyes"],"picked":"Steam","floor":1},{"not_picked":["Hello World","Compile Driver","Rip and Tear"],"picked":"SKIP","floor":4},{"not_picked":["Leap","Tempest"],"picked":"Genetic Algorithm","floor":5},{"not_picked":["Reprogram","Turbo"],"picked":"Go for the Eyes","floor":6},{"not_picked":["Go for the Eyes","All For One"],"picked":"Loop","floor":8},{"not_picked":["Scrape","Compile Driver"],"picked":"Self Repair","floor":11},{"not_picked":["Steam Power","Streamline"],"picked":"Chill","floor":13}],"player_experience":936320,"relics_obtained":[{"floor":6,"key":"Sundial"},{"floor":8,"key":"Tiny Chest"},{"floor":9,"key":"Oddly Smooth Stone"},{"floor":13,"key":"Blue Candle"}],"event_choices":[{"damage_healed":0,"gold_gain":0,"player_choice":"Grow","damage_taken":0,"max_hp_gain":0,"max_hp_loss":0,"event_name":"Living Wall","floor":2,"gold_loss":0,"cards_upgraded":["Zap"]},{"damage_healed":0,"gold_gain":0,"player_choice":"Bought 1 Potion","damage_taken":0,"max_hp_gain":0,"max_hp_loss":0,"event_name":"The Woman in Blue","floor":3,"gold_loss":0},{"damage_healed":0,"gold_gain":0,"player_choice":"Fled","damage_taken":5,"max_hp_gain":0,"max_hp_loss":0,"event_name":"Scrap Ooze","floor":14,"gold_loss":0}],"is_beta":false,"boss_relics":[],"items_purged_floors":[],"is_endless":false,"potions_floor_spawned":[1,4,5,8],"killed_by":"Slime Boss","ascension_level":18}