{"gold_per_floor":[113,128,143,143,157,168,168,194,243,256,181,181,195,206,206,206],"floor_reached":16,"playtime":1068,"items_purged":[],"score":201,"play_id":"b6c66033-84a6-4c86-aa16-a3f4ede765d2","local_time":"20181214194403","is_ascension_mode":true,"campfire_choices":[{"data":"Cloak And Dagger","floor":7.0,"key":"SMITH"},{"floor":12.0,"key":"REST"},{"floor":15,"key":"REST"}],"neow_cost":"NONE","seed_source_timestamp":0,"circlet_count":0,"master_deck":["AscendersBane","Defend_G","Defend_G","Defend_G","Defend_G","Defend_G","Strike_G","Strike_G","Strike_G","Survivor","Neutralize","Cloak And Dagger+1","PiercingWail","Cloak And Dagger","Flying Knee","Leg Sweep","Escape Plan","Heel Hook","Cloak And Dagger","Adrenaline"],"special_seed":0,"relics":["Ring of the Snake","Anchor","Art of War"],"potions_floor_usage":[16],"damage_taken":[{"damage":0.0,"enemies":"Small Slimes","floor":1.0,"turns":4.0},{"damage":11.0,"enemies":"Cultist","floor":2.0,"turns":5.0},{"damage":3.0,"enemies":"Jaw Worm","floor":3.0,"turns":5.0},{"damage":0.0,"enemies":"Looter","floor":5.0,"turns":4.0},{"damage":0.0,"enemies":"Blue Slaver","floor":6.0,"turns":6.0},{"damage":44.0,"enemies":"Lagavulin","floor":8.0,"turns":7.0},{"damage":1.0,"enemies":"Lots of Slimes","floor":10.0,"turns":7.0},{"damage":0,"enemies":"3 Louse","floor":13,"turns":4},{"damage":8,"enemies":"Large Slime","floor":14,"turns":10},{"damage":46,"enemies":"The Guardian","floor":16,"turns":8}],"seed_played":"2366362740713886662","potions_obtained":[{"floor":1.0,"key":"Ancient Potion"},{"floor":3.0,"key":"FearPotion"},{"floor":6.0,"key":"Swift Potion"},{"floor":13,"key":"Swift Potion"}],"is_trial":false,"path_per_floor":["M","M","M","?","M","M","R","E","T","M","?","R","M","M","R","B"],"character_chosen":"THE_SILENT","items_purchased":[],"campfire_rested":2,"item_purchase_floors":[],"current_hp_per_floor":[65,54,51,51,51,51,51,7,7,6,6,27,27,19,40,0],"gold":206,"neow_bonus":"TEN_PERCENT_HP_BONUS","is_prod":false,"is_daily":false,"chose_seed":false,"campfire_upgraded":1,"win_rate":0,"timestamp":1544805843,"path_taken":["M","M","M","?","?","M","R","E","T","M","?","R","M","M","R","BOSS"],"build_version":"2018-12-13","purchased_purges":0,"victory":false,"max_hp_per_floor":[72,72,72,72,72,72,72,72,72,72,72,72,72,72,72,72],"card_choices":[{"not_picked":["Choke","Sucker Punch"],"picked":"Cloak And Dagger","floor":1.0},{"not_picked":["Reflex","Acrobatics"],"picked":"PiercingWail","floor":2.0},{"not_picked":["Prepared","Backflip"],"picked":"Cloak And Dagger","floor":3.0},{"not_picked":["Flechettes","Blur"],"picked":"Leg Sweep","floor":5.0},{"not_picked":["Quick Slash","Prepared"],"picked":"Escape Plan","floor":6.0},{"not_picked":["Acrobatics","Outmaneuver"],"picked":"Heel Hook","floor":8.0},{"not_picked":["Sucker Punch","Endless Agony"],"picked":"Cloak And Dagger","floor":10.0},{"not_picked":["Blur","Catalyst"],"picked":"Adrenaline","floor":13},{"not_picked":["Slice","Underhanded Strike","Calculated Gamble"],"picked":"SKIP","floor":14}],"player_experience":879585,"relics_obtained":[{"floor":8.0,"key":"Anchor"},{"floor":9.0,"key":"Art of War"}],"event_choices":[{"damage_healed":0.0,"max_hp_gain":0.0,"max_hp_loss":0.0,"gold_gain":0.0,"cards_transformed":["Strike_G"],"event_name":"Transmorgrifier","player_choice":"Transformed","floor":4.0,"gold_loss":0.0,"damage_taken":0.0,"cards_obtained":["Flying Knee"]},{"cards_removed":["Strike_G"],"damage_healed":0.0,"max_hp_gain":0.0,"max_hp_loss":0.0,"gold_gain":0.0,"event_name":"The Cleric","player_choice":"Card Removal","floor":11.0,"gold_loss":75.0,"damage_taken":0.0}],"is_beta":false,"boss_relics":[],"items_purged_floors":[],"is_endless":false,"potions_floor_spawned":[1,3,6,13],"killed_by":"The Guardian","ascension_level":18}