{"gold_per_floor":[114,189,207,218,71,71,106,106,153,166,176,176,176,203,203,306,306,316,316,39,55,5,38,38,55,80,80,98,109,126,137,137,137],"floor_reached":33,"playtime":5081,"items_purged":["Strike_R","Defend_R"],"score":279,"play_id":"d53cb117-9d4d-491b-92d8-217ee665382b","local_time":"20190603174224","is_ascension_mode":false,"campfire_choices":[{"data":"Armaments","floor":6,"key":"SMITH"},{"floor":8,"key":"REST"},{"data":"Anger","floor":13,"key":"SMITH"},{"data":"Bash","floor":15,"key":"SMITH"},{"data":"Anger","floor":24,"key":"SMITH"},{"floor":27,"key":"REST"},{"data":"Double Tap","floor":32,"key":"SMITH"}],"neow_cost":"NONE","seed_source_timestamp":1920631733760101,"circlet_count":0,"master_deck":["Strike_R","Strike_R","Defend_R","Defend_R","Defend_R","Bash+1","Anger+1","Battle Trance","Armaments+1","Sword Boomerang","Cleave","Spot Weakness","Shrug It Off","Headbutt","Double Tap+1","Pommel Strike+1","RitualDagger","Master of Strategy","Seeing Red","Anger+1","Flex","Headbutt","Iron Wave","Cleave+1","Seeing Red+1"],"relics":["Burning Blood","Lantern","Happy Flower","Pantograph","Bottled Lightning","Empty Cage","Bronze Scales","Anchor","Regal Pillow"],"potions_floor_usage":[10,10,16,16,16,16,23,23,33,33],"damage_taken":[{"damage":9,"enemies":"2 Louse","floor":1,"turns":3},{"damage":13,"enemies":"Jaw Worm","floor":3,"turns":3},{"damage":0,"enemies":"Small Slimes","floor":4,"turns":3},{"damage":33,"enemies":"Lagavulin","floor":7,"turns":6},{"damage":0,"enemies":"Red Slaver","floor":10,"turns":2},{"damage":0,"enemies":"Blue Slaver","floor":11,"turns":2},{"damage":4,"enemies":"3 Sentries","floor":14,"turns":5},{"damage":44,"enemies":"Hexaghost","floor":16,"turns":6},{"damage":14,"enemies":"2 Thieves","floor":18,"turns":3},{"damage":6,"enemies":"3 Byrds","floor":21,"turns":4},{"damage":28,"enemies":"Slavers","floor":23,"turns":4},{"damage":9,"enemies":"Snake Plant","floor":25,"turns":3},{"damage":12,"enemies":"Centurion and Healer","floor":28,"turns":4},{"damage":5,"enemies":"Sentry and Sphere","floor":29,"turns":3},{"damage":11,"enemies":"Snecko","floor":30,"turns":5},{"damage":0,"enemies":"Snake Plant","floor":31,"turns":3},{"damage":88,"enemies":"Automaton","floor":33,"turns":8}],"seed_played":"-1887641453972260562","potions_obtained":[{"floor":0,"key":"Block Potion"},{"floor":0,"key":"GamblersBrew"},{"floor":0,"key":"EntropicBrew"},{"floor":4,"key":"Strength Potion"},{"floor":7,"key":"BloodPotion"},{"floor":14,"key":"Dexterity Potion"},{"floor":16,"key":"Ancient Potion"},{"floor":18,"key":"Block Potion"},{"floor":28,"key":"BloodPotion"},{"floor":31,"key":"Block Potion"}],"is_trial":false,"path_per_floor":["M","?","M","M","$","R","E","R","T","M","M","T","R","E","R","B",null,"M","?","$","M","?","E","R","M","T","R","M","M","M","M","R","B"],"character_chosen":"IRONCLAD","items_purchased":["Sword Boomerang","Cleave","Master of Strategy"],"campfire_rested":2,"item_purchase_floors":[5,5,20],"current_hp_per_floor":[77,66,59,65,65,65,38,62,62,76,80,80,80,80,80,42,80,72,66,66,66,66,44,44,41,41,80,74,75,70,76,76,0],"gold":137,"neow_bonus":"THREE_SMALL_POTIONS","is_prod":false,"is_daily":false,"chose_seed":false,"campfire_upgraded":5,"win_rate":0.0,"timestamp":1559608944,"path_taken":["M","?","M","M","$","R","E","R","T","M","M","?","R","E","R","BOSS","M","?","$","M","?","E","R","M","T","R","M","?","M","M","R","BOSS"],"build_version":"2019-01-23","purchased_purges":2,"victory":false,"max_hp_per_floor":[80,80,80,80,80,80,80,80,80,80,80,80,80,80,80,80,80,80,80,80,80,80,80,80,80,80,80,80,80,80,80,80,80],"card_choices":[{"not_picked":["Body Slam","Thunderclap"],"picked":"Anger","floor":1},{"not_picked":["Shrug It Off","True Grit"],"picked":"Battle Trance","floor":3},{"not_picked":["Bloodletting","Corruption"],"picked":"Armaments","floor":4},{"not_picked":["Body Slam","Sword Boomerang"],"picked":"Spot Weakness","floor":7},{"not_picked":["Entrench","Rupture","Body Slam"],"picked":"SKIP","floor":10},{"not_picked":["Dual Wield","Anger"],"picked":"Shrug It Off","floor":11},{"not_picked":["Dual Wield","Anger"],"picked":"Headbutt","floor":14},{"not_picked":["Offering","Bludgeon"],"picked":"Double Tap","floor":16},{"not_picked":["Twin Strike","Shrug It Off"],"picked":"Pommel Strike+1","floor":18},{"not_picked":["Clothesline","Heavy Blade"],"picked":"Seeing Red","floor":21},{"not_picked":["Body Slam","Hemokinesis"],"picked":"Anger","floor":23},{"not_picked":["Shrug It Off","True Grit+1"],"picked":"Flex","floor":25},{"not_picked":["Perfected Strike+1","Blood for Blood"],"picked":"Headbutt","floor":28},{"not_picked":["Flex","Blood for Blood"],"picked":"Iron Wave","floor":29},{"not_picked":["Sword Boomerang","Entrench"],"picked":"Cleave+1","floor":30},{"not_picked":["Infernal Blade","Armaments"],"picked":"Seeing Red+1","floor":31}],"player_experience":7352,"relics_obtained":[{"floor":7,"key":"Lantern"},{"floor":9,"key":"Happy Flower"},{"floor":12,"key":"Pantograph"},{"floor":14,"key":"Bottled Lightning"},{"floor":23,"key":"Anchor"},{"floor":26,"key":"Regal Pillow"}],"event_choices":[{"damage_healed":0,"gold_gain":75,"player_choice":"Gather Gold","damage_taken":11,"max_hp_gain":0,"max_hp_loss":0,"event_name":"World of Goop","floor":2,"gold_loss":0},{"damage_healed":0,"gold_gain":0,"player_choice":"Joined the Cult","damage_taken":6,"max_hp_gain":0,"max_hp_loss":0,"event_name":"Nest","floor":19,"gold_loss":0,"cards_obtained":["RitualDagger"]},{"damage_healed":0,"gold_gain":0,"player_choice":"Paid Gold","damage_taken":0,"relics_obtained":["Bronze Scales"],"max_hp_gain":0,"max_hp_loss":0,"event_name":"WeMeetAgain","floor":22,"gold_loss":50}],"is_beta":false,"boss_relics":[{"not_picked":["Runic Dome","Sozu"],"picked":"Empty Cage"}],"items_purged_floors":[5,20],"is_endless":false,"potions_floor_spawned":[4,7,14,16,18,28,31],"killed_by":"Automaton","ascension_level":0}