{"gold_per_floor":[110,120,120,270,110,110,142,153,176,176,176,188,188],"floor_reached":13,"playtime":501,"items_purged":["Doubt"],"score":216,"play_id":"8b4e7e52-6794-4414-9331-978219082af8","local_time":"20190508191044","is_ascension_mode":true,"campfire_choices":[{"data":"Footwork","floor":6,"key":"SMITH"},{"data":"Leg Sweep","floor":11,"key":"SMITH"}],"neow_cost":"NONE","seed_source_timestamp":51455348778019,"circlet_count":0,"master_deck":["AscendersBane","Defend_G","Defend_G","Defend_G","Defend_G","Defend_G","Strike_G","Strike_G","Strike_G","Strike_G","Survivor","Neutralize","Dash","Distraction","Footwork+1","Leg Sweep+1"],"relics":["Ring of the Snake","NeowsBlessing","Strawberry","Happy Flower","Bag of Marbles"],"potions_floor_usage":[13],"damage_taken":[{"damage":0,"enemies":"Small Slimes","floor":1,"turns":1},{"damage":0,"enemies":"Jaw Worm","floor":2,"turns":1},{"damage":0,"enemies":"Lagavulin","floor":7,"turns":1},{"damage":0,"enemies":"2 Louse","floor":8,"turns":3},{"damage":5,"enemies":"2 Fungi Beasts","floor":12,"turns":5},{"damage":41,"enemies":"3 Sentries","floor":13,"turns":20}],"seed_played":"-7123537209086217244","potions_obtained":[{"floor":7,"key":"Poison Potion"}],"is_trial":false,"path_per_floor":["M","M","?","?","$","R","E","M","T","?","R","M","E"],"character_chosen":"THE_SILENT","items_purchased":["Footwork"],"campfire_rested":0,"item_purchase_floors":[5],"current_hp_per_floor":[59,59,40,40,40,40,40,40,40,40,40,35,0],"gold":188,"neow_bonus":"THREE_ENEMY_KILL","is_prod":false,"is_daily":false,"chose_seed":false,"campfire_upgraded":2,"win_rate":0,"timestamp":1557331844,"path_taken":["M","M","?","?","$","R","E","M","T","?","R","M","E"],"build_version":"2019-01-23","purchased_purges":1,"victory":false,"max_hp_per_floor":[66,66,73,73,73,73,73,73,73,73,73,73,73],"card_choices":[{"not_picked":["Backflip","Deadly Poison"],"picked":"Dash","floor":1},{"not_picked":["Heel Hook","Deflect"],"picked":"Distraction","floor":2},{"not_picked":["Choke","Slice","Sucker Punch"],"picked":"SKIP","floor":7},{"not_picked":["Terror","Poisoned Stab"],"picked":"Leg Sweep","floor":8},{"not_picked":["Acrobatics","Sucker Punch","Eviscerate"],"picked":"SKIP","floor":12}],"player_experience":1099628,"relics_obtained":[{"floor":7,"key":"Happy Flower"},{"floor":9,"key":"Bag of Marbles"}],"event_choices":[{"damage_healed":0,"gold_gain":0,"player_choice":"Success","damage_taken":26,"relics_obtained":["Strawberry"],"max_hp_gain":0,"max_hp_loss":0,"event_name":"Scrap Ooze","floor":3,"gold_loss":0},{"damage_healed":0,"gold_gain":150,"player_choice":"AGREE","damage_taken":0,"max_hp_gain":0,"max_hp_loss":0,"event_name":"Liars Game","floor":4,"gold_loss":0,"cards_obtained":["Doubt"]},{"cards_removed":["Strike_G"],"damage_healed":0,"gold_gain":0,"player_choice":"Forget","damage_taken":0,"max_hp_gain":0,"max_hp_loss":0,"event_name":"Living Wall","floor":10,"gold_loss":0}],"is_beta":false,"boss_relics":[],"items_purged_floors":[5],"is_endless":false,"potions_floor_spawned":[7],"killed_by":"3 Sentries","ascension_level":20}