{"gold_per_floor":[111,111,122,80,90,122,141,141,141,104,104,124,124,150,150,245,245,265,315,140,151,76,76,76,90,143,97,97,113,113,147,147,147],"floor_reached":33,"playtime":2675,"items_purged":[],"score":323,"play_id":"2b52f73c-c155-430b-bfe0-0039dcbbd0c1","local_time":"20190426212532","is_ascension_mode":false,"campfire_choices":[{"floor":8,"key":"REST"},{"floor":11,"key":"REST"},{"data":"Infinite Blades","floor":13,"key":"SMITH"},{"data":"Masterful Stab","floor":15,"key":"SMITH"},{"data":"Phantasmal Killer","floor":23,"key":"SMITH"},{"floor":28,"key":"REST"},{"data":"Neutralize","floor":30,"key":"SMITH"},{"floor":32,"key":"REST"}],"neow_cost":"NONE","seed_source_timestamp":715735925391100,"circlet_count":0,"master_deck":["Defend_G","Defend_G","Defend_G","Defend_G","Strike_G","Strike_G","Strike_G","Strike_G","Strike_G","Survivor","Neutralize+1","Dagger Spray","Caltrops","Infinite Blades+1","Dagger Throw","PiercingWail","Heel Hook","All Out Attack","Blade Dance","Masterful Stab+1","Phantasmal Killer+1","Predator","The Bomb","Heel Hook+1","Crippling Poison","Quick Slash","Underhanded Strike+1","Flying Knee+1"],"relics":["Ring of the Snake","CultistMask","Ancient Tea Set","Gremlin Horn","Torii","White Beast Statue","Pen Nib","Bag of Marbles"],"potions_floor_usage":[14,14,16,16,25,25,25,25,29,31,33,33],"damage_taken":[{"damage":1,"enemies":"2 Louse","floor":1,"turns":4},{"damage":6,"enemies":"Cultist","floor":3,"turns":4},{"damage":2,"enemies":"Small Slimes","floor":5,"turns":3},{"damage":27,"enemies":"3 Sentries","floor":6,"turns":6},{"damage":5,"enemies":"Looter","floor":7,"turns":3},{"damage":3,"enemies":"Exordium Thugs","floor":12,"turns":3},{"damage":1,"enemies":"Gremlin Nob","floor":14,"turns":4},{"damage":0,"enemies":"Slime Boss","floor":16,"turns":7},{"damage":5,"enemies":"3 Byrds","floor":18,"turns":3},{"damage":21,"enemies":"Spheric Guardian","floor":21,"turns":4},{"damage":3,"enemies":"Snecko","floor":25,"turns":5},{"damage":2,"enemies":"Chosen and Byrds","floor":29,"turns":3},{"damage":35,"enemies":"Book of Stabbing","floor":31,"turns":5},{"damage":65,"enemies":"Champ","floor":33,"turns":9}],"seed_played":"6601612193228467213","potions_obtained":[{"floor":1,"key":"Block Potion"},{"floor":3,"key":"Regen Potion"},{"floor":6,"key":"Fire Potion"},{"floor":7,"key":"PowerPotion"},{"floor":14,"key":"GamblersBrew"},{"floor":18,"key":"PowerPotion"},{"floor":21,"key":"EntropicBrew"},{"floor":25,"key":"GamblersBrew"},{"floor":29,"key":"GhostInAJar"},{"floor":31,"key":"GhostInAJar"}],"is_trial":false,"path_per_floor":["M","?","M","?","M","E","M","R","T","$","R","M","R","E","R","B",null,"M","?","$","M","?","R","?","M","T","$","R","M","R","E","R","B"],"character_chosen":"THE_SILENT","items_purchased":["All Out Attack","The Bomb","Quick Slash"],"campfire_rested":4,"item_purchase_floors":[10,20,27],"current_hp_per_floor":[69,69,63,63,61,34,29,50,50,50,70,67,67,66,66,66,70,65,65,65,44,44,44,44,41,41,41,62,60,60,25,46,0],"gold":147,"neow_bonus":"THREE_CARDS","is_prod":false,"is_daily":false,"chose_seed":false,"campfire_upgraded":4,"win_rate":0.0,"timestamp":1556331932,"path_taken":["M","?","?","?","M","E","M","R","T","$","R","M","R","E","R","BOSS","M","?","?","M","?","R","?","?","T","$","R","M","R","E","R","BOSS"],"build_version":"2019-01-23","purchased_purges":0,"victory":false,"max_hp_per_floor":[70,70,70,70,70,70,70,70,70,70,70,70,70,70,70,70,70,70,70,70,70,70,70,70,70,70,70,70,70,70,70,70,70],"card_choices":[{"not_picked":["Sucker Punch","Underhanded Strike"],"picked":"Dagger Spray","floor":0},{"not_picked":["Quick Slash","Dash"],"picked":"Caltrops","floor":1},{"not_picked":["Backstab","Crippling Poison"],"picked":"Infinite Blades","floor":3},{"not_picked":["Deadly Poison","Backflip"],"picked":"Dagger Throw","floor":5},{"not_picked":["Eviscerate","Flechettes"],"picked":"PiercingWail","floor":6},{"not_picked":["Blade Dance","Envenom"],"picked":"Heel Hook","floor":7},{"not_picked":["Prepared","Reflex"],"picked":"Blade Dance","floor":12},{"not_picked":["Outmaneuver","Prepared"],"picked":"Masterful Stab","floor":14},{"not_picked":["Burst","Malaise"],"picked":"Phantasmal Killer","floor":16},{"not_picked":["Well Laid Plans","Deadly Poison"],"picked":"Predator","floor":18},{"not_picked":["Poisoned Stab","Choke+1"],"picked":"Heel Hook+1","floor":21},{"not_picked":["Flying Knee","Prepared+1"],"picked":"Crippling Poison","floor":25},{"not_picked":["Flechettes","Escape Plan"],"picked":"Underhanded Strike+1","floor":29},{"not_picked":["Dash","Riddle With Holes"],"picked":"Flying Knee+1","floor":31}],"player_experience":5771,"relics_obtained":[{"floor":6,"key":"Ancient Tea Set"},{"floor":9,"key":"Gremlin Horn"},{"floor":14,"key":"Torii"},{"floor":26,"key":"Pen Nib"},{"floor":31,"key":"Bag of Marbles"}],"event_choices":[{"damage_healed":0,"gold_gain":0,"player_choice":"Trade","damage_taken":0,"relics_obtained":["CultistMask"],"max_hp_gain":0,"max_hp_loss":0,"event_name":"FaceTrader","floor":2,"gold_loss":0},{"damage_healed":0,"gold_gain":0,"player_choice":"Left Gold","damage_taken":0,"max_hp_gain":0,"max_hp_loss":0,"event_name":"World of Goop","floor":4,"gold_loss":42},{"damage_healed":0,"gold_gain":100,"player_choice":"Bet on Murderer","damage_taken":0,"max_hp_gain":0,"max_hp_loss":0,"event_name":"The Joust","floor":19,"gold_loss":50},{"cards_removed":["Defend_G"],"damage_healed":0,"gold_gain":0,"player_choice":"Gave Gold","damage_taken":0,"max_hp_gain":0,"max_hp_loss":0,"event_name":"Beggar","floor":22,"gold_loss":75},{"damage_healed":0,"gold_gain":0,"player_choice":"Ignored","damage_taken":0,"max_hp_gain":0,"max_hp_loss":0,"event_name":"Ghosts","floor":24,"gold_loss":0}],"is_beta":false,"boss_relics":[{"not_picked":["Ectoplasm","Snecko Eye"],"picked":"White Beast Statue"}],"items_purged_floors":[],"is_endless":false,"potions_floor_spawned":[1,3,6,7,14,18,21,25,29,31],"killed_by":"Champ","ascension_level":0}