{"gold_per_floor":[117,117,127,138,150,150,205,236,236,236,271,271,285,316,316,414,414,425,205,215,226,8,8,8,8,32,42,76,76,90,124,124,227,227,246,258,10,26,26,53,53,70,70,88,100,130,130,140,140,140],"floor_reached":50,"playtime":3599,"items_purged":["Strike_B"],"score":589,"play_id":"3e76b485-96cd-4253-96db-00126cdd9b95","local_time":"20190428233704","is_ascension_mode":false,"campfire_choices":[{"data":"Electrodynamics","floor":6,"key":"SMITH"},{"data":"Steam Power","floor":10,"key":"SMITH"},{"floor":15,"key":"REST"},{"data":"Seek","floor":23,"key":"SMITH"},{"data":"Secret Weapon","floor":25,"key":"SMITH"},{"data":"Leap","floor":32,"key":"SMITH"},{"floor":41,"key":"REST"},{"data":"Reboot","floor":49,"key":"SMITH"}],"neow_cost":"NONE","seed_source_timestamp":895525739475900,"circlet_count":0,"master_deck":["Strike_B+1","Strike_B","Defend_B","Defend_B","Zap","Dualcast","Amplify","Beam Cell","FTL","Steam Power+1","Electrodynamics+1","FTL","All For One+1","Scrape","Seek+1","Steam","Secret Weapon+1","Leap+1","BootSequence","Steam","Go for the Eyes","Seek","Redo+1","Turbo+1","BootSequence+1","Reboot+1","Gash+1"],"relics":["Cracked Core","Vajra","Dodecahedron","Bag of Preparation","Omamori","Matryoshka","Empty Cage","Whetstone","Regal Pillow","Bag of Marbles","Letter Opener","Bronze Scales","Runic Pyramid","Bottled Lightning","Potion Belt","Boot","Dream Catcher","Art of War"],"potions_floor_usage":[7,14,16,16,21,28,28,44,44,44,50,50,50],"damage_taken":[{"damage":7,"enemies":"Small Slimes","floor":1,"turns":4},{"damage":0,"enemies":"Cultist","floor":3,"turns":4},{"damage":0,"enemies":"2 Louse","floor":4,"turns":2},{"damage":3,"enemies":"2 Fungi Beasts","floor":5,"turns":3},{"damage":4,"enemies":"3 Sentries","floor":7,"turns":3},{"damage":14,"enemies":"Gremlin Nob","floor":8,"turns":3},{"damage":21,"enemies":"Lagavulin","floor":11,"turns":4},{"damage":0,"enemies":"Red Slaver","floor":13,"turns":1},{"damage":1,"enemies":"Gremlin Nob","floor":14,"turns":4},{"damage":35,"enemies":"Hexaghost","floor":16,"turns":5},{"damage":10,"enemies":"Chosen","floor":18,"turns":2},{"damage":12,"enemies":"Shell Parasite","floor":20,"turns":2},{"damage":3,"enemies":"Snecko","floor":21,"turns":3},{"damage":0,"enemies":"3 Cultists","floor":27,"turns":2},{"damage":4,"enemies":"Slavers","floor":28,"turns":4},{"damage":0,"enemies":"Snake Plant","floor":30,"turns":2},{"damage":5,"enemies":"Gremlin Leader","floor":31,"turns":5},{"damage":11,"enemies":"Collector","floor":33,"turns":4},{"damage":1,"enemies":"Orb Walker","floor":35,"turns":1},{"damage":6,"enemies":"3 Shapes","floor":36,"turns":1},{"damage":0,"enemies":"Jaw Worm Horde","floor":38,"turns":2},{"damage":33,"enemies":"Giant Head","floor":40,"turns":7},{"damage":0,"enemies":"Sphere and 2 Shapes","floor":42,"turns":1},{"damage":18,"enemies":"Transient","floor":44,"turns":5},{"damage":0,"enemies":"Jaw Worm Horde","floor":45,"turns":1},{"damage":0,"enemies":"Reptomancer","floor":46,"turns":2},{"damage":0,"enemies":"Sphere and 2 Shapes","floor":48,"turns":2},{"damage":55,"enemies":"Time Eater","floor":50,"turns":6}],"seed_played":"5461390894061409721","potions_obtained":[{"floor":5,"key":"EssenceOfSteel"},{"floor":7,"key":"Ancient Potion"},{"floor":8,"key":"Explosive Potion"},{"floor":11,"key":"FocusPotion"},{"floor":12,"key":"SkillPotion"},{"floor":16,"key":"SteroidPotion"},{"floor":20,"key":"Regen Potion"},{"floor":21,"key":"EssenceOfSteel"},{"floor":27,"key":"Explosive Potion"},{"floor":33,"key":"Ancient Potion"},{"floor":40,"key":"SneckoOil"},{"floor":42,"key":"AttackPotion"},{"floor":46,"key":"Ancient Potion"},{"floor":48,"key":"FearPotion"}],"is_trial":false,"path_per_floor":["M","?","M","M","M","R","?","E","T","R","E","?","M","E","R","B",null,"M","$","M","M","$","R","?","R","T","M","E","$","M","E","R","B",null,"M","M","$","M","?","E","R","M","T","M","M","E","?","M","R","B"],"character_chosen":"DEFECT","items_purchased":["Whetstone","Secret Weapon","Leap","Bottled Lightning"],"campfire_rested":2,"item_purchase_floors":[19,22,22,37],"current_hp_per_floor":[68,68,68,68,65,65,61,47,47,47,26,26,26,25,47,12,75,65,65,53,59,59,59,59,59,59,59,55,55,55,50,50,39,75,74,68,68,68,68,35,71,71,71,53,53,53,53,53,53,0],"gold":140,"neow_bonus":"ONE_RANDOM_RARE_CARD","is_prod":false,"is_daily":false,"chose_seed":false,"campfire_upgraded":6,"win_rate":0.0,"timestamp":1556512624,"path_taken":["M","?","?","?","M","R","?","E","T","R","E","?","M","E","R","BOSS","M","$","M","M","$","R","?","R","T","?","E","?","M","E","R","BOSS","M","M","$","M","?","E","R","M","T","M","M","E","?","M","R","BOSS"],"build_version":"2019-01-23","purchased_purges":1,"victory":false,"max_hp_per_floor":[75,75,75,75,75,75,75,75,75,75,75,75,75,75,75,75,75,75,75,75,75,75,75,75,75,75,75,75,75,75,75,75,75,75,75,75,75,75,71,71,71,71,71,71,71,71,71,71,71,71],"card_choices":[{"not_picked":["Conserve Battery","Sweeping Beam"],"picked":"Beam Cell","floor":1},{"not_picked":["Lockon","Chaos"],"picked":"FTL","floor":3},{"not_picked":["Skim","Consume"],"picked":"Steam Power","floor":4},{"not_picked":["Fusion","Compile Driver"],"picked":"Electrodynamics","floor":5},{"not_picked":["Reprogram","Turbo"],"picked":"FTL","floor":8},{"not_picked":["Aggregate","Rip and Tear"],"picked":"All For One","floor":11},{"not_picked":["Melter","Streamline","Sweeping Beam"],"picked":"SKIP","floor":13},{"not_picked":["Steam","Hologram"],"picked":"Scrape","floor":14},{"not_picked":["Buffer","Creative AI"],"picked":"Seek","floor":16},{"not_picked":["Cold Snap+1","Hologram+1","Scrape"],"picked":"SKIP","floor":18},{"not_picked":["Turbo","Genetic Algorithm+1"],"picked":"Steam","floor":20},{"not_picked":["Stack","Genetic Algorithm","Lockon"],"picked":"SKIP","floor":21},{"not_picked":["Cold Snap","Consume","Scrape"],"picked":"SKIP","floor":27},{"not_picked":["All For One","Stack","Biased Cognition"],"picked":"SKIP","floor":28},{"not_picked":["White Noise+1","Coolheaded+1"],"picked":"Steam","floor":30},{"not_picked":["Genetic Algorithm","Capacitor+1"],"picked":"Go for the Eyes","floor":31},{"not_picked":["Amplify","Biased Cognition"],"picked":"Seek","floor":33},{"not_picked":["Doom and Gloom","Consume+1","Chill"],"picked":"SKIP","floor":35},{"not_picked":["Barrage+1","Rip and Tear+1","Self Repair+1"],"picked":"SKIP","floor":36},{"not_picked":["Stack","Sweeping Beam"],"picked":"Redo+1","floor":38},{"not_picked":["Streamline+1","Capacitor+1","Self Repair+1"],"picked":"SKIP","floor":40},{"not_picked":["Reprogram","Streamline+1"],"picked":"Turbo+1","floor":42},{"not_picked":["Defragment+1","Hologram+1"],"picked":"BootSequence+1","floor":44},{"not_picked":["Defragment+1","Sweeping Beam+1"],"picked":"Reboot","floor":45},{"not_picked":["Stack+1","Conserve Battery"],"picked":"Gash+1","floor":46},{"not_picked":["Compile Driver+1","Steam+1","Chaos+1"],"picked":"SKIP","floor":48}],"player_experience":51207,"relics_obtained":[{"floor":8,"key":"Dodecahedron"},{"floor":9,"key":"Bag of Preparation"},{"floor":11,"key":"Omamori"},{"floor":14,"key":"Matryoshka"},{"floor":26,"key":"Regal Pillow"},{"floor":26,"key":"Bag of Marbles"},{"floor":28,"key":"Letter Opener"},{"floor":31,"key":"Bronze Scales"},{"floor":40,"key":"Potion Belt"},{"floor":43,"key":"Boot"},{"floor":43,"key":"Dream Catcher"},{"floor":46,"key":"Art of War"}],"event_choices":[{"damage_healed":0,"gold_gain":0,"player_choice":"Bought 0 Potions","damage_taken":0,"max_hp_gain":0,"max_hp_loss":0,"event_name":"The Woman in Blue","floor":2,"gold_loss":0},{"damage_healed":0,"gold_gain":30,"player_choice":"Searched \u00273\u0027 times","damage_taken":0,"relics_obtained":["Vajra"],"max_hp_gain":0,"max_hp_loss":0,"event_name":"Dead Adventurer","floor":7,"gold_loss":0},{"damage_healed":0,"gold_gain":0,"player_choice":"Got Potions","damage_taken":0,"max_hp_gain":0,"max_hp_loss":0,"event_name":"Lab","floor":12,"gold_loss":0},{"damage_healed":0,"gold_gain":0,"cards_transformed":["Defend_B"],"player_choice":"Transformed","damage_taken":0,"max_hp_gain":0,"max_hp_loss":0,"event_name":"Transmorgrifier","floor":24,"gold_loss":0,"cards_obtained":["BootSequence"]},{"damage_healed":0,"gold_gain":0,"player_choice":"Max HP","damage_taken":0,"max_hp_gain":0,"max_hp_loss":4,"event_name":"Winding Halls","floor":39,"gold_loss":0},{"damage_healed":0,"gold_gain":0,"player_choice":"Ignored","damage_taken":0,"max_hp_gain":0,"max_hp_loss":0,"event_name":"NoteForYourself","floor":47,"gold_loss":0}],"is_beta":false,"boss_relics":[{"not_picked":["Busted Crown","Astrolabe"],"picked":"Empty Cage"},{"not_picked":["Pandora\u0027s Box","Cursed Key"],"picked":"Runic Pyramid"}],"items_purged_floors":[19],"is_endless":false,"potions_floor_spawned":[5,7,8,11,16,20,21,27,33,40,42,46,48],"killed_by":"Time Eater","ascension_level":0}