{"gold_per_floor":[114,114,114,177,191,191,234,234,234,259,274,317,335,25,25,151,151,175,194,209,309,95,95,130,144,216,251,251,125,163,177,177,296,296,317,118,134,147,147,147,182,182,232,272,605,605,605,605,605,605],"floor_reached":50,"playtime":3087,"items_purged":["Strike_R","Strike_R"],"score":940,"play_id":"1cfb3e6b-006f-43ff-99d6-3ea2f69f9e75","local_time":"20190524182819","is_ascension_mode":true,"campfire_choices":[{"floor":6.0,"key":"REST"},{"data":"Hemokinesis","floor":8.0,"key":"SMITH"},{"floor":15.0,"key":"REST"},{"floor":23.0,"key":"REST"},{"floor":28.0,"key":"REST"},{"floor":32.0,"key":"REST"},{"floor":40.0,"key":"REST"},{"floor":42.0,"key":"RECALL"},{"data":"Demon Form","floor":47.0,"key":"SMITH"},{"data":"Clothesline","floor":49.0,"key":"SMITH"}],"neow_cost":"NONE","seed_source_timestamp":442083542389600,"circlet_count":0,"master_deck":["Strike_R","Strike_R+1","Strike_R+1","Defend_R","Defend_R","Defend_R","Defend_R","Bash","Hemokinesis+1","Pommel Strike","Disarm","Anger","Metallicize","Entrench","Demon Form+1","Fire Breathing","Shrug It Off","Feed","Inflame","Cleave","Entrench+1","Limit Break","Combust","Clothesline+1","Clothesline+1","True Grit+1","Armaments","Rupture","Shrug It Off","Limit Break","Evolve+1","Brutality","Impervious","Heavy Blade+1","Pommel Strike+1","Panache","Fire Breathing+1","Carnage+1","Dark Shackles"],"special_seed":0,"relics":["Burning Blood","Dream Catcher","Bird Faced Urn","Art of War","Regal Pillow","Snecko Eye","Vajra","Bottled Flame","PreservedInsect","Omamori","Sozu","Brimstone","Mango","Oddly Smooth Stone"],"potions_floor_usage":[],"damage_taken":[{"damage":10.0,"enemies":"Jaw Worm","floor":1.0,"turns":3.0},{"damage":3.0,"enemies":"2 Louse","floor":5.0,"turns":3.0},{"damage":35.0,"enemies":"Gremlin Nob","floor":7.0,"turns":4.0},{"damage":6.0,"enemies":"Small Slimes","floor":10.0,"turns":3.0},{"damage":11.0,"enemies":"Blue Slaver","floor":11.0,"turns":3.0},{"damage":4.0,"enemies":"Lagavulin","floor":12.0,"turns":5.0},{"damage":9.0,"enemies":"Large Slime","floor":13.0,"turns":4.0},{"damage":27.0,"enemies":"The Guardian","floor":16.0,"turns":12.0},{"damage":3.0,"enemies":"Spheric Guardian","floor":18.0,"turns":3.0},{"damage":43.0,"enemies":"2 Thieves","floor":19.0,"turns":5.0},{"damage":31.0,"enemies":"Snake Plant","floor":20.0,"turns":5.0},{"damage":49.0,"enemies":"Slavers","floor":24.0,"turns":6.0},{"damage":34.0,"enemies":"Chosen and Byrds","floor":25.0,"turns":5.0},{"damage":18.0,"enemies":"Gremlin Leader","floor":27.0,"turns":4.0},{"damage":39.0,"enemies":"Book of Stabbing","floor":30.0,"turns":6.0},{"damage":21.0,"enemies":"3 Cultists","floor":31.0,"turns":5.0},{"damage":75.0,"enemies":"Collector","floor":33.0,"turns":10.0},{"damage":16.0,"enemies":"Orb Walker","floor":35.0,"turns":5.0},{"damage":20.0,"enemies":"3 Shapes","floor":37.0,"turns":5.0},{"damage":32.0,"enemies":"3 Darklings","floor":38.0,"turns":5.0},{"damage":2.0,"enemies":"Reptomancer","floor":41.0,"turns":3.0},{"damage":8.0,"enemies":"Giant Head","floor":44.0,"turns":5.0},{"damage":125,"enemies":"Awakened One","floor":50,"turns":6}],"seed_played":"-3039851055616116113","potions_obtained":[{"floor":1.0,"key":"SteroidPotion"},{"floor":7.0,"key":"Weak Potion"},{"floor":10.0,"key":"AttackPotion"},{"floor":11.0,"key":"PowerPotion"},{"floor":16.0,"key":"LiquidBronze"},{"floor":18.0,"key":"Strength Potion"},{"floor":24.0,"key":"Strength Potion"},{"floor":25.0,"key":"Dexterity Potion"},{"floor":30.0,"key":"EssenceOfSteel"},{"floor":31.0,"key":"BloodPotion"}],"is_trial":false,"path_per_floor":["M","?","?","?","M","R","E","R","T","M","M","E","M","$","R","B",null,"M","M","M","?","$","R","E","M","T","E","R","$","E","M","R","B",null,"M","$","M","M","?","R","E","R","T","E","?","?","R","?","R","B"],"character_chosen":"IRONCLAD","items_purchased":["Fire Breathing","Regal Pillow","Limit Break","Combust","Shrug It Off","Brimstone"],"campfire_rested":6,"item_purchase_floors":[14,14,22,22,29,36],"current_hp_per_floor":[68,52,32,32,35,59,30,30,30,30,25,31,28,28,67,52,73,81,52,35,35,35,74,44,22,22,17,58,58,35,26,67,20,72,70,70,63,43,43,85,106,106,106,109,109,109,109,109,109,0],"gold":605,"neow_bonus":"THREE_CARDS","is_prod":false,"is_daily":false,"chose_seed":false,"campfire_upgraded":3,"win_rate":0,"timestamp":1558740499,"path_taken":["M","?","?","?","M","R","E","R","T","M","M","E","M","?","R","BOSS","M","M","M","?","?","R","E","M","T","E","R","$","E","M","R","BOSS","M","$","M","M","?","R","E","R","T","E","?","?","R","?","R","BOSS"],"build_version":"2019-01-23","purchased_purges":2,"victory":false,"max_hp_per_floor":[80,80,80,80,80,80,80,80,80,80,80,80,80,80,80,80,80,83,83,83,83,83,83,86,86,86,89,89,89,89,89,89,89,89,89,89,92,92,92,92,106,106,106,109,109,109,109,109,109,109],"card_choices":[{"not_picked":["Thunderclap","Headbutt"],"picked":"Hemokinesis","floor":0.0},{"not_picked":["Entrench","Power Through"],"picked":"Pommel Strike","floor":1.0},{"not_picked":["Burning Pact","Uppercut"],"picked":"Disarm","floor":5.0},{"not_picked":["Iron Wave","Sword Boomerang"],"picked":"Hemokinesis","floor":7.0},{"not_picked":["Cleave","Iron Wave"],"picked":"Anger","floor":10.0},{"not_picked":["Havoc","Searing Blow"],"picked":"Metallicize","floor":11.0},{"not_picked":["Carnage","Second Wind"],"picked":"Entrench","floor":12.0},{"not_picked":["Ghostly Armor","Disarm"],"picked":"Demon Form","floor":13.0},{"not_picked":["Warcry","True Grit"],"picked":"Shrug It Off","floor":15.0},{"not_picked":["Immolate","Bludgeon"],"picked":"Feed","floor":16.0},{"not_picked":["Evolve","Sever Soul"],"picked":"Inflame","floor":18.0},{"not_picked":["Rage","Wild Strike"],"picked":"Cleave","floor":19.0},{"not_picked":["Heavy Blade","Thunderclap"],"picked":"Entrench+1","floor":20.0},{"not_picked":["Evolve","Anger"],"picked":"Clothesline+1","floor":23.0},{"not_picked":["Havoc","Infernal Blade"],"picked":"Clothesline","floor":24.0},{"not_picked":["Power Through","Headbutt"],"picked":"True Grit+1","floor":25.0},{"not_picked":["Perfected Strike+1","Feel No Pain"],"picked":"Armaments","floor":27.0},{"not_picked":["Battle Trance","Sword Boomerang"],"picked":"Rupture","floor":28.0},{"not_picked":["Armaments","Headbutt"],"picked":"Limit Break","floor":30.0},{"not_picked":["Wild Strike","True Grit"],"picked":"Evolve+1","floor":31.0},{"not_picked":["Rampage","Warcry"],"picked":"Brutality","floor":32.0},{"not_picked":["Berserk","Limit Break"],"picked":"Impervious","floor":33.0},{"not_picked":["Clothesline","Headbutt+1"],"picked":"Heavy Blade+1","floor":35.0},{"not_picked":["Clash","Rage","Inflame"],"picked":"SKIP","floor":37.0},{"not_picked":["Dual Wield","Dropkick"],"picked":"Pommel Strike+1","floor":38.0},{"not_picked":["Discovery","Finesse"],"picked":"Panache","floor":39.0},{"not_picked":["Perfected Strike","Warcry"],"picked":"Fire Breathing+1","floor":41.0},{"not_picked":["Second Wind","Thunderclap"],"picked":"Carnage+1","floor":44.0}],"player_experience":232177,"relics_obtained":[{"floor":7.0,"key":"Dream Catcher"},{"floor":9.0,"key":"Bird Faced Urn"},{"floor":12.0,"key":"Art of War"},{"floor":24.0,"key":"Vajra"},{"floor":26.0,"key":"Bottled Flame"},{"floor":27.0,"key":"PreservedInsect"},{"floor":30.0,"key":"Omamori"},{"floor":41.0,"key":"Mango"},{"floor":44.0,"key":"Oddly Smooth Stone"}],"event_choices":[{"damage_healed":0.0,"max_hp_gain":0.0,"max_hp_loss":0.0,"gold_gain":0.0,"event_name":"Shining Light","player_choice":"Entered Light","floor":2.0,"gold_loss":0.0,"damage_taken":16.0,"cards_upgraded":["Strike_R","Strike_R"]},{"damage_healed":0.0,"max_hp_gain":0.0,"max_hp_loss":0.0,"gold_gain":0.0,"event_name":"Golden Idol","player_choice":"Take Damage","floor":3.0,"gold_loss":0.0,"damage_taken":20.0,"relics_obtained":["Golden Idol"]},{"damage_healed":0.0,"max_hp_gain":0.0,"max_hp_loss":0.0,"gold_gain":63.0,"event_name":"Golden Wing","player_choice":"Gained Gold","floor":4.0,"gold_loss":0.0,"damage_taken":0.0},{"damage_healed":0.0,"max_hp_gain":0.0,"max_hp_loss":0.0,"gold_gain":100.0,"event_name":"Golden Shrine","player_choice":"Pray","floor":21.0,"gold_loss":0.0,"damage_taken":0.0},{"damage_healed":0.0,"max_hp_gain":0.0,"max_hp_loss":0.0,"gold_gain":0.0,"event_name":"SensoryStone","player_choice":"Memory 1","floor":39.0,"gold_loss":0.0,"damage_taken":0.0},{"damage_healed":0.0,"max_hp_gain":0.0,"max_hp_loss":0.0,"gold_gain":333.0,"event_name":"The Moai Head","player_choice":"Gave Idol","floor":45.0,"relics_lost":["Golden Idol"],"gold_loss":0.0,"damage_taken":0.0},{"cards_removed":["Hemokinesis"],"damage_healed":0.0,"max_hp_gain":0.0,"max_hp_loss":0.0,"gold_gain":0.0,"event_name":"Falling","player_choice":"Removed Attack","floor":46.0,"gold_loss":0.0,"damage_taken":0.0},{"damage_healed":0.0,"max_hp_gain":0.0,"max_hp_loss":0.0,"gold_gain":0.0,"event_name":"Match and Keep!","player_choice":"1 cards matched","floor":48.0,"gold_loss":0.0,"damage_taken":0.0,"cards_obtained":["Dark Shackles"]}],"is_beta":false,"boss_relics":[{"not_picked":["Empty Cage","Runic Cube"],"picked":"Snecko Eye"},{"not_picked":["White Beast Statue","Velvet Choker"],"picked":"Sozu"}],"items_purged_floors":[14,29],"is_endless":false,"potions_floor_spawned":[1,7,10,11,16,18,24,25,30,31,41,44],"killed_by":"Awakened One","ascension_level":7}