{"gold_per_floor":[119,132,149,200,200,200,214,214,214,243,243,254,287,307,307,307],"floor_reached":16,"playtime":894,"items_purged":[],"score":218,"play_id":"42909964-aed6-4d9a-bd76-a80da4f69a0d","local_time":"20190221204335","is_ascension_mode":true,"campfire_choices":[{"data":"Well Laid Plans","floor":8.0,"key":"SMITH"},{"floor":11.0,"key":"REST"},{"floor":15,"key":"REST"}],"neow_cost":"NONE","seed_source_timestamp":0,"circlet_count":0,"master_deck":["AscendersBane","Defend_G","Defend_G","Defend_G","Defend_G","Defend_G","Strike_G","Strike_G","Strike_G","Strike_G","Strike_G","Survivor","Neutralize","Tactician","Backstab","Flechettes","Pain","Well Laid Plans+1","Corpse Explosion","Acrobatics","Dagger Throw"],"special_seed":0,"relics":["Ring of the Snake","NeowsBlessing","Snake Skull","WarpedTongs","Frozen Egg 2","Ninja Scroll","Potion Belt"],"potions_floor_usage":[13,16,16],"damage_taken":[{"damage":0.0,"enemies":"Cultist","floor":1.0,"turns":1.0},{"damage":0.0,"enemies":"Small Slimes","floor":2.0,"turns":1.0},{"damage":0.0,"enemies":"Jaw Worm","floor":3.0,"turns":1.0},{"damage":5.0,"enemies":"Looter","floor":7.0,"turns":3.0},{"damage":15.0,"enemies":"3 Sentries","floor":10.0,"turns":10.0},{"damage":9.0,"enemies":"Exordium Wildlife","floor":12.0,"turns":4.0},{"damage":10,"enemies":"Gremlin Nob","floor":13,"turns":3},{"damage":8,"enemies":"Exordium Thugs","floor":14,"turns":3},{"damage":61,"enemies":"Slime Boss","floor":16,"turns":8}],"seed_played":"2353680646636671513","potions_obtained":[{"floor":1.0,"key":"Strength Potion"},{"floor":3.0,"key":"GamblersBrew"},{"floor":10.0,"key":"Regen Potion"},{"floor":13,"key":"Poison Potion"}],"is_trial":false,"path_per_floor":["M","M","M","T","$","?","M","R","T","E","R","M","E","M","R","B"],"character_chosen":"THE_SILENT","items_purchased":[],"campfire_rested":2,"item_purchase_floors":[],"current_hp_per_floor":[59,59,59,59,59,59,54,54,54,39,58,49,39,31,50,0],"gold":307,"neow_bonus":"THREE_ENEMY_KILL","is_prod":false,"is_daily":false,"chose_seed":false,"campfire_upgraded":1,"win_rate":0,"timestamp":1550771015,"path_taken":["M","M","?","?","$","?","M","R","T","E","R","M","E","M","R","BOSS"],"build_version":"2019-01-23","purchased_purges":0,"victory":false,"max_hp_per_floor":[66,66,66,66,66,66,66,66,66,66,66,66,66,66,66,66],"card_choices":[{"not_picked":["Reflex","Masterful Stab"],"picked":"Tactician","floor":1.0},{"not_picked":["PiercingWail","Distraction"],"picked":"Backstab","floor":2.0},{"not_picked":["PiercingWail","Bane"],"picked":"Flechettes","floor":3.0},{"not_picked":["PiercingWail","Blade Dance"],"picked":"Well Laid Plans","floor":7.0},{"not_picked":["Concentrate","Poisoned Stab","Reflex"],"picked":"SKIP","floor":10.0},{"not_picked":["Underhanded Strike","Sucker Punch"],"picked":"Corpse Explosion","floor":12.0},{"not_picked":["Poisoned Stab","Outmaneuver"],"picked":"Acrobatics","floor":13},{"not_picked":["Dodge and Roll","Quick Slash"],"picked":"Dagger Throw","floor":14}],"player_experience":974166,"relics_obtained":[{"floor":4.0,"key":"Snake Skull"},{"floor":9.0,"key":"Frozen Egg 2"},{"floor":10.0,"key":"Ninja Scroll"},{"floor":13,"key":"Potion Belt"}],"event_choices":[{"damage_healed":0.0,"max_hp_gain":0.0,"max_hp_loss":0.0,"gold_gain":0.0,"event_name":"Accursed Blacksmith","player_choice":"Rummage","floor":6.0,"gold_loss":0.0,"damage_taken":0.0,"relics_obtained":["WarpedTongs"],"cards_obtained":["Pain"]}],"is_beta":false,"boss_relics":[],"items_purged_floors":[],"is_endless":false,"potions_floor_spawned":[1,3,10,12,13],"killed_by":"Slime Boss","ascension_level":19}