{"gold_per_floor":[13,24,24,24,39,39,49,63,86,86,12,12,26,55,55,132,132,142,142,142,158,208,208,266,266,266,293,320,332],"floor_reached":29,"playtime":2537,"items_purged":[],"score":595,"play_id":"b0e8b7e1-5897-4c53-8626-0b21ddf00699","local_time":"20181214205710","is_ascension_mode":true,"campfire_choices":[{"data":"Footwork","floor":6.0,"key":"SMITH"},{"data":"Dodge and Roll","floor":10.0,"key":"SMITH"},{"data":"Noxious Fumes","floor":12.0,"key":"SMITH"},{"floor":15.0,"key":"REST"},{"data":"Malaise","floor":23.0,"key":"SMITH"},{"floor":25.0,"key":"REST"}],"neow_cost":"NO_GOLD","seed_source_timestamp":0,"circlet_count":0,"master_deck":["AscendersBane","Defend_G","Defend_G","Defend_G","Defend_G","Defend_G","Strike_G","Strike_G+1","Strike_G+1","Survivor","Neutralize","Dash","Footwork+1","Dagger Spray","Dodge and Roll+1","Noxious Fumes+1","Backstab","Terror","Malaise+1","Cloak And Dagger","Escape Plan","Shame","Backflip","Dodge and Roll"],"special_seed":0,"relics":["Ring of the Snake","Lantern","Boot","Cursed Key","Tiny Chest","Whetstone","MawBank"],"potions_floor_usage":[29],"damage_taken":[{"damage":1.0,"enemies":"Cultist","floor":1.0,"turns":4.0},{"damage":22.0,"enemies":"Jaw Worm","floor":2.0,"turns":11.0},{"damage":0.0,"enemies":"2 Louse","floor":5.0,"turns":4.0},{"damage":2.0,"enemies":"Exordium Thugs","floor":7.0,"turns":10.0},{"damage":7.0,"enemies":"2 Fungi Beasts","floor":8.0,"turns":4.0},{"damage":0.0,"enemies":"Exordium Wildlife","floor":13.0,"turns":4.0},{"damage":47.0,"enemies":"Gremlin Nob","floor":14.0,"turns":6.0},{"damage":0.0,"enemies":"The Guardian","floor":16.0,"turns":11.0},{"damage":0.0,"enemies":"Chosen","floor":18.0,"turns":6.0},{"damage":4.0,"enemies":"Shell Parasite","floor":21.0,"turns":6.0},{"damage":29.0,"enemies":"Slavers","floor":24.0,"turns":6.0},{"damage":3.0,"enemies":"Gremlin Leader","floor":27.0,"turns":8.0},{"damage":2.0,"enemies":"Centurion and Healer","floor":28.0,"turns":8.0},{"damage":39,"enemies":"Slavers","floor":29,"turns":4}],"seed_played":"3837491902940802386","potions_obtained":[{"floor":2.0,"key":"Dexterity Potion"},{"floor":5.0,"key":"Fire Potion"},{"floor":14.0,"key":"SkillPotion"},{"floor":18.0,"key":"PowerPotion"},{"floor":19.0,"key":"GhostInAJar"},{"floor":27.0,"key":"Strength Potion"}],"is_trial":false,"path_per_floor":["M","M","?","$","M","R","M","M","T","R","$","R","M","E","R","B",null,"M","?","$","M","?","R","E","R","T","E","M","E"],"character_chosen":"THE_SILENT","items_purchased":["Noxious Fumes"],"campfire_rested":2,"item_purchase_floors":[11],"current_hp_per_floor":[58,36,58,58,58,58,56,49,49,49,49,49,49,2,21,21,55,55,55,55,51,51,51,22,41,41,38,36,0],"gold":332,"neow_bonus":"REMOVE_TWO","is_prod":false,"is_daily":false,"chose_seed":false,"campfire_upgraded":4,"win_rate":0,"timestamp":1544810230,"path_taken":["M","?","?","$","M","R","M","M","T","R","?","R","M","E","R","BOSS","M","?","?","M","?","R","E","R","T","E","?","E"],"build_version":"2018-12-13","purchased_purges":0,"victory":false,"max_hp_per_floor":[66,66,66,66,66,66,66,66,66,66,66,66,66,66,66,66,66,66,66,66,66,66,66,66,66,66,66,66,66],"card_choices":[{"not_picked":["Dagger Throw","Crippling Poison","Slice"],"picked":"SKIP","floor":1.0},{"not_picked":["Bane","Skewer"],"picked":"Dash","floor":2.0},{"not_picked":["Prepared","Distraction"],"picked":"Footwork","floor":5.0},{"not_picked":["Expertise","Poisoned Stab"],"picked":"Dagger Spray","floor":7.0},{"not_picked":["Dagger Spray","Underhanded Strike"],"picked":"Dodge and Roll","floor":8.0},{"not_picked":["Blade Dance","PiercingWail"],"picked":"Backstab","floor":13.0},{"not_picked":["Flechettes","Masterful Stab"],"picked":"Terror","floor":14.0},{"not_picked":["Corpse Explosion","Wraith Form v2"],"picked":"Malaise","floor":16.0},{"not_picked":["Dagger Spray","Poisoned Stab+1","Deadly Poison"],"picked":"SKIP","floor":18.0},{"not_picked":["Deflect","Crippling Poison"],"picked":"Cloak And Dagger","floor":21.0},{"not_picked":["Die Die Die","Cloak And Dagger"],"picked":"Escape Plan","floor":24.0},{"not_picked":["Corpse Explosion","Sucker Punch"],"picked":"Backflip","floor":27.0},{"not_picked":["PiercingWail","Prepared"],"picked":"Dodge and Roll","floor":28.0}],"player_experience":882182,"relics_obtained":[{"floor":9.0,"key":"Lantern"},{"floor":14.0,"key":"Boot"},{"floor":24.0,"key":"Tiny Chest"},{"floor":26.0,"key":"Whetstone"},{"floor":27.0,"key":"MawBank"}],"event_choices":[{"damage_healed":22.0,"max_hp_gain":0.0,"max_hp_loss":0.0,"gold_gain":0.0,"event_name":"Big Fish","player_choice":"Banana","floor":3.0,"gold_loss":0.0,"damage_taken":0.0},{"damage_healed":0.0,"max_hp_gain":0.0,"max_hp_loss":0.0,"gold_gain":0.0,"event_name":"Lab","player_choice":"Got Potions","floor":19.0,"gold_loss":0.0,"damage_taken":0.0},{"damage_healed":0.0,"max_hp_gain":0.0,"max_hp_loss":0.0,"gold_gain":50.0,"event_name":"Nest","player_choice":"Stole From Cult","floor":22.0,"gold_loss":0.0,"damage_taken":0.0}],"is_beta":false,"boss_relics":[{"not_picked":["Snecko Eye","Black Star"],"picked":"Cursed Key"}],"items_purged_floors":[],"is_endless":false,"potions_floor_spawned":[2,5,8,13,14,18,21,27],"killed_by":"Slavers","ascension_level":18}