{"gold_per_floor":[117,192,209,209,209,209,238,238,263,263,263,280,306,62,62,157,157,176,176,176,194,11,11,30,86,165,165,177,195,195,210,210,314,314,326,343,369,385,188,188,202,202,202,202,76,76,89,114,114,114],"floor_reached":50,"playtime":2077,"items_purged":[],"score":881,"play_id":"9ed6720d-8047-47f7-8e21-e4b28cd55697","local_time":"20190412180605","is_ascension_mode":true,"campfire_choices":[{"data":"Neutralize","floor":6,"key":"SMITH"},{"data":"Cloak And Dagger","floor":8,"key":"SMITH"},{"data":"PiercingWail","floor":10,"key":"SMITH"},{"data":"Infinite Blades","floor":15,"key":"SMITH"},{"data":"1","floor":23,"key":"LIFT"},{"data":"2","floor":27,"key":"LIFT"},{"data":"3","floor":32,"key":"LIFT"},{"data":"Adrenaline","floor":40,"key":"SMITH"},{"floor":42,"key":"RECALL"},{"data":"PiercingWail","floor":44,"key":"SMITH"},{"floor":49,"key":"REST"}],"neow_cost":"NONE","seed_source_timestamp":84259780268818,"circlet_count":0,"master_deck":["Defend_G","Defend_G","Defend_G","Defend_G","Defend_G","Strike_G+1","Strike_G","Strike_G","Strike_G+1","Survivor","Neutralize+1","PiercingWail+1","Deadly Poison","Cloak And Dagger+1","Cloak And Dagger","Cloak And Dagger","Infinite Blades+1","After Image","Clumsy","Crippling Poison","Blade Dance+1","Infinite Blades","Cloak And Dagger+1","Tools of the Trade+1","Blade Dance+1","Catalyst+1","Dash","Adrenaline+1","PiercingWail+1","Deadly Poison+1","Parasite","Concentrate+1","Catalyst+1","Acrobatics+1","Slice+1"],"relics":["Ring of the Snake","NeowsBlessing","Omamori","Vajra","Potion Belt","Membership Card","Calling Bell","Art of War","Matryoshka","Thread and Needle","Girya","Tiny Chest","Bag of Preparation","Lizard Tail","War Paint","Whetstone","PreservedInsect","Letter Opener","Ancient Tea Set","Ornamental Fan","NlothsMask","Strawberry"],"potions_floor_usage":[13,16,25,25,31,33,33,33,36,38,47,48,50,50,50],"damage_taken":[{"damage":0,"enemies":"Small Slimes","floor":1,"turns":1},{"damage":0,"enemies":"Jaw Worm","floor":3,"turns":1},{"damage":0,"enemies":"Lagavulin","floor":7,"turns":1},{"damage":0,"enemies":"Cultist","floor":12,"turns":3},{"damage":20,"enemies":"Gremlin Nob","floor":13,"turns":5},{"damage":46,"enemies":"Hexaghost","floor":16,"turns":13},{"damage":0,"enemies":"3 Byrds","floor":18,"turns":7},{"damage":0,"enemies":"Chosen","floor":21,"turns":8},{"damage":4,"enemies":"Centurion and Healer","floor":24,"turns":9},{"damage":0,"enemies":"Slavers","floor":25,"turns":8},{"damage":6,"enemies":"3 Cultists","floor":28,"turns":6},{"damage":6,"enemies":"Sentry and Sphere","floor":29,"turns":5},{"damage":1,"enemies":"Snake Plant","floor":31,"turns":5},{"damage":28,"enemies":"Collector","floor":33,"turns":10},{"damage":35,"enemies":"3 Darklings","floor":35,"turns":6},{"damage":1,"enemies":"3 Shapes","floor":36,"turns":5},{"damage":58,"enemies":"Writhing Mass","floor":38,"turns":5},{"damage":1,"enemies":"Spire Growth","floor":41,"turns":5},{"damage":5,"enemies":"Sphere and 2 Shapes","floor":47,"turns":5},{"damage":5,"enemies":"Giant Head","floor":48,"turns":6},{"damage":60,"enemies":"Awakened One","floor":50,"turns":13}],"seed_played":"8972831198370550139","potions_obtained":[{"floor":12,"key":"EntropicBrew"},{"floor":13,"key":"AttackPotion"},{"floor":18,"key":"Poison Potion"},{"floor":25,"key":"Dexterity Potion"},{"floor":31,"key":"AttackPotion"},{"floor":33,"key":"AttackPotion"},{"floor":35,"key":"GhostInAJar"},{"floor":41,"key":"EntropicBrew"}],"is_trial":false,"path_per_floor":["M","?","M","$","?","R","E","R","T","R","?","M","E","$","R","B",null,"M","?","?","M","$","R","M","E","T","R","M","M","?","M","R","B",null,"M","M","T","M","$","R","M","R","T","R","$","?","M","E","R","B"],"character_chosen":"THE_SILENT","items_purchased":["Membership Card","Infinite Blades","Infinite Blades","Girya","PreservedInsect","Letter Opener","Ornamental Fan"],"campfire_rested":1,"item_purchase_floors":[14,14,22,22,39,39,45],"current_hp_per_floor":[63,52,52,52,52,52,52,52,52,52,57,57,37,37,37,6,58,58,58,55,55,55,55,51,51,51,51,45,39,39,38,38,10,59,24,23,23,37,37,37,36,36,36,36,36,36,31,33,57,0],"gold":114,"neow_bonus":"THREE_ENEMY_KILL","is_prod":false,"is_daily":false,"chose_seed":false,"campfire_upgraded":6,"win_rate":0,"timestamp":1555110365,"path_taken":["M","?","M","$","?","R","E","R","T","R","?","M","E","?","R","BOSS","M","?","?","M","$","R","M","E","T","R","?","M","?","M","R","BOSS","M","M","?","M","$","R","M","R","T","R","$","?","M","E","R","BOSS"],"build_version":"2019-01-23","purchased_purges":0,"victory":false,"max_hp_per_floor":[70,70,70,70,70,70,70,70,70,70,75,75,75,75,75,75,75,75,75,75,75,75,75,75,75,75,75,75,75,75,75,75,75,75,75,75,75,75,75,75,75,75,75,75,75,75,75,82,82,82],"card_choices":[{"not_picked":["Flying Knee","Tactician"],"picked":"PiercingWail","floor":1},{"not_picked":["Dagger Throw","All Out Attack"],"picked":"Deadly Poison","floor":3},{"not_picked":["Quick Slash","Skewer"],"picked":"Cloak And Dagger","floor":7},{"not_picked":["Outmaneuver","Backflip"],"picked":"Cloak And Dagger","floor":12},{"not_picked":["Outmaneuver","Quick Slash"],"picked":"Cloak And Dagger","floor":13},{"not_picked":["Adrenaline","A Thousand Cuts"],"picked":"After Image","floor":16},{"not_picked":["Dagger Throw+1","Flying Knee"],"picked":"Crippling Poison","floor":18},{"not_picked":["Poisoned Stab","Riddle With Holes"],"picked":"Blade Dance+1","floor":21},{"not_picked":["Blade Dance","Backflip"],"picked":"Cloak And Dagger","floor":24},{"not_picked":["Dagger Throw+1","Dagger Spray+1"],"picked":"Tools of the Trade","floor":25},{"not_picked":["Poisoned Stab","Crippling Poison+1"],"picked":"Blade Dance+1","floor":28},{"not_picked":["Dagger Throw","Expertise"],"picked":"Catalyst","floor":29},{"not_picked":["Setup","Backflip"],"picked":"Dash","floor":31},{"not_picked":["Malaise","A Thousand Cuts"],"picked":"Adrenaline","floor":33},{"not_picked":["Underhanded Strike","Slice"],"picked":"PiercingWail","floor":35},{"not_picked":["Choke","All Out Attack+1"],"picked":"Deadly Poison+1","floor":36},{"not_picked":["Dagger Throw+1","Underhanded Strike"],"picked":"Concentrate+1","floor":38},{"not_picked":["Terror","Quick Slash+1"],"picked":"Catalyst+1","floor":41},{"not_picked":["PiercingWail","Cloak And Dagger"],"picked":"Acrobatics+1","floor":47},{"not_picked":["Endless Agony+1","Flying Knee"],"picked":"Slice+1","floor":48}],"player_experience":425741,"relics_obtained":[{"floor":7,"key":"Omamori"},{"floor":9,"key":"Vajra"},{"floor":13,"key":"Potion Belt"},{"floor":17,"key":"Art of War"},{"floor":17,"key":"Matryoshka"},{"floor":17,"key":"Thread and Needle"},{"floor":25,"key":"Tiny Chest"},{"floor":26,"key":"Bag of Preparation"},{"floor":37,"key":"War Paint"},{"floor":37,"key":"Whetstone"},{"floor":43,"key":"Ancient Tea Set"},{"floor":48,"key":"Strawberry"}],"event_choices":[{"damage_healed":0,"gold_gain":75,"player_choice":"Gather Gold","damage_taken":11,"max_hp_gain":0,"max_hp_loss":0,"event_name":"World of Goop","floor":2,"gold_loss":0},{"cards_removed":["Strike_G"],"damage_healed":0,"gold_gain":0,"player_choice":"Forget","damage_taken":0,"max_hp_gain":0,"max_hp_loss":0,"event_name":"Living Wall","floor":5,"gold_loss":0},{"damage_healed":0,"gold_gain":0,"player_choice":"Donut","damage_taken":0,"max_hp_gain":5,"max_hp_loss":0,"event_name":"Big Fish","floor":11,"gold_loss":0},{"damage_healed":0,"gold_gain":0,"player_choice":"Ignored","damage_taken":0,"max_hp_gain":0,"max_hp_loss":0,"event_name":"Ghosts","floor":19,"gold_loss":0},{"damage_healed":0,"gold_gain":0,"player_choice":"Punched","damage_taken":3,"max_hp_gain":0,"max_hp_loss":0,"event_name":"Designer","floor":20,"gold_loss":0},{"damage_healed":0,"gold_gain":0,"player_choice":"Upgraded","damage_taken":0,"max_hp_gain":0,"max_hp_loss":0,"event_name":"Upgrade Shrine","floor":30,"gold_loss":0,"cards_upgraded":["Tools of the Trade"]},{"damage_healed":0,"gold_gain":0,"player_choice":"Trade","damage_taken":0,"relics_obtained":["NlothsMask"],"max_hp_gain":0,"max_hp_loss":0,"event_name":"FaceTrader","floor":46,"gold_loss":0}],"is_beta":false,"boss_relics":[{"not_picked":["Ectoplasm","Snecko Eye"],"picked":"Calling Bell"},{"not_picked":["Pandora\u0027s Box","HoveringKite"],"picked":"Lizard Tail"}],"items_purged_floors":[],"is_endless":false,"potions_floor_spawned":[12,13,18,25,31,33,35,41],"killed_by":"Awakened One","ascension_level":9}