{"gold_per_floor":[365,365,383,402,176,176,176,189,189,189,209,239,262,283,283,283],"floor_reached":16,"playtime":617,"items_purged":[],"score":183,"play_id":"9f83c176-522e-4c50-b0fc-c621a3381bb7","local_time":"20190319015743","is_ascension_mode":true,"campfire_choices":[{"floor":6,"key":"REST"},{"floor":15,"key":"REST"}],"neow_cost":"TEN_PERCENT_HP_LOSS","seed_source_timestamp":0,"circlet_count":0,"master_deck":["AscendersBane","Strike_B","Strike_B","Strike_B","Strike_B","Defend_B","Defend_B","Defend_B","Defend_B","Zap","Dualcast","Cold Snap","Cold Snap","White Noise","Self Repair"],"special_seed":0,"relics":["Cracked Core","Golden Idol","ClockworkSouvenir","Kunai","Orichalcum","Odd Mushroom"],"potions_floor_usage":[12,14],"damage_taken":[{"damage":9,"enemies":"Jaw Worm","floor":1,"turns":3},{"damage":0,"enemies":"2 Louse","floor":3,"turns":1},{"damage":5,"enemies":"Small Slimes","floor":4,"turns":4},{"damage":11,"enemies":"Red Slaver","floor":8,"turns":3},{"damage":1,"enemies":"2 Fungi Beasts","floor":11,"turns":4},{"damage":6,"enemies":"The Mushroom Lair","floor":12,"turns":4},{"damage":11,"enemies":"Exordium Wildlife","floor":13,"turns":5},{"damage":7,"enemies":"Large Slime","floor":14,"turns":4},{"damage":53,"enemies":"Hexaghost","floor":16,"turns":11}],"seed_played":"8032101154361955982","potions_obtained":[{"floor":3,"key":"Weak Potion"},{"floor":4,"key":"GamblersBrew"},{"floor":8,"key":"Poison Potion"}],"is_trial":false,"path_per_floor":["M","?","M","M","$","R","?","M","T","?","M","?","M","M","R","B"],"character_chosen":"DEFECT","items_purchased":["ClockworkSouvenir"],"campfire_rested":2,"item_purchase_floors":[5],"current_hp_per_floor":[55,33,33,28,28,47,47,36,36,36,35,36,32,32,51,0],"gold":283,"neow_bonus":"TWO_FIFTY_GOLD","is_prod":false,"is_daily":false,"chose_seed":false,"campfire_upgraded":0,"win_rate":0,"timestamp":1552949863,"path_taken":["M","?","M","M","$","R","?","M","T","?","?","?","M","M","R","BOSS"],"build_version":"2019-01-23","purchased_purges":0,"victory":false,"max_hp_per_floor":[64,64,64,64,64,64,64,64,64,64,64,64,64,64,64,64],"card_choices":[{"not_picked":["Ball Lightning","FTL"],"picked":"Cold Snap","floor":1},{"not_picked":["Ball Lightning","Turbo"],"picked":"Cold Snap","floor":3},{"not_picked":["Beam Cell","Hologram"],"picked":"White Noise","floor":4},{"not_picked":["Gash","Rip and Tear","Turbo"],"picked":"SKIP","floor":8},{"not_picked":["Chaos","Beam Cell"],"picked":"Self Repair","floor":11},{"not_picked":["Cold Snap","Lockon","Conserve Battery"],"picked":"SKIP","floor":13},{"not_picked":["Rip and Tear","Turbo","Tempest"],"picked":"SKIP","floor":14}],"player_experience":1025358,"relics_obtained":[{"floor":9,"key":"Orichalcum"},{"floor":12,"key":"Odd Mushroom"}],"event_choices":[{"damage_healed":0,"gold_gain":0,"player_choice":"Take Damage","damage_taken":22,"relics_obtained":["Golden Idol"],"max_hp_gain":0,"max_hp_loss":0,"event_name":"Golden Idol","floor":2,"gold_loss":0},{"damage_healed":0,"gold_gain":0,"player_choice":"Searched \u00271\u0027 times","damage_taken":0,"relics_obtained":["Kunai"],"max_hp_gain":0,"max_hp_loss":0,"event_name":"Dead Adventurer","floor":7,"gold_loss":0},{"damage_healed":0,"gold_gain":0,"player_choice":"Got Potions","damage_taken":0,"max_hp_gain":0,"max_hp_loss":0,"event_name":"Lab","floor":10,"gold_loss":0},{"damage_healed":0,"gold_gain":0,"player_choice":"Fought Mushrooms","damage_taken":0,"max_hp_gain":0,"max_hp_loss":0,"event_name":"Mushrooms","floor":12,"gold_loss":0}],"is_beta":false,"boss_relics":[],"items_purged_floors":[],"is_endless":false,"potions_floor_spawned":[3,4,8,11],"killed_by":"Hexaghost","ascension_level":19}