{"gold_per_floor":[116,116,6,17,27,27,61,61,61,97,97,110,110,133,133,263,263,286,286,34,57,9,44,57,57,57,101,101,120,120,150,150,273,273,293,49,49,49,64,64,79,79,79,79,119,134,167,167,167,167],"floor_reached":50,"playtime":2961,"items_purged":["Recycle"],"score":710,"play_id":"0e6aa561-21db-4e0a-b0cc-810105d8f7ba","local_time":"20190601185445","is_ascension_mode":true,"campfire_choices":[{"data":"Sweeping Beam","floor":6.0,"key":"SMITH"},{"floor":11.0,"key":"REST"},{"data":"Melter","floor":13.0,"key":"SMITH"},{"data":"Conserve Battery","floor":15.0,"key":"SMITH"},{"data":"Hyperbeam","floor":25.0,"key":"SMITH"},{"data":"Defragment","floor":28.0,"key":"SMITH"},{"floor":32.0,"key":"REST"},{"data":"Coolheaded","floor":40.0,"key":"SMITH"},{"data":"Sunder","floor":42.0,"key":"SMITH"},{"floor":44.0,"key":"REST"},{"floor":49,"key":"RECALL"}],"neow_cost":"TEN_PERCENT_HP_LOSS","seed_source_timestamp":1136930640484300,"circlet_count":0,"master_deck":["Defend_B","Defend_B","Defend_B","Zap+1","Dualcast","Melter+1","Sweeping Beam+1","Undo","Conserve Battery+1","Core Surge","Self Repair","Injury","Compile Driver","Cold Snap","Conserve Battery+1","Hyperbeam+1","Buffer+1","Melter+1","Rebound+1","Defragment+1","Coolheaded+1","Go for the Eyes","Sunder+1","White Noise+1","Go for the Eyes","Rip and Tear","Double Energy+1","Beam Cell","Steam+1","Biased Cognition","Hologram+1","Stack+1","Undo+1","Jack Of All Trades+1"],"special_seed":0,"relics":["Cracked Core","Shuriken","Golden Idol","Regal Pillow","Omamori","Astrolabe","Bronze Scales","Potion Belt","Toxic Egg 2","Bag of Preparation","Tiny Chest","Cursed Key","OrangePellets","Juzu Bracelet","War Paint"],"potions_floor_usage":[],"damage_taken":[{"damage":4.0,"enemies":"Small Slimes","floor":1.0,"turns":4.0},{"damage":3.0,"enemies":"2 Louse","floor":4.0,"turns":2.0},{"damage":0.0,"enemies":"Jaw Worm","floor":5.0,"turns":3.0},{"damage":18.0,"enemies":"Lagavulin","floor":7.0,"turns":6.0},{"damage":17.0,"enemies":"3 Sentries","floor":10.0,"turns":6.0},{"damage":1.0,"enemies":"Looter","floor":12.0,"turns":3.0},{"damage":4.0,"enemies":"Exordium Wildlife","floor":14.0,"turns":3.0},{"damage":21.0,"enemies":"Slime Boss","floor":16.0,"turns":13.0},{"damage":0.0,"enemies":"Spheric Guardian","floor":18.0,"turns":2.0},{"damage":7.0,"enemies":"Chosen","floor":21.0,"turns":4.0},{"damage":11.0,"enemies":"Gremlin Leader","floor":23.0,"turns":6.0},{"damage":6.0,"enemies":"Snake Plant","floor":24.0,"turns":4.0},{"damage":14.0,"enemies":"Book of Stabbing","floor":27.0,"turns":5.0},{"damage":0.0,"enemies":"Centurion and Healer","floor":29.0,"turns":3.0},{"damage":19.0,"enemies":"Automaton","floor":33.0,"turns":11.0},{"damage":0.0,"enemies":"Orb Walker","floor":35.0,"turns":3.0},{"damage":2.0,"enemies":"3 Shapes","floor":39.0,"turns":4.0},{"damage":28.0,"enemies":"Jaw Worm Horde","floor":41.0,"turns":3.0},{"damage":44,"enemies":"Giant Head","floor":45,"turns":15},{"damage":0,"enemies":"Transient","floor":46,"turns":5},{"damage":24,"enemies":"Nemesis","floor":47,"turns":9},{"damage":23,"enemies":"Donu and Deca","floor":50,"turns":7}],"seed_played":"4375865337569096520","potions_obtained":[{"floor":4.0,"key":"SpeedPotion"},{"floor":5.0,"key":"FocusPotion"},{"floor":7.0,"key":"AttackPotion"},{"floor":18.0,"key":"SteroidPotion"},{"floor":23.0,"key":"PowerPotion"},{"floor":41.0,"key":"Ancient Potion"},{"floor":45,"key":"Strength Potion"}],"is_trial":false,"path_per_floor":["M","?","$","M","M","R","E","?","T","E","R","M","R","M","R","B",null,"M","?","$","M","$","E","M","R","T","E","R","M","?","?","R","B",null,"M","$","?","$","M","R","M","R","T","R","E","M","E","?","R","B"],"character_chosen":"DEFECT","items_purchased":["Undo","Go for the Eyes","Bronze Scales","Sunder","Go for the Eyes","OrangePellets","Stack+1"],"campfire_rested":3,"item_purchase_floors":[3,20,20,20,22,36,36],"current_hp_per_floor":[64,64,64,61,61,61,43,43,43,33,68,68,68,68,68,54,65,65,65,65,65,65,61,55,55,55,41,41,41,41,41,68,56,65,68,68,68,68,66,66,45,45,45,68,31,38,21,21,21,0],"gold":167,"neow_bonus":"TRANSFORM_TWO_CARDS","is_prod":false,"is_daily":false,"chose_seed":false,"campfire_upgraded":7,"win_rate":0,"timestamp":1559433285,"path_taken":["M","?","$","M","M","R","E","?","T","E","R","?","R","M","R","BOSS","M","?","$","M","$","E","M","R","T","E","R","M","?","?","R","BOSS","M","$","?","$","?","R","M","R","T","R","E","M","E","?","R","BOSS"],"build_version":"2019-01-23","purchased_purges":1,"victory":false,"max_hp_per_floor":[68,68,68,68,68,68,68,68,68,68,68,68,68,68,68,68,68,68,68,68,68,68,68,68,68,68,68,68,68,68,68,68,68,68,68,68,68,68,68,68,68,68,68,68,68,68,68,68,68,68],"card_choices":[{"not_picked":["Redo","Sweeping Beam"],"picked":"Melter","floor":1.0},{"not_picked":["Redo","Chill"],"picked":"Conserve Battery","floor":4.0},{"not_picked":["Turbo","Conserve Battery"],"picked":"Core Surge","floor":5.0},{"not_picked":["Auto Shields","Beam Cell"],"picked":"Self Repair","floor":7.0},{"not_picked":["Tempest","Steam"],"picked":"Compile Driver","floor":10.0},{"not_picked":["Double Energy","Compile Driver"],"picked":"Cold Snap","floor":12.0},{"not_picked":["Storm","Undo"],"picked":"Conserve Battery","floor":14.0},{"not_picked":["Electrodynamics","Biased Cognition"],"picked":"Hyperbeam","floor":16.0},{"not_picked":["Heatsinks+1","Rebound"],"picked":"Defragment","floor":18.0},{"not_picked":["Reinforced Body+1","Compile Driver+1"],"picked":"White Noise+1","floor":21.0},{"not_picked":["Gash","Conserve Battery+1"],"picked":"Rip and Tear","floor":23.0},{"not_picked":["Hologram","Consume"],"picked":"Double Energy+1","floor":24.0},{"not_picked":["Redo+1","Amplify+1"],"picked":"Beam Cell","floor":27.0},{"not_picked":["Fusion+1","Rebound"],"picked":"Steam+1","floor":29.0},{"not_picked":["Electrodynamics","Thunder Strike"],"picked":"Biased Cognition","floor":33.0},{"not_picked":["Hello World+1","Coolheaded+1"],"picked":"Hologram+1","floor":35.0},{"not_picked":["Static Discharge+1","Rip and Tear","Double Energy+1"],"picked":"SKIP","floor":39.0},{"not_picked":["Gash","Sunder","Turbo+1"],"picked":"SKIP","floor":41.0},{"not_picked":["Rebound+1","Scrape+1","Sweeping Beam+1"],"picked":"SKIP","floor":45},{"not_picked":["Auto Shields+1","Rebound","Genetic Algorithm+1"],"picked":"SKIP","floor":46},{"not_picked":["Barrage","Chill+1"],"picked":"Undo+1","floor":47},{"not_picked":["Discovery+1","Dramatic Entrance"],"picked":"Jack Of All Trades+1","floor":48}],"player_experience":255531,"relics_obtained":[{"floor":7.0,"key":"Shuriken"},{"floor":9.0,"key":"Regal Pillow"},{"floor":10.0,"key":"Omamori"},{"floor":23.0,"key":"Potion Belt"},{"floor":26.0,"key":"Toxic Egg 2"},{"floor":27.0,"key":"Bag of Preparation"},{"floor":45,"key":"Juzu Bracelet"},{"floor":47,"key":"War Paint"}],"event_choices":[{"damage_healed":0.0,"max_hp_gain":0.0,"max_hp_loss":0.0,"gold_gain":0.0,"cards_transformed":["Strike_B"],"event_name":"Living Wall","player_choice":"Change","floor":2.0,"gold_loss":0.0,"damage_taken":0.0,"cards_obtained":["Sweeping Beam"]},{"damage_healed":0.0,"max_hp_gain":0.0,"max_hp_loss":0.0,"gold_gain":0.0,"event_name":"Golden Idol","player_choice":"Take Wound","floor":8.0,"gold_loss":0.0,"damage_taken":0.0,"relics_obtained":["Golden Idol"],"cards_obtained":["Injury"]},{"damage_healed":0.0,"max_hp_gain":0.0,"max_hp_loss":0.0,"gold_gain":0.0,"event_name":"The Library","player_choice":"Read","floor":19.0,"gold_loss":0.0,"damage_taken":0.0,"cards_obtained":["Coolheaded"]},{"damage_healed":0.0,"max_hp_gain":0.0,"max_hp_loss":0.0,"gold_gain":0.0,"event_name":"Ghosts","player_choice":"Ignored","floor":30.0,"gold_loss":0.0,"damage_taken":0.0},{"damage_healed":0.0,"max_hp_gain":0.0,"max_hp_loss":0.0,"gold_gain":0.0,"event_name":"Addict","player_choice":"Stole Relic","floor":31.0,"gold_loss":0.0,"damage_taken":0.0,"relics_obtained":["Tiny Chest"],"cards_obtained":["Shame"]},{"damage_healed":0.0,"max_hp_gain":0.0,"max_hp_loss":0.0,"gold_gain":0.0,"event_name":"SecretPortal","player_choice":"Ignored","floor":37.0,"gold_loss":0.0,"damage_taken":0.0},{"damage_healed":0,"gold_gain":0,"player_choice":"Memory 1","damage_taken":0,"max_hp_gain":0,"max_hp_loss":0,"event_name":"SensoryStone","floor":48,"gold_loss":0}],"is_beta":false,"boss_relics":[{"not_picked":["Orrery","Lizard Tail"],"picked":"Astrolabe"},{"not_picked":["Sozu","Fusion Hammer"],"picked":"Cursed Key"}],"items_purged_floors":[3],"is_endless":false,"potions_floor_spawned":[4,5,7,18,21,23,41,45],"killed_by":"Donu and Deca","ascension_level":6}