{"gold_per_floor":[109,121,196,196,196,223,223,235,235,235,235],"floor_reached":11,"playtime":356,"items_purged":[],"score":135,"play_id":"dff82b31-b24e-41db-8a26-45e67ed9158f","local_time":"20190214030903","is_ascension_mode":true,"campfire_choices":[{"floor":7,"key":"REST"},{"data":"Zap","floor":10,"key":"SMITH"}],"neow_cost":"NONE","seed_source_timestamp":0,"circlet_count":0,"master_deck":["AscendersBane","Strike_B","Strike_B+1","Strike_B","Defend_B","Defend_B","Defend_B","Defend_B","Zap+1","Dualcast","Hologram","Conserve Battery+1","Barrage"],"special_seed":0,"relics":["Cracked Core","Pantograph","Calipers"],"potions_floor_usage":[6],"damage_taken":[{"damage":4,"enemies":"2 Louse","floor":1,"turns":2},{"damage":5,"enemies":"Small Slimes","floor":2,"turns":4},{"damage":16,"enemies":"Lagavulin","floor":6,"turns":7},{"damage":2,"enemies":"Jaw Worm","floor":8,"turns":3},{"damage":41,"enemies":"Gremlin Nob","floor":11,"turns":3}],"seed_played":"-3570759801400884892","potions_obtained":[{"floor":2,"key":"PowerPotion"}],"is_trial":false,"path_per_floor":["M","M","?","?","$","E","R","M","T","R","E"],"character_chosen":"DEFECT","items_purchased":[],"campfire_rested":1,"item_purchase_floors":[],"current_hp_per_floor":[60,55,44,23,23,7,28,26,26,26,0],"gold":235,"neow_bonus":"TRANSFORM_CARD","is_prod":false,"is_daily":false,"chose_seed":false,"campfire_upgraded":1,"win_rate":0,"timestamp":1550102943,"path_taken":["M","M","?","?","$","E","R","M","T","R","E"],"build_version":"2019-01-23","purchased_purges":0,"victory":false,"max_hp_per_floor":[71,71,71,71,71,71,71,71,71,71,71],"card_choices":[{"not_picked":["Beam Cell","Sweeping Beam","Coolheaded"],"picked":"SKIP","floor":1},{"not_picked":["Stack","Auto Shields"],"picked":"Conserve Battery","floor":2},{"not_picked":["Melter","Compile Driver","Streamline"],"picked":"SKIP","floor":6},{"not_picked":["Leap","Redo"],"picked":"Barrage","floor":8}],"player_experience":953449,"relics_obtained":[{"floor":6,"key":"Pantograph"},{"floor":9,"key":"Calipers"}],"event_choices":[{"damage_healed":0,"gold_gain":75,"player_choice":"Gather Gold","damage_taken":11,"max_hp_gain":0,"max_hp_loss":0,"event_name":"World of Goop","floor":3,"gold_loss":0},{"damage_healed":0,"gold_gain":0,"player_choice":"Entered Light","damage_taken":21,"max_hp_gain":0,"max_hp_loss":0,"event_name":"Shining Light","floor":4,"gold_loss":0,"cards_upgraded":["Conserve Battery","Strike_B"]}],"is_beta":false,"boss_relics":[],"items_purged_floors":[],"is_endless":false,"potions_floor_spawned":[2],"killed_by":"Gremlin Nob","ascension_level":18}