{"gold_per_floor":[117,136,136,149,78,78,103,103,103,103,113,141,51,70,70,173,173,190,190,207,207,77,109,59,84,84,103,103],"floor_reached":28,"playtime":2494,"items_purged":[],"score":266,"play_id":"a14ce77b-7e3d-4465-8ce0-151e5071cae5","local_time":"20190428211942","is_ascension_mode":false,"campfire_choices":[{"data":"Reboot","floor":6,"key":"SMITH"},{"data":"Sweeping Beam","floor":8,"key":"SMITH"},{"floor":10,"key":"REST"},{"data":"Redo","floor":15,"key":"SMITH"}],"neow_cost":"NONE","seed_source_timestamp":888389720069300,"circlet_count":0,"master_deck":["Strike_B","Strike_B","Strike_B","Strike_B","Defend_B","Defend_B","Defend_B","Defend_B","Zap","Dualcast","Reboot+1","Gash","Static Discharge+1","Melter","Beam Cell","Redo+1","Sweeping Beam+1","Beam Cell+1","Reboot","Gash+1","Ball Lightning+1","Echo Form","Steam","Ball Lightning+1","Biased Cognition","Leap","Lockon+1","Ball Lightning+1"],"relics":["Cracked Core","Art of War","Molten Egg 2","Incense Burner","Black Star","Enchiridion","Pantograph","Regal Pillow","The Courier","Pen Nib","Bottled Tornado"],"potions_floor_usage":[12,23,25,25,27,27],"damage_taken":[{"damage":1,"enemies":"2 Louse","floor":1,"turns":4},{"damage":1,"enemies":"Cultist","floor":2,"turns":3},{"damage":6,"enemies":"Jaw Worm","floor":4,"turns":2},{"damage":21,"enemies":"3 Sentries","floor":7,"turns":5},{"damage":0,"enemies":"2 Fungi Beasts","floor":11,"turns":2},{"damage":13,"enemies":"Lagavulin","floor":12,"turns":3},{"damage":0,"enemies":"Exordium Wildlife","floor":14,"turns":2},{"damage":6,"enemies":"Slime Boss","floor":16,"turns":5},{"damage":15,"enemies":"2 Thieves","floor":18,"turns":2},{"damage":8,"enemies":"Shell Parasite","floor":20,"turns":4},{"damage":33,"enemies":"Book of Stabbing","floor":23,"turns":5},{"damage":8,"enemies":"Gremlin Leader","floor":25,"turns":4},{"damage":5,"enemies":"Snecko","floor":27,"turns":5},{"damage":4,"enemies":"Slavers","floor":28,"turns":1}],"seed_played":"8625989264163835499","potions_obtained":[{"floor":7,"key":"SpeedPotion"},{"floor":11,"key":"AttackPotion"},{"floor":12,"key":"Dexterity Potion"},{"floor":20,"key":"Regen Potion"},{"floor":25,"key":"SteroidPotion"}],"is_trial":false,"path_per_floor":["M","M","?","M","$","R","E","R","T","R","M","E","$","M","R","B",null,"M","?","M","?","$","E","$","E","T","M","E"],"character_chosen":"DEFECT","items_purchased":["Beam Cell","Redo","Gash+1","Ball Lightning+1","Biased Cognition","Leap","Fire Potion"],"campfire_rested":1,"item_purchase_floors":[5,5,13,13,22,22,24],"current_hp_per_floor":[74,73,73,67,67,67,46,46,46,68,68,55,55,55,55,49,75,60,44,36,36,36,17,17,9,9,4,0],"gold":103,"neow_bonus":"ONE_RANDOM_RARE_CARD","is_prod":false,"is_daily":false,"chose_seed":false,"campfire_upgraded":3,"win_rate":0.0,"timestamp":1556504382,"path_taken":["M","M","?","?","$","R","E","R","T","R","M","E","?","M","R","BOSS","M","?","M","?","?","E","$","E","T","M","E"],"build_version":"2019-01-23","purchased_purges":0,"victory":false,"max_hp_per_floor":[75,75,75,75,75,75,75,75,75,75,75,75,75,75,75,75,75,75,75,75,75,75,75,75,75,75,75,75],"card_choices":[{"not_picked":["Ball Lightning","Beam Cell"],"picked":"Gash","floor":1},{"not_picked":["Cold Snap","Double Energy"],"picked":"Static Discharge","floor":2},{"not_picked":["Heatsinks","Rebound"],"picked":"Melter","floor":4},{"not_picked":["All For One","Melter"],"picked":"Sweeping Beam","floor":7},{"not_picked":["Leap","Stack"],"picked":"Beam Cell+1","floor":11},{"not_picked":["Cold Snap+1","Hologram"],"picked":"Reboot","floor":12},{"not_picked":["Cold Snap+1","Streamline+1","Chaos"],"picked":"SKIP","floor":14},{"not_picked":["Fission","All For One+1"],"picked":"Echo Form","floor":16},{"not_picked":["BootSequence","White Noise+1"],"picked":"Steam","floor":18},{"not_picked":["Go for the Eyes+1","Blizzard+1"],"picked":"Ball Lightning+1","floor":20},{"not_picked":["Coolheaded","Chaos"],"picked":"Lockon+1","floor":23},{"not_picked":["Hologram","Genetic Algorithm"],"picked":"Ball Lightning+1","floor":25},{"not_picked":["Undo","Genetic Algorithm","Steam Power"],"picked":"SKIP","floor":27}],"player_experience":44246,"relics_obtained":[{"floor":7,"key":"Art of War"},{"floor":9,"key":"Molten Egg 2"},{"floor":12,"key":"Incense Burner"},{"floor":19,"key":"Enchiridion"},{"floor":23,"key":"Pantograph"},{"floor":23,"key":"Regal Pillow"},{"floor":25,"key":"The Courier"},{"floor":25,"key":"Pen Nib"},{"floor":26,"key":"Bottled Tornado"}],"event_choices":[{"damage_healed":0,"gold_gain":0,"player_choice":"Forge","damage_taken":0,"max_hp_gain":0,"max_hp_loss":0,"event_name":"Accursed Blacksmith","floor":3,"gold_loss":0,"cards_upgraded":["Static Discharge"]},{"damage_healed":0,"gold_gain":0,"player_choice":"Obtained Book","damage_taken":16,"max_hp_gain":0,"max_hp_loss":0,"event_name":"Cursed Tome","floor":19,"gold_loss":0},{"damage_healed":0,"gold_gain":0,"player_choice":"Ignored","damage_taken":0,"max_hp_gain":0,"max_hp_loss":0,"event_name":"Vampires","floor":21,"gold_loss":0}],"is_beta":false,"boss_relics":[{"not_picked":["Ectoplasm","White Beast Statue"],"picked":"Black Star"}],"items_purged_floors":[],"is_endless":false,"potions_floor_spawned":[7,11,12,20,25],"killed_by":"Slavers","ascension_level":0}