{"gold_per_floor":[115,185,196,208,219,245,259,284,284,249,249,211,241,260,260,358,358,370,88,88,88,88],"floor_reached":22,"playtime":706,"items_purged":[],"score":286,"play_id":"af0cc917-7fdb-46b6-9c8c-451f66d4d1cb","local_time":"20190407204036","is_ascension_mode":true,"campfire_choices":[{"floor":15,"key":"REST"}],"neow_cost":"NONE","seed_source_timestamp":263920683323716,"circlet_count":0,"master_deck":["Defend_G","Defend_G","Defend_G","Defend_G","Defend_G","Strike_G","Strike_G","Strike_G","Strike_G","Strike_G","Survivor","Neutralize","Tools of the Trade","Backstab","Terror","Dagger Spray","Sucker Punch","Acrobatics","Dodge and Roll","Die Die Die","Caltrops","Prepared","Escape Plan","Corpse Explosion","PiercingWail","Leg Sweep","Expertise","Endless Agony","Crippling Poison","Poisoned Stab+1","Setup"],"relics":["Ring of the Snake","Pen Nib","Anchor","Oddly Smooth Stone","Matryoshka","Ancient Tea Set","Orrery","Pantograph","Nilry\u0027s Codex"],"potions_floor_usage":[8],"damage_taken":[{"damage":0,"enemies":"Jaw Worm","floor":1,"turns":5},{"damage":0,"enemies":"2 Louse","floor":3,"turns":2},{"damage":0,"enemies":"Small Slimes","floor":4,"turns":3},{"damage":4,"enemies":"Blue Slaver","floor":5,"turns":4},{"damage":18,"enemies":"Gremlin Nob","floor":6,"turns":4},{"damage":14,"enemies":"Lots of Slimes","floor":7,"turns":4},{"damage":7,"enemies":"Lagavulin","floor":8,"turns":6},{"damage":26,"enemies":"Gremlin Nob","floor":13,"turns":4},{"damage":0,"enemies":"2 Fungi Beasts","floor":14,"turns":2},{"damage":24,"enemies":"Hexaghost","floor":16,"turns":12},{"damage":9,"enemies":"Chosen","floor":18,"turns":6},{"damage":30,"enemies":"Spheric Guardian","floor":22,"turns":5}],"seed_played":"3087176520296150602","potions_obtained":[{"floor":1,"key":"LiquidBronze"},{"floor":5,"key":"Strength Potion"},{"floor":6,"key":"FearPotion"},{"floor":13,"key":"Poison Potion"}],"is_trial":false,"path_per_floor":["M","?","M","M","M","E","M","E","T","?","T","$","E","M","R","B",null,"M","$","?","?","M"],"character_chosen":"THE_SILENT","items_purchased":["Caltrops","Pantograph","Setup"],"campfire_rested":1,"item_purchase_floors":[12,19,19],"current_hp_per_floor":[63,63,63,63,59,41,27,20,20,37,37,37,11,11,32,8,55,46,46,46,30,0],"gold":88,"neow_bonus":"ONE_RANDOM_RARE_CARD","is_prod":false,"is_daily":false,"chose_seed":false,"campfire_upgraded":0,"win_rate":0,"timestamp":1554687636,"path_taken":["M","?","M","M","M","E","M","E","T","?","?","?","E","M","R","BOSS","M","$","?","?","M"],"build_version":"2019-01-23","purchased_purges":0,"victory":false,"max_hp_per_floor":[70,70,70,70,70,70,70,70,70,70,70,70,70,70,70,70,70,70,70,70,70,70],"card_choices":[{"not_picked":["Calculated Gamble","Blade Dance"],"picked":"Backstab","floor":1},{"not_picked":["Masterful Stab","Quick Slash"],"picked":"Terror","floor":3},{"not_picked":["Bane","Setup"],"picked":"Dagger Spray","floor":4},{"not_picked":["Finisher","Acrobatics"],"picked":"Sucker Punch","floor":5},{"not_picked":["Envenom","Quick Slash"],"picked":"Acrobatics","floor":6},{"not_picked":["Quick Slash","Acrobatics"],"picked":"Dodge and Roll","floor":7},{"not_picked":["Setup","Infinite Blades"],"picked":"Die Die Die","floor":8},{"not_picked":["Calculated Gamble","Sucker Punch"],"picked":"Prepared","floor":13},{"not_picked":["Sucker Punch","Bane"],"picked":"Escape Plan","floor":14},{"not_picked":["Phantasmal Killer","A Thousand Cuts"],"picked":"Corpse Explosion","floor":16},{"not_picked":["Dodge and Roll","Outmaneuver"],"picked":"PiercingWail","floor":17},{"not_picked":["Deadly Poison","Accuracy"],"picked":"Leg Sweep","floor":17},{"not_picked":["Underhanded Strike","Flechettes"],"picked":"Expertise","floor":17},{"not_picked":["Dagger Spray","A Thousand Cuts"],"picked":"Endless Agony","floor":17},{"not_picked":["Eviscerate","Blade Dance"],"picked":"Crippling Poison","floor":17},{"not_picked":["PiercingWail","Slice"],"picked":"Poisoned Stab+1","floor":18}],"player_experience":403756,"relics_obtained":[{"floor":6,"key":"Pen Nib"},{"floor":8,"key":"Anchor"},{"floor":9,"key":"Oddly Smooth Stone"},{"floor":11,"key":"Matryoshka"},{"floor":13,"key":"Ancient Tea Set"},{"floor":21,"key":"Nilry\u0027s Codex"}],"event_choices":[{"damage_healed":0,"gold_gain":70,"player_choice":"Gained Gold","damage_taken":0,"max_hp_gain":0,"max_hp_loss":0,"event_name":"Golden Wing","floor":2,"gold_loss":0},{"damage_healed":17,"gold_gain":0,"player_choice":"Healed","damage_taken":0,"max_hp_gain":0,"max_hp_loss":0,"event_name":"The Cleric","floor":10,"gold_loss":35},{"damage_healed":0,"gold_gain":0,"player_choice":"Ignored","damage_taken":0,"max_hp_gain":0,"max_hp_loss":0,"event_name":"Ghosts","floor":20,"gold_loss":0},{"damage_healed":0,"gold_gain":0,"player_choice":"Obtained Book","damage_taken":16,"max_hp_gain":0,"max_hp_loss":0,"event_name":"Cursed Tome","floor":21,"gold_loss":0}],"is_beta":false,"boss_relics":[{"not_picked":["Snecko Eye","Empty Cage"],"picked":"Orrery"}],"items_purged_floors":[],"is_endless":false,"potions_floor_spawned":[1,5,6,13],"killed_by":"Spheric Guardian","ascension_level":8}