{"gold_per_floor":[166,166,179,179,179,179,190,218,218,218,236,236,261,279,279,279],"floor_reached":16,"playtime":627,"items_purged":[],"score":220,"play_id":"3725ec95-b001-4a9b-991d-859ba934b4a1","local_time":"20190523202505","is_ascension_mode":true,"campfire_choices":[{"floor":6,"key":"REST"},{"floor":10,"key":"REST"},{"floor":12,"key":"REST"},{"floor":15,"key":"REST"}],"neow_cost":"NONE","seed_source_timestamp":75271868354537,"circlet_count":0,"master_deck":["AscendersBane","Strike_B","Strike_B","Strike_B","Strike_B","Defend_B","Defend_B","Defend_B","Defend_B","Zap+1","Dualcast+1","All For One+1","White Noise+1","Hologram","Loop","Beam Cell","Capacitor","Beam Cell"],"relics":["Tiny House","Ginger","Shovel","Blood Vial"],"potions_floor_usage":[11,14],"damage_taken":[{"damage":5,"enemies":"2 Louse","floor":1,"turns":2},{"damage":2,"enemies":"Jaw Worm","floor":3,"turns":3},{"damage":11,"enemies":"Cultist","floor":7,"turns":4},{"damage":32,"enemies":"3 Sentries","floor":8,"turns":6},{"damage":10,"enemies":"3 Louse","floor":11,"turns":4},{"damage":32,"enemies":"Lagavulin","floor":13,"turns":5},{"damage":8,"enemies":"Blue Slaver","floor":14,"turns":2},{"damage":57,"enemies":"The Guardian","floor":16,"turns":6}],"seed_played":"1376184455368521114","potions_obtained":[{"floor":0,"key":"AttackPotion"},{"floor":1,"key":"FairyPotion"},{"floor":8,"key":"Regen Potion"},{"floor":13,"key":"AttackPotion"}],"is_trial":false,"path_per_floor":["M","?","M","?","$","R","M","E","T","R","M","R","E","M","R","B"],"character_chosen":"DEFECT","items_purchased":[],"campfire_rested":4,"item_purchase_floors":[],"current_hp_per_floor":[64,64,62,39,39,61,50,18,18,40,39,61,29,23,45,0],"gold":279,"neow_bonus":"BOSS_RELIC","is_prod":false,"is_daily":false,"chose_seed":false,"campfire_upgraded":0,"win_rate":0,"timestamp":1558632305,"path_taken":["M","?","M","?","?","R","M","E","T","R","?","R","E","M","R","BOSS"],"build_version":"2019-01-23","purchased_purges":0,"victory":false,"max_hp_per_floor":[76,76,76,76,76,76,76,76,76,76,76,76,76,76,76,76],"card_choices":[{"not_picked":["Conserve Battery","Beam Cell"],"picked":"All For One","floor":1},{"not_picked":["Genetic Algorithm","Skim"],"picked":"White Noise","floor":3},{"not_picked":["Conserve Battery","Cold Snap"],"picked":"Hologram","floor":7},{"not_picked":["Doom and Gloom","Genetic Algorithm"],"picked":"Loop","floor":8},{"not_picked":["Redo","Compile Driver"],"picked":"Beam Cell","floor":11},{"not_picked":["Rainbow","Tempest"],"picked":"Capacitor","floor":13},{"not_picked":["Turbo","Compile Driver"],"picked":"Beam Cell","floor":14}],"player_experience":1127038,"relics_obtained":[{"floor":8,"key":"Ginger"},{"floor":9,"key":"Shovel"},{"floor":13,"key":"Blood Vial"}],"event_choices":[{"damage_healed":0,"gold_gain":0,"player_choice":"Grow","damage_taken":0,"max_hp_gain":0,"max_hp_loss":0,"event_name":"Living Wall","floor":2,"gold_loss":0,"cards_upgraded":["Dualcast"]},{"damage_healed":0,"gold_gain":0,"player_choice":"Entered Light","damage_taken":23,"max_hp_gain":0,"max_hp_loss":0,"event_name":"Shining Light","floor":4,"gold_loss":0,"cards_upgraded":["White Noise","All For One"]}],"is_beta":false,"boss_relics":[],"items_purged_floors":[],"is_endless":false,"potions_floor_spawned":[1,3,8,13],"killed_by":"The Guardian","ascension_level":20}