{"gold_per_floor":[111,123,32,45,55,81,81,81],"floor_reached":8,"playtime":472,"items_purged":[],"score":67,"play_id":"348a4553-bd67-401a-963c-3926881c72f2","local_time":"20190512225545","is_ascension_mode":true,"campfire_choices":[],"neow_cost":"NONE","seed_source_timestamp":188338188551700,"circlet_count":0,"master_deck":["Defend_G","Defend_G","Defend_G","Defend_G","Defend_G","Strike_G","Strike_G","Strike_G","Strike_G","Strike_G","Survivor+1","Neutralize","Bouncing Flask","Footwork","Deadly Poison","Caltrops","Flechettes","Backflip","Crippling Poison","Injury"],"relics":["Ring of the Snake","Dodecahedron","Golden Idol"],"potions_floor_usage":[6,8],"damage_taken":[{"damage":0,"enemies":"2 Louse","floor":1,"turns":5},{"damage":0,"enemies":"Cultist","floor":2,"turns":3},{"damage":9,"enemies":"Jaw Worm","floor":4,"turns":3},{"damage":15,"enemies":"Gremlin Gang","floor":5,"turns":5},{"damage":25,"enemies":"Gremlin Nob","floor":6,"turns":5},{"damage":31,"enemies":"Lagavulin","floor":8,"turns":5}],"seed_played":"-1234183462392116192","potions_obtained":[{"floor":4,"key":"Dexterity Potion"},{"floor":5,"key":"GamblersBrew"}],"is_trial":false,"path_per_floor":["M","M","$","M","M","E","?","E"],"character_chosen":"THE_SILENT","items_purchased":["Deadly Poison","Caltrops"],"campfire_rested":0,"item_purchase_floors":[3,3],"current_hp_per_floor":[70,70,70,61,46,21,21,0],"gold":81,"neow_bonus":"UPGRADE_CARD","is_prod":false,"is_daily":false,"chose_seed":false,"campfire_upgraded":0,"win_rate":0,"timestamp":1557719745,"path_taken":["M","M","$","M","M","E","?","E"],"build_version":"2019-01-23","purchased_purges":0,"victory":false,"max_hp_per_floor":[70,70,70,70,70,70,70,70],"card_choices":[{"not_picked":["PiercingWail","Sucker Punch"],"picked":"Bouncing Flask","floor":1},{"not_picked":["Backflip","Caltrops"],"picked":"Footwork","floor":2},{"not_picked":["Acrobatics","Quick Slash"],"picked":"Flechettes","floor":4},{"not_picked":["Blade Dance","Outmaneuver"],"picked":"Backflip","floor":5},{"not_picked":["Noxious Fumes","Accuracy"],"picked":"Crippling Poison","floor":6}],"player_experience":169771,"relics_obtained":[{"floor":6,"key":"Dodecahedron"}],"event_choices":[{"damage_healed":0,"gold_gain":0,"player_choice":"Take Wound","damage_taken":0,"relics_obtained":["Golden Idol"],"max_hp_gain":0,"max_hp_loss":0,"event_name":"Golden Idol","floor":7,"gold_loss":0,"cards_obtained":["Injury"]}],"is_beta":false,"boss_relics":[],"items_purged_floors":[],"is_endless":false,"potions_floor_spawned":[4,5],"killed_by":"Lagavulin","ascension_level":3}