{"gold_per_floor":[112,127,80,80,80,108,126,126,151,181,181,191,224,224,224,328,328,338,372,386,386,106,106,117,149,197,197,210,0,34,44,44,143,143,161,181,181,49,49,77,77,107,184,204,215,234,234,253,253,253],"floor_reached":51,"playtime":2900,"items_purged":[],"score":740,"play_id":"290a4981-188f-4ad3-a9d8-8c1ff4d09e4b","local_time":"20190429134058","is_ascension_mode":false,"campfire_choices":[{"data":"Zap","floor":8,"key":"SMITH"},{"floor":15,"key":"REST"},{"data":"Hologram","floor":23,"key":"SMITH"},{"data":"Double Energy","floor":27,"key":"SMITH"},{"floor":32,"key":"REST"},{"data":"Electrodynamics","floor":41,"key":"SMITH"},{"floor":47,"key":"REST"},{"floor":49,"key":"REST"}],"neow_cost":"NONE","seed_source_timestamp":946850229219900,"circlet_count":0,"master_deck":["Strike_B+1","Strike_B+1","Strike_B+1","Defend_B+1","Defend_B+1","Defend_B+1","Defend_B+1","Zap+1","Dualcast","Recycle","Skim","Hologram+1","FTL+1","Sweeping Beam+1","Sweeping Beam+1","Gash+1","Leap","Thunder Strike+1","Stack","Skim","Dramatic Entrance+1","Streamline+1","Lockon+1","Defragment","Barrage+1","Seek","Redo+1","Barrage+1","Sunder+1","Electrodynamics+1","Gash+1","Ball Lightning+1","Defragment","Turbo"],"relics":["Cracked Core","Regal Pillow","Molten Egg 2","Bronze Scales","Oddly Smooth Stone","Boot","Ancient Tea Set","Nuclear Battery","Red Mask","PreservedInsect","Juzu Bracelet","Potion Belt","Runic Capacitor","Orichalcum","Runic Pyramid","Shuriken","Dodecahedron","Bottled Lightning"],"potions_floor_usage":[6,13,20,28,33,33,36,50],"damage_taken":[{"damage":0,"enemies":"Cultist","floor":1,"turns":3},{"damage":5,"enemies":"Small Slimes","floor":2,"turns":3},{"damage":32,"enemies":"Gremlin Nob","floor":6,"turns":4},{"damage":2,"enemies":"2 Louse","floor":7,"turns":2},{"damage":19,"enemies":"3 Sentries","floor":10,"turns":5},{"damage":4,"enemies":"Looter","floor":12,"turns":2},{"damage":10,"enemies":"Gremlin Nob","floor":13,"turns":3},{"damage":20,"enemies":"Hexaghost","floor":16,"turns":9},{"damage":0,"enemies":"3 Byrds","floor":18,"turns":2},{"damage":6,"enemies":"Masked Bandits","floor":19,"turns":4},{"damage":0,"enemies":"Spheric Guardian","floor":20,"turns":3},{"damage":15,"enemies":"Snake Plant","floor":24,"turns":4},{"damage":9,"enemies":"Gremlin Leader","floor":25,"turns":2},{"damage":0,"enemies":"Sentry and Sphere","floor":28,"turns":3},{"damage":4,"enemies":"Slavers","floor":30,"turns":3},{"damage":14,"enemies":"Shelled Parasite and Fungi","floor":31,"turns":4},{"damage":23,"enemies":"Automaton","floor":33,"turns":8},{"damage":30,"enemies":"3 Darklings","floor":35,"turns":5},{"damage":4,"enemies":"Orb Walker","floor":36,"turns":3},{"damage":10,"enemies":"Giant Head","floor":40,"turns":7},{"damage":39,"enemies":"Nemesis","floor":42,"turns":3},{"damage":0,"enemies":"Sphere and 2 Shapes","floor":44,"turns":2},{"damage":4,"enemies":"Jaw Worm Horde","floor":45,"turns":2},{"damage":16,"enemies":"4 Shapes","floor":46,"turns":3},{"damage":25,"enemies":"Maw","floor":48,"turns":4},{"damage":44,"enemies":"Donu and Deca","floor":50,"turns":6}],"seed_played":"-8603702034008146136","potions_obtained":[{"floor":2,"key":"Explosive Potion"},{"floor":7,"key":"LiquidBronze"},{"floor":12,"key":"GamblersBrew"},{"floor":18,"key":"GamblersBrew"},{"floor":20,"key":"EssenceOfSteel"},{"floor":24,"key":"Swift Potion"},{"floor":25,"key":"SpeedPotion"},{"floor":35,"key":"SkillPotion"},{"floor":48,"key":"Dexterity Potion"}],"is_trial":false,"path_per_floor":["M","M","$","T","?","E","M","R","T","E","?","M","E","?","R","B",null,"M","?","M","?","$","R","M","E","T","R","M","$","E","M","R","B",null,"M","M","?","$","?","E","R","E","T","M","M","M","R","M","R","B",null],"character_chosen":"DEFECT","items_purchased":["Hologram","Skim","Dramatic Entrance+1","PreservedInsect","Runic Capacitor","Barrage+1","Sunder+1"],"campfire_rested":4,"item_purchase_floors":[3,22,22,22,29,38,38],"current_hp_per_floor":[82,77,77,77,70,38,36,36,36,17,17,13,3,3,42,22,82,82,76,76,76,76,76,61,52,52,52,52,52,48,34,73,50,82,52,48,82,82,78,68,68,29,29,29,25,9,47,22,60,16],"gold":253,"neow_bonus":"TEN_PERCENT_HP_BONUS","is_prod":false,"is_daily":false,"chose_seed":false,"campfire_upgraded":4,"win_rate":0.0,"timestamp":1556563258,"path_taken":["M","M","$","?","?","E","M","R","T","E","?","?","E","?","R","BOSS","M","?","M","?","?","R","M","E","T","R","M","$","E","M","R","BOSS","M","M","?","$","?","E","R","E","T","M","M","M","R","M","R","BOSS"],"build_version":"2019-01-23","purchased_purges":0,"victory":true,"max_hp_per_floor":[82,82,82,82,82,82,82,82,82,82,82,82,82,82,82,82,82,82,82,82,82,82,82,82,82,82,82,82,82,82,82,82,82,82,82,82,82,82,78,78,78,78,78,78,78,78,78,78,78,78],"card_choices":[{"not_picked":["Coolheaded","Self Repair"],"picked":"Recycle","floor":1},{"not_picked":["Ball Lightning","Redo"],"picked":"Skim","floor":2},{"not_picked":["Ball Lightning","Undo"],"picked":"FTL","floor":6},{"not_picked":["Cold Snap+1","Gash+1"],"picked":"Sweeping Beam+1","floor":7},{"not_picked":["Steam Power","Compile Driver+1"],"picked":"Sweeping Beam+1","floor":10},{"not_picked":["Rebound+1","Consume"],"picked":"Gash+1","floor":12},{"not_picked":["Melter+1","Skim"],"picked":"Leap","floor":13},{"not_picked":["Fission","Multi-Cast"],"picked":"Thunder Strike+1","floor":16},{"not_picked":["Compile Driver+1","Cold Snap+1","Heatsinks"],"picked":"SKIP","floor":18},{"not_picked":["Double Energy","Sweeping Beam+1"],"picked":"Stack","floor":19},{"not_picked":["Lockon+1","Undo","Chill+1"],"picked":"SKIP","floor":20},{"not_picked":["Doom and Gloom+1","Leap+1"],"picked":"Streamline+1","floor":24},{"not_picked":["Thunder Strike+1","Conserve Battery"],"picked":"Double Energy","floor":25},{"not_picked":["Fusion","Cold Snap+1"],"picked":"Lockon+1","floor":28},{"not_picked":["White Noise","Chill"],"picked":"Defragment","floor":30},{"not_picked":["Loop","Melter+1"],"picked":"Barrage+1","floor":31},{"not_picked":["Core Surge+1","Creative AI"],"picked":"Seek","floor":33},{"not_picked":["Steam Power+1","Steam","Coolheaded+1"],"picked":"SKIP","floor":35},{"not_picked":["White Noise+1","Undo+1"],"picked":"Redo+1","floor":36},{"not_picked":["Streamline+1","Fusion"],"picked":"Electrodynamics","floor":40},{"not_picked":["Conserve Battery","White Noise+1"],"picked":"Gash+1","floor":42},{"not_picked":["Self Repair+1","Heatsinks"],"picked":"Ball Lightning+1","floor":44},{"not_picked":["Rebound+1","Coolheaded","Cold Snap+1"],"picked":"SKIP","floor":45},{"not_picked":["Skim","Rebound+1"],"picked":"Defragment","floor":46},{"not_picked":["Sunder+1","Doom and Gloom+1"],"picked":"Turbo","floor":48}],"player_experience":57092,"relics_obtained":[{"floor":4,"key":"Regal Pillow"},{"floor":6,"key":"Molten Egg 2"},{"floor":9,"key":"Bronze Scales"},{"floor":10,"key":"Oddly Smooth Stone"},{"floor":13,"key":"Ancient Tea Set"},{"floor":19,"key":"Red Mask"},{"floor":25,"key":"Juzu Bracelet"},{"floor":26,"key":"Potion Belt"},{"floor":30,"key":"Orichalcum"},{"floor":40,"key":"Shuriken"},{"floor":42,"key":"Dodecahedron"},{"floor":43,"key":"Bottled Lightning"}],"event_choices":[{"cards_removed":["Strike_B"],"damage_healed":0,"gold_gain":0,"player_choice":"Card Removal","damage_taken":7,"max_hp_gain":0,"max_hp_loss":0,"event_name":"Golden Wing","floor":5,"gold_loss":0},{"damage_healed":0,"gold_gain":0,"player_choice":"Gave Potion","damage_taken":0,"relics_obtained":["Boot"],"max_hp_gain":0,"max_hp_loss":0,"event_name":"WeMeetAgain","floor":11,"gold_loss":0},{"damage_healed":0,"gold_gain":0,"player_choice":"Ignored","damage_taken":0,"max_hp_gain":0,"max_hp_loss":0,"event_name":"Shining Light","floor":14,"gold_loss":0},{"damage_healed":0,"gold_gain":0,"player_choice":"Fought Bandits","damage_taken":0,"max_hp_gain":0,"max_hp_loss":0,"event_name":"Masked Bandits","floor":19,"gold_loss":0},{"damage_healed":0,"gold_gain":0,"player_choice":"Simplicity","damage_taken":0,"max_hp_gain":0,"max_hp_loss":0,"event_name":"Back to Basics","floor":21,"gold_loss":0,"cards_upgraded":["Strike_B","Strike_B","Strike_B","Defend_B","Defend_B","Defend_B","Defend_B"]},{"cards_removed":["Double Energy"],"damage_healed":34,"gold_gain":0,"player_choice":"Offered Uncommon","damage_taken":0,"max_hp_gain":0,"max_hp_loss":0,"event_name":"Bonfire Elementals","floor":37,"gold_loss":0},{"damage_healed":0,"gold_gain":0,"player_choice":"Max HP","damage_taken":0,"max_hp_gain":0,"max_hp_loss":4,"event_name":"Winding Halls","floor":39,"gold_loss":0}],"is_beta":false,"boss_relics":[{"not_picked":["FrozenCore","Snecko Eye"],"picked":"Nuclear Battery"},{"not_picked":["Cursed Key","White Beast Statue"],"picked":"Runic Pyramid"}],"items_purged_floors":[],"is_endless":false,"potions_floor_spawned":[2,7,12,18,20,24,25,35,48],"ascension_level":0}