{"gold_per_floor":[118,136,136,136,147,147,158,173,173,200,200,213,213,225,225,324,324,340,340,46,66,66,66,97,107,107,107,120,45,45,63,63,165,165,183,183,194,294,369,369,398,417,493,593,628,628,640,650,650,650],"floor_reached":50,"playtime":6667,"items_purged":["Defend_G"],"score":653,"play_id":"f061ee64-bdc6-424f-b10c-77afb02017cd","local_time":"20190524204310","is_ascension_mode":true,"campfire_choices":[{"data":"Deadly Poison","floor":6.0,"key":"SMITH"},{"floor":15.0,"key":"REST"},{"floor":23.0,"key":"REST"},{"floor":27.0,"key":"REST"},{"data":"Storm of Steel","floor":30.0,"key":"SMITH"},{"data":"Adrenaline","floor":32.0,"key":"SMITH"},{"data":"1","floor":40.0,"key":"LIFT"},{"floor":46.0,"key":"REST"},{"floor":49.0,"key":"RECALL"}],"neow_cost":"NONE","seed_source_timestamp":447510907271300,"circlet_count":0,"master_deck":["Defend_G","Defend_G","Survivor+1","Neutralize","Dodge and Roll","Deadly Poison+1","Blade Dance","Dodge and Roll","Quick Slash+1","Endless Agony","Well Laid Plans","PiercingWail","Storm of Steel+1","Catalyst","Noxious Fumes","Backflip","Cloak And Dagger","Bite","Bite","Bite","Bite","Bite","Adrenaline+1","Prepared+1","PiercingWail","Malaise","Backstab+1","Quick Slash+1","Dash","Cloak And Dagger+1","Backflip+1"],"special_seed":0,"relics":["Ring of the Snake","Anchor","Pantograph","Pear","WristBlade","TwistedFunnel","Vajra","Happy Flower","Empty Cage","Girya","Calipers","Bag of Preparation"],"potions_floor_usage":[],"damage_taken":[{"damage":0.0,"enemies":"Small Slimes","floor":1.0,"turns":4.0},{"damage":0.0,"enemies":"Cultist","floor":2.0,"turns":5.0},{"damage":0.0,"enemies":"2 Louse","floor":5.0,"turns":4.0},{"damage":14.0,"enemies":"Large Slime","floor":7.0,"turns":6.0},{"damage":0.0,"enemies":"Exordium Wildlife","floor":8.0,"turns":4.0},{"damage":38.0,"enemies":"Lagavulin","floor":10.0,"turns":8.0},{"damage":2.0,"enemies":"Lots of Slimes","floor":12.0,"turns":5.0},{"damage":0.0,"enemies":"2 Fungi Beasts","floor":14.0,"turns":2.0},{"damage":23.0,"enemies":"The Guardian","floor":16.0,"turns":13.0},{"damage":28.0,"enemies":"3 Byrds","floor":18.0,"turns":5.0},{"damage":13.0,"enemies":"2 Thieves","floor":21.0,"turns":3.0},{"damage":28.0,"enemies":"Slavers","floor":24.0,"turns":7.0},{"damage":14.0,"enemies":"Snake Plant","floor":25.0,"turns":3.0},{"damage":0.0,"enemies":"Snecko","floor":28.0,"turns":3.0},{"damage":1.0,"enemies":"Centurion and Healer","floor":31.0,"turns":4.0},{"damage":71.0,"enemies":"Automaton","floor":33.0,"turns":12.0},{"damage":22.0,"enemies":"3 Darklings","floor":35.0,"turns":6.0},{"damage":0.0,"enemies":"Orb Walker","floor":37.0,"turns":2.0},{"damage":2.0,"enemies":"Mind Bloom Boss Battle","floor":38.0,"turns":6.0},{"damage":14.0,"enemies":"Nemesis","floor":41.0,"turns":5.0},{"damage":3.0,"enemies":"Sphere and 2 Shapes","floor":42.0,"turns":5.0},{"damage":84.0,"enemies":"Giant Head","floor":45.0,"turns":9.0},{"damage":12.0,"enemies":"Writhing Mass","floor":47.0,"turns":6.0},{"damage":0.0,"enemies":"Jaw Worm Horde","floor":48.0,"turns":4.0},{"damage":77,"enemies":"Awakened One","floor":50,"turns":12}],"seed_played":"3061981464035515110","potions_obtained":[{"floor":1.0,"key":"Fire Potion"},{"floor":8.0,"key":"PowerPotion"},{"floor":12.0,"key":"Poison Potion"},{"floor":14.0,"key":"SteroidPotion"},{"floor":28.0,"key":"Ancient Potion"},{"floor":31.0,"key":"Block Potion"},{"floor":36.0,"key":"FairyPotion"},{"floor":37.0,"key":"LiquidBronze"}],"is_trial":false,"path_per_floor":["M","M","?","?","M","R","M","M","T","E","?","M","?","M","R","B",null,"M","?","$","M","?","R","E","M","T","R","M","$","R","M","R","B",null,"M","?","M","?","?","R","E","M","T","?","E","R","M","M","R","B"],"character_chosen":"THE_SILENT","items_purchased":["Noxious Fumes","Backflip","TwistedFunnel"],"campfire_rested":4,"item_purchase_floors":[20,20,20],"current_hp_per_floor":[70,70,75,75,75,75,61,61,61,33,16,14,14,14,39,41,85,57,41,41,28,28,46,32,26,26,44,50,50,50,59,59,8,63,47,47,49,63,57,57,47,52,52,52,8,26,16,16,16,0],"gold":650,"neow_bonus":"RANDOM_COMMON_RELIC","is_prod":false,"is_daily":false,"chose_seed":false,"campfire_upgraded":3,"win_rate":0,"timestamp":1558748590,"path_taken":["M","M","?","?","?","R","M","M","T","E","?","M","?","M","R","BOSS","M","?","$","M","?","R","E","M","T","R","M","?","R","M","R","BOSS","M","?","?","?","?","R","E","?","T","?","E","R","?","M","R","BOSS"],"build_version":"2019-01-23","purchased_purges":1,"victory":false,"max_hp_per_floor":[70,70,75,75,75,75,75,75,75,85,85,85,85,85,85,85,85,85,90,90,90,63,63,63,63,63,63,63,63,63,63,63,63,63,63,63,63,63,63,63,63,63,63,63,63,63,63,63,63,63],"card_choices":[{"not_picked":["Setup","Acrobatics"],"picked":"Dodge and Roll","floor":1.0},{"not_picked":["Dagger Throw","Slice"],"picked":"Deadly Poison","floor":2.0},{"not_picked":["Acrobatics","Slice"],"picked":"Blade Dance","floor":5.0},{"not_picked":["Flying Knee","PiercingWail"],"picked":"Dodge and Roll","floor":7.0},{"not_picked":["Doppelganger","Deadly Poison"],"picked":"Quick Slash","floor":8.0},{"not_picked":["Flying Knee","Acrobatics"],"picked":"Endless Agony","floor":10.0},{"not_picked":["Choke","Deadly Poison"],"picked":"Well Laid Plans","floor":12.0},{"not_picked":["Masterful Stab","Eviscerate"],"picked":"PiercingWail","floor":14.0},{"not_picked":["Night Terror","Wraith Form v2"],"picked":"Storm of Steel","floor":16.0},{"not_picked":["Underhanded Strike","Dagger Spray"],"picked":"Catalyst","floor":18.0},{"not_picked":["Terror","Dagger Spray"],"picked":"Cloak And Dagger","floor":21.0},{"not_picked":["Slice","Wraith Form v2"],"picked":"Adrenaline","floor":24.0},{"not_picked":["Heel Hook","Sucker Punch"],"picked":"Prepared+1","floor":25.0},{"not_picked":["Tactician","Sucker Punch","Prepared"],"picked":"SKIP","floor":28.0},{"not_picked":["Predator","Outmaneuver"],"picked":"PiercingWail","floor":31.0},{"not_picked":["Adrenaline","Glass Knife"],"picked":"Malaise","floor":33.0},{"not_picked":["Terror","Infinite Blades"],"picked":"Backstab+1","floor":35.0},{"not_picked":["Masterful Stab+1","Deadly Poison"],"picked":"Quick Slash+1","floor":37.0},{"not_picked":["Riddle With Holes+1","Dodge and Roll+1"],"picked":"Dash","floor":38.0},{"not_picked":["Skewer","Wraith Form v2"],"picked":"Cloak And Dagger+1","floor":41.0},{"not_picked":["Skewer","Concentrate+1","Terror"],"picked":"SKIP","floor":42.0},{"not_picked":["All Out Attack+1","Sucker Punch+1"],"picked":"Backflip+1","floor":45.0},{"not_picked":["Dagger Throw+1","Endless Agony+1","Blade Dance"],"picked":"SKIP","floor":47.0},{"not_picked":["Tools of the Trade","Dodge and Roll","Blade Dance"],"picked":"SKIP","floor":48.0}],"player_experience":235264,"relics_obtained":[{"floor":9.0,"key":"Pantograph"},{"floor":10.0,"key":"Pear"},{"floor":24.0,"key":"Vajra"},{"floor":26.0,"key":"Happy Flower"},{"floor":38.0,"key":"Girya"},{"floor":41.0,"key":"Calipers"},{"floor":45.0,"key":"Bag of Preparation"}],"event_choices":[{"damage_healed":0.0,"max_hp_gain":5.0,"max_hp_loss":0.0,"gold_gain":0.0,"event_name":"Big Fish","player_choice":"Donut","floor":3.0,"gold_loss":0.0,"damage_taken":0.0},{"damage_healed":0.0,"max_hp_gain":0.0,"max_hp_loss":0.0,"gold_gain":0.0,"event_name":"The Woman in Blue","player_choice":"Bought 0 Potions","floor":4.0,"gold_loss":0.0,"damage_taken":0.0},{"damage_healed":0.0,"max_hp_gain":0.0,"max_hp_loss":0.0,"gold_gain":0.0,"event_name":"Shining Light","player_choice":"Entered Light","floor":11.0,"gold_loss":0.0,"damage_taken":17.0,"cards_upgraded":["Quick Slash","Strike_G"]},{"damage_healed":0.0,"max_hp_gain":0.0,"max_hp_loss":0.0,"gold_gain":0.0,"event_name":"Living Wall","player_choice":"Grow","floor":13.0,"gold_loss":0.0,"damage_taken":0.0,"cards_upgraded":["Survivor"]},{"damage_healed":0.0,"max_hp_gain":5.0,"max_hp_loss":0.0,"gold_gain":0.0,"event_name":"Forgotten Altar","player_choice":"Shed Blood","floor":19.0,"gold_loss":0.0,"damage_taken":21.0},{"damage_healed":0.0,"max_hp_gain":0.0,"max_hp_loss":27.0,"gold_gain":0.0,"event_name":"Vampires","player_choice":"Became a vampire","floor":22.0,"gold_loss":0.0,"damage_taken":0.0,"cards_obtained":["Bite","Bite","Bite","Bite","Bite"]},{"damage_healed":0.0,"max_hp_gain":0.0,"max_hp_loss":0.0,"gold_gain":0.0,"event_name":"Lab","player_choice":"Got Potions","floor":36.0,"gold_loss":0.0,"damage_taken":0.0},{"damage_healed":0.0,"max_hp_gain":0.0,"max_hp_loss":0.0,"gold_gain":0.0,"event_name":"MindBloom","player_choice":"Fight","floor":38.0,"gold_loss":0.0,"damage_taken":0.0},{"damage_healed":0.0,"max_hp_gain":0.0,"max_hp_loss":0.0,"gold_gain":75.0,"event_name":"FaceTrader","player_choice":"Touch","floor":39.0,"gold_loss":0.0,"damage_taken":6.0},{"damage_healed":0.0,"max_hp_gain":0.0,"max_hp_loss":0.0,"gold_gain":100.0,"event_name":"Golden Shrine","player_choice":"Pray","floor":44.0,"gold_loss":0.0,"damage_taken":0.0}],"is_beta":false,"boss_relics":[{"not_picked":["Runic Dome","Runic Pyramid"],"picked":"WristBlade"},{"not_picked":["Philosopher\u0027s Stone","Tiny House"],"picked":"Empty Cage"}],"items_purged_floors":[29],"is_endless":false,"potions_floor_spawned":[1,8,12,14,28,31,37,38,41],"killed_by":"Awakened One","ascension_level":3}