{"gold_per_floor":[112,112,112,132,182,226,239,239,262,150,150,168,182,205,205,301,301,282,282,301,324,95,95,0,0],"floor_reached":25,"playtime":4972,"items_purged":["Strike_G"],"score":386,"play_id":"eb34af79-3c87-48d7-8d62-f64299e35a5d","local_time":"20181213202554","is_ascension_mode":true,"campfire_choices":[{"floor":8,"key":"REST"},{"data":"Accuracy","floor":11,"key":"SMITH"},{"floor":15,"key":"REST"},{"floor":23,"key":"REST"}],"neow_cost":"NONE","seed_source_timestamp":116718367749934,"circlet_count":0,"master_deck":["AscendersBane","Defend_G","Defend_G","Defend_G","Defend_G","Defend_G","Strike_G","Survivor","Neutralize","Caltrops+1","Storm of Steel+1","Phantasmal Killer+1","Accuracy+1","Cloak And Dagger","Accuracy","Infinite Blades","Noxious Fumes","After Image","A Thousand Cuts","Endless Agony+1","Dash+1","Leg Sweep"],"relics":["Astrolabe","Golden Idol","Oddly Smooth Stone","Bag of Marbles","Fusion Hammer","Meat on the Bone","ClockworkSouvenir"],"potions_floor_usage":[6,16,21,25],"damage_taken":[{"damage":3,"enemies":"2 Louse","floor":1,"turns":4},{"damage":7,"enemies":"Cultist","floor":4,"turns":4},{"damage":19,"enemies":"3 Sentries","floor":6,"turns":7},{"damage":0,"enemies":"Jaw Worm","floor":7,"turns":3},{"damage":6,"enemies":"Looter","floor":12,"turns":2},{"damage":22,"enemies":"Exordium Thugs","floor":13,"turns":4},{"damage":15,"enemies":"2 Fungi Beasts","floor":14,"turns":3},{"damage":15,"enemies":"Slime Boss","floor":16,"turns":7},{"damage":19,"enemies":"2 Thieves","floor":18,"turns":4},{"damage":20,"enemies":"Spheric Guardian","floor":20,"turns":4},{"damage":6,"enemies":"Centurion and Healer","floor":21,"turns":7},{"damage":44,"enemies":"Book of Stabbing","floor":25,"turns":4}],"seed_played":"-3650467425137801577","potions_obtained":[{"floor":4,"key":"Explosive Potion"},{"floor":7,"key":"Energy Potion"},{"floor":12,"key":"Poison Potion"},{"floor":16,"key":"Dexterity Potion"},{"floor":20,"key":"Strength Potion"}],"is_trial":false,"path_per_floor":["M","$","?","M","?","E","M","R","T","$","R","M","M","M","R","B",null,"M","T","M","M","$","R","?","E"],"character_chosen":"THE_SILENT","items_purchased":["Infinite Blades","ClockworkSouvenir"],"campfire_rested":3,"item_purchase_floors":[10,22],"current_hp_per_floor":[56,56,56,49,49,30,30,48,48,48,48,42,20,5,23,8,47,28,28,20,26,26,44,44,0],"gold":0,"neow_bonus":"BOSS_RELIC","is_prod":false,"is_daily":false,"chose_seed":false,"campfire_upgraded":1,"win_rate":0,"timestamp":1544721954,"path_taken":["M","$","?","M","?","E","M","R","T","$","R","M","M","M","R","BOSS","M","?","?","M","$","R","?","E"],"build_version":"2018-12-06","purchased_purges":1,"victory":false,"max_hp_per_floor":[66,66,60,60,60,60,60,60,60,60,60,60,60,60,60,60,60,60,60,60,60,60,60,60,60],"card_choices":[{"not_picked":["Sucker Punch","Dash"],"picked":"Accuracy","floor":1},{"not_picked":["Acrobatics","Blade Dance"],"picked":"Cloak And Dagger","floor":4},{"not_picked":["Outmaneuver","Endless Agony","Bane"],"picked":"SKIP","floor":6},{"not_picked":["Bane","Tactician"],"picked":"Accuracy","floor":7},{"not_picked":["Prepared","Finisher"],"picked":"Noxious Fumes","floor":12},{"not_picked":["Masterful Stab","Crippling Poison","Prepared"],"picked":"SKIP","floor":13},{"not_picked":["Crippling Poison","Blade Dance"],"picked":"After Image","floor":14},{"not_picked":["Storm of Steel","Doppelganger"],"picked":"A Thousand Cuts","floor":16},{"not_picked":["Blade Dance","Underhanded Strike"],"picked":"Endless Agony+1","floor":18},{"not_picked":["Heel Hook","Masterful Stab"],"picked":"Dash+1","floor":20},{"not_picked":["Acrobatics","Outmaneuver"],"picked":"Leg Sweep","floor":21}],"player_experience":863027,"relics_obtained":[{"floor":6,"key":"Oddly Smooth Stone"},{"floor":9,"key":"Bag of Marbles"},{"floor":19,"key":"Meat on the Bone"}],"event_choices":[{"damage_healed":0,"gold_gain":0,"player_choice":"Lose Max HP","damage_taken":0,"relics_obtained":["Golden Idol"],"max_hp_gain":0,"max_hp_loss":6,"event_name":"Golden Idol","floor":3,"gold_loss":0},{"damage_healed":0,"gold_gain":50,"player_choice":"Pray","damage_taken":0,"max_hp_gain":0,"max_hp_loss":0,"event_name":"Golden Shrine","floor":5,"gold_loss":0},{"damage_healed":0,"gold_gain":0,"player_choice":"Paid Fearfully","damage_taken":0,"max_hp_gain":0,"max_hp_loss":0,"event_name":"Masked Bandits","floor":24,"gold_loss":95}],"is_beta":false,"boss_relics":[{"not_picked":["Cursed Key","Sozu"],"picked":"Fusion Hammer"}],"items_purged_floors":[10],"is_endless":false,"potions_floor_spawned":[4,7,12,16,20],"killed_by":"Book of Stabbing","ascension_level":18}