{"gold_per_floor":[112,122,122,122,132,132,163,175,175,203,88,88],"floor_reached":12,"playtime":521,"items_purged":[],"score":97,"play_id":"fe98d16f-48b5-4d46-9ee5-213824532841","local_time":"20190508213526","is_ascension_mode":true,"campfire_choices":[{"data":"Echo Form","floor":6,"key":"SMITH"}],"neow_cost":"NONE","seed_source_timestamp":1755465965386700,"circlet_count":0,"master_deck":["Strike_B","Strike_B","Strike_B","Defend_B","Defend_B","Defend_B","Defend_B","Zap","Dualcast","Steam","Melter","Steam","Echo Form+1","Auto Shields","Consume","Genetic Algorithm","Capacitor","Go for the Eyes","Heatsinks"],"relics":["Cracked Core","Mummified Hand","Pear","Singing Bowl"],"potions_floor_usage":[8],"damage_taken":[{"damage":2,"enemies":"2 Louse","floor":1,"turns":4},{"damage":1,"enemies":"Jaw Worm","floor":2,"turns":2},{"damage":0,"enemies":"Cultist","floor":5,"turns":3},{"damage":16,"enemies":"3 Sentries","floor":7,"turns":10},{"damage":31,"enemies":"Exordium Wildlife","floor":8,"turns":6},{"damage":15,"enemies":"Gremlin Nob","floor":10,"turns":4},{"damage":26,"enemies":"Gremlin Gang","floor":12,"turns":3}],"seed_played":"-3780614613847373003","potions_obtained":[{"floor":2,"key":"Energy Potion"}],"is_trial":false,"path_per_floor":["M","M","?","?","M","R","E","M","T","E","$","M"],"character_chosen":"DEFECT","items_purchased":["Go for the Eyes","Heatsinks"],"campfire_rested":0,"item_purchase_floors":[11,11],"current_hp_per_floor":[73,72,72,72,72,72,56,25,35,20,20,0],"gold":88,"neow_bonus":"THREE_CARDS","is_prod":false,"is_daily":false,"chose_seed":false,"campfire_upgraded":1,"win_rate":0,"timestamp":1557369326,"path_taken":["M","M","?","?","M","R","E","?","T","E","$","M"],"build_version":"2019-01-23","purchased_purges":0,"victory":false,"max_hp_per_floor":[75,75,75,75,75,75,75,75,85,85,85,85],"card_choices":[{"not_picked":["Static Discharge","Hologram"],"picked":"Steam","floor":0},{"not_picked":["Redo","Rebound"],"picked":"Melter","floor":1},{"not_picked":["Sweeping Beam","Stack"],"picked":"Steam","floor":2},{"not_picked":["Turbo","Barrage"],"picked":"Auto Shields","floor":5},{"not_picked":["Buffer","Barrage"],"picked":"Consume","floor":7},{"not_picked":["Steam","Aggregate"],"picked":"Genetic Algorithm","floor":8},{"not_picked":["Leap","Double Energy"],"picked":"Capacitor","floor":10}],"player_experience":157952,"relics_obtained":[{"floor":7,"key":"Mummified Hand"},{"floor":9,"key":"Pear"},{"floor":10,"key":"Singing Bowl"}],"event_choices":[{"damage_healed":0,"gold_gain":0,"cards_transformed":["Strike_B"],"player_choice":"Change","damage_taken":0,"max_hp_gain":0,"max_hp_loss":0,"event_name":"Living Wall","floor":3,"gold_loss":0,"cards_obtained":["Echo Form"]},{"damage_healed":0,"gold_gain":0,"player_choice":"Bought 0 Potions","damage_taken":0,"max_hp_gain":0,"max_hp_loss":0,"event_name":"The Woman in Blue","floor":4,"gold_loss":0}],"is_beta":false,"boss_relics":[],"items_purged_floors":[],"is_endless":false,"potions_floor_spawned":[2],"killed_by":"Gremlin Gang","ascension_level":2}