{"gold_per_floor":[110,126,126,137,148,180,196,371,397,426,396,414,428,38,38,38],"floor_reached":16,"playtime":649,"items_purged":["Doubt"],"score":120,"play_id":"55159a4c-4f64-4ebe-9163-5d36784c6482","local_time":"20190506212610","is_ascension_mode":true,"campfire_choices":[{"data":"Zap","floor":15,"key":"SMITH"}],"neow_cost":"NONE","seed_source_timestamp":1581953796374100,"circlet_count":0,"master_deck":["Strike_B","Strike_B","Defend_B","Defend_B","Defend_B","Defend_B","Zap+1","Dualcast","Loop","Conserve Battery","Cold Snap","Leap","Barrage","Buffer","Compile Driver","Steam","Steam","Self Repair","Thunder Strike"],"relics":["Cracked Core","Lantern","Oddly Smooth Stone","Membership Card"],"potions_floor_usage":[10,10,16],"damage_taken":[{"damage":0,"enemies":"Cultist","floor":1,"turns":3},{"damage":3,"enemies":"Jaw Worm","floor":2,"turns":4},{"damage":3,"enemies":"Small Slimes","floor":4,"turns":3},{"damage":2,"enemies":"Exordium Wildlife","floor":5,"turns":3},{"damage":18,"enemies":"Lagavulin","floor":6,"turns":9},{"damage":0,"enemies":"3 Louse","floor":7,"turns":4},{"damage":16,"enemies":"Gremlin Nob","floor":10,"turns":5},{"damage":0,"enemies":"Looter","floor":11,"turns":4},{"damage":5,"enemies":"Red Slaver","floor":12,"turns":2},{"damage":0,"enemies":"Large Slime","floor":13,"turns":5},{"damage":29,"enemies":"Slime Boss","floor":16,"turns":6}],"seed_played":"5920286285455823409","potions_obtained":[{"floor":6,"key":"Strength Potion"},{"floor":7,"key":"PowerPotion"},{"floor":12,"key":"Fire Potion"}],"is_trial":false,"path_per_floor":["M","M","?","M","M","E","M","?","T","E","M","M","M","$","R","B"],"character_chosen":"DEFECT","items_purchased":["Self Repair","Membership Card","Thunder Strike"],"campfire_rested":0,"item_purchase_floors":[14,14,14],"current_hp_per_floor":[75,72,72,69,67,49,49,49,49,33,33,28,28,28,28,0],"gold":38,"neow_bonus":"TRANSFORM_CARD","is_prod":false,"is_daily":false,"chose_seed":false,"campfire_upgraded":1,"win_rate":0,"timestamp":1557195970,"path_taken":["M","?","?","M","M","E","?","?","T","E","M","M","M","$","R","BOSS"],"build_version":"2019-01-23","purchased_purges":1,"victory":false,"max_hp_per_floor":[75,75,75,75,75,75,75,75,75,75,75,75,75,75,75,75],"card_choices":[{"not_picked":["Hologram","Barrage"],"picked":"Conserve Battery","floor":1},{"not_picked":["Beam Cell","Rebound"],"picked":"Cold Snap","floor":2},{"not_picked":["Skim","Conserve Battery"],"picked":"Leap","floor":4},{"not_picked":["Coolheaded","Gash"],"picked":"Barrage","floor":5},{"not_picked":["White Noise","Rebound"],"picked":"Buffer","floor":6},{"not_picked":["Scrape","Reprogram","Gash"],"picked":"SKIP","floor":7},{"not_picked":["Tempest","Leap","Reprogram"],"picked":"SKIP","floor":10},{"not_picked":["Reinforced Body","Undo"],"picked":"Compile Driver","floor":11},{"not_picked":["Redo","Turbo"],"picked":"Steam","floor":12},{"not_picked":["Force Field","Auto Shields"],"picked":"Steam","floor":13}],"player_experience":136578,"relics_obtained":[{"floor":6,"key":"Lantern"},{"floor":10,"key":"Oddly Smooth Stone"}],"event_choices":[{"cards_removed":["Strike_B"],"damage_healed":0,"gold_gain":0,"player_choice":"Offered Basic","damage_taken":0,"max_hp_gain":0,"max_hp_loss":0,"event_name":"Bonfire Elementals","floor":3,"gold_loss":0},{"damage_healed":0,"gold_gain":175,"player_choice":"AGREE","damage_taken":0,"max_hp_gain":0,"max_hp_loss":0,"event_name":"Liars Game","floor":8,"gold_loss":0,"cards_obtained":["Doubt"]}],"is_beta":false,"boss_relics":[],"items_purged_floors":[14],"is_endless":false,"potions_floor_spawned":[6,7,12],"killed_by":"Slime Boss","ascension_level":1}