{"gold_per_floor":[112,112,37,57,75,75,86,86,109,109,109,123,143,170,170,248,248,262,262,262,272,284,284,317,317],"floor_reached":25,"playtime":2274,"items_purged":[],"score":424,"play_id":"d1938f9f-2fc1-4d96-a69b-4c0da72a9d98","local_time":"20181214171436","is_ascension_mode":true,"campfire_choices":[{"data":"Leg Sweep","floor":6,"key":"SMITH"},{"data":"Backstab","floor":8,"key":"SMITH"},{"data":"Neutralize","floor":11,"key":"SMITH"},{"data":"Skewer","floor":15,"key":"SMITH"},{"floor":23,"key":"REST"}],"neow_cost":"NONE","seed_source_timestamp":0,"circlet_count":0,"master_deck":["AscendersBane","Survivor","Neutralize+1","Backstab+1","Leg Sweep+1","Infinite Blades","Escape Plan","Accuracy","Skewer+1","Envenom","Backstab","Glass Knife","Crippling Poison","Infinite Blades","Unload","Footwork","Deflect","Deflect","Expertise","Backflip","Cloak And Dagger"],"special_seed":0,"relics":["Ring of the Snake","Snake Skull","Smiling Mask","Pandora\u0027s Box","Nunchaku"],"potions_floor_usage":[7,14,16,24],"damage_taken":[{"damage":9,"enemies":"Jaw Worm","floor":1,"turns":5},{"damage":0,"enemies":"Small Slimes","floor":4,"turns":5},{"damage":0,"enemies":"2 Louse","floor":5,"turns":3},{"damage":1,"enemies":"Looter","floor":7,"turns":4},{"damage":6,"enemies":"Red Slaver","floor":12,"turns":3},{"damage":2,"enemies":"Large Slime","floor":13,"turns":6},{"damage":6,"enemies":"Gremlin Nob","floor":14,"turns":3},{"damage":34,"enemies":"Hexaghost","floor":16,"turns":15},{"damage":15,"enemies":"Spheric Guardian","floor":18,"turns":4},{"damage":23,"enemies":"Chosen","floor":21,"turns":4},{"damage":6,"enemies":"Snecko","floor":22,"turns":5},{"damage":32,"enemies":"Book of Stabbing","floor":24,"turns":4},{"damage":12,"enemies":"Sentry and Sphere","floor":25,"turns":3}],"seed_played":"7559822835650050290","potions_obtained":[{"floor":1,"key":"GamblersBrew"},{"floor":4,"key":"Regen Potion"},{"floor":12,"key":"PowerPotion"},{"floor":16,"key":"AttackPotion"},{"floor":21,"key":"Fire Potion"}],"is_trial":false,"path_per_floor":["M","?","?","M","M","R","M","R","T","?","R","M","M","E","R","B",null,"M","?","?","M","M","R","E","M"],"character_chosen":"THE_SILENT","items_purchased":[],"campfire_rested":1,"item_purchase_floors":[],"current_hp_per_floor":[56,61,61,61,61,61,60,60,60,53,53,47,45,39,39,17,62,47,62,40,17,11,35,3,0],"gold":317,"neow_bonus":"TEN_PERCENT_HP_BONUS","is_prod":false,"is_daily":false,"chose_seed":false,"campfire_upgraded":4,"win_rate":0,"timestamp":1544796876,"path_taken":["M","?","?","M","M","R","M","R","T","?","R","M","M","E","R","BOSS","M","?","?","M","M","R","E","M"],"build_version":"2018-12-13","purchased_purges":0,"victory":false,"max_hp_per_floor":[72,77,77,77,77,77,77,77,77,77,77,77,77,77,77,77,77,77,77,82,82,82,82,82,82],"card_choices":[{"not_picked":["Eviscerate","Escape Plan"],"picked":"Backstab","floor":1},{"not_picked":["Acrobatics","Escape Plan"],"picked":"Leg Sweep","floor":4},{"not_picked":["Deadly Poison","Deflect"],"picked":"Infinite Blades","floor":5},{"not_picked":["Dagger Throw","Expertise"],"picked":"Escape Plan","floor":7},{"not_picked":["Slice","Underhanded Strike"],"picked":"Accuracy","floor":12},{"not_picked":["Sucker Punch","Backstab"],"picked":"Skewer","floor":13},{"not_picked":["Setup","Tactician","Masterful Stab"],"picked":"SKIP","floor":14},{"not_picked":["Storm of Steel","A Thousand Cuts"],"picked":"Envenom","floor":16},{"not_picked":["Finisher","Reflex"],"picked":"Expertise","floor":18},{"not_picked":["Dagger Throw","Outmaneuver"],"picked":"Backflip","floor":21},{"not_picked":["Sucker Punch","Acrobatics"],"picked":"Cloak And Dagger","floor":22},{"not_picked":["Deflect","Leg Sweep+1","Flying Knee"],"picked":"SKIP","floor":24}],"player_experience":872811,"relics_obtained":[{"floor":9,"key":"Snake Skull"},{"floor":14,"key":"Smiling Mask"},{"floor":24,"key":"Nunchaku"}],"event_choices":[{"damage_healed":0,"gold_gain":0,"player_choice":"Donut","damage_taken":0,"max_hp_gain":5,"max_hp_loss":0,"event_name":"Big Fish","floor":2,"gold_loss":0},{"cards_removed":["Strike_G"],"damage_healed":0,"gold_gain":0,"player_choice":"Card Removal","damage_taken":0,"max_hp_gain":0,"max_hp_loss":0,"event_name":"The Cleric","floor":3,"gold_loss":75},{"cards_removed":["Strike_G"],"damage_healed":0,"gold_gain":0,"player_choice":"Card Removal","damage_taken":7,"max_hp_gain":0,"max_hp_loss":0,"event_name":"Golden Wing","floor":10,"gold_loss":0},{"damage_healed":15,"gold_gain":0,"player_choice":"Heal","damage_taken":0,"max_hp_gain":0,"max_hp_loss":0,"event_name":"The Library","floor":19,"gold_loss":0},{"damage_healed":0,"gold_gain":0,"player_choice":"Shed Blood","damage_taken":27,"max_hp_gain":5,"max_hp_loss":0,"event_name":"Forgotten Altar","floor":20,"gold_loss":0}],"is_beta":false,"boss_relics":[{"not_picked":["Coffee Dripper","Ring of the Serpent"],"picked":"Pandora\u0027s Box"}],"items_purged_floors":[],"is_endless":false,"potions_floor_spawned":[1,4,12,16,21],"killed_by":"Sentry and Sphere","ascension_level":18}