{"gold_per_floor":[119,119,119,131,147,147,147,147,170,170,107,135,151,167,167,271,271,287,287,287,300,316,345,362,380,449,482,482,517,543,159,159,255,255,272,372,372,382,382,382,414,414,414,263,282,316,331,359,359,359,359,359,10,38,38],"floor_reached":55,"playtime":6609,"items_purged":["Survivor"],"score":1548,"play_id":"5afd9827-1e59-4609-9dac-3961590129d4","local_time":"20190611102352","is_ascension_mode":true,"campfire_choices":[{"data":"Skewer","floor":6.0,"key":"SMITH"},{"data":"Neutralize","floor":8.0,"key":"SMITH"},{"data":"All Out Attack","floor":10.0,"key":"SMITH"},{"data":"Well Laid Plans","floor":15.0,"key":"SMITH"},{"data":"Footwork","floor":28.0,"key":"SMITH"},{"data":"A Thousand Cuts","floor":32.0,"key":"SMITH"},{"floor":40.0,"key":"RECALL"},{"data":"Flechettes","floor":42.0,"key":"SMITH"},{"data":"Backflip","floor":49,"key":"SMITH"},{"floor":52,"key":"REST"}],"neow_cost":"NONE","seed_source_timestamp":11616182998000,"circlet_count":0,"master_deck":["Defend_G+1","Defend_G+1","Defend_G+1","Strike_G+1","Strike_G+1","Neutralize+1","All Out Attack+1","Well Laid Plans+1","Backflip+1","Skewer+1","PiercingWail+1","Leg Sweep+1","Burst+1","Bullet Time+1","Leg Sweep+1","Concentrate+1","Poisoned Stab+1","Blur+1","Flying Knee+1","Masterful Stab+1","Escape Plan+1","Calculated Gamble+1","Footwork+1","Backflip+1","A Thousand Cuts+1","Flechettes+1","Expertise+1","Malaise+1","Masterful Stab+1","Dodge and Roll+1","PiercingWail+1","PiercingWail+1","Predator+1","Tactician+1","Terror+1","Footwork","Doppelganger+1"],"special_seed":0,"relics":["Ring of the Serpent","Regal Pillow","Blood Vial","Ancient Tea Set","Toxic Egg 2","Sozu","Thread and Needle","Dodecahedron","PreservedInsect","Lantern","Red Mask","Medical Kit","Bird Faced Urn","Torii","Whetstone","Anchor","Dead Branch","OrangePellets","Blue Candle"],"potions_floor_usage":[],"damage_taken":[{"damage":1.0,"enemies":"Cultist","floor":1.0,"turns":5.0},{"damage":0.0,"enemies":"Small Slimes","floor":4.0,"turns":4.0},{"damage":4.0,"enemies":"2 Louse","floor":5.0,"turns":3.0},{"damage":24.0,"enemies":"Gremlin Nob","floor":12.0,"turns":4.0},{"damage":1.0,"enemies":"Red Slaver","floor":13.0,"turns":3.0},{"damage":0.0,"enemies":"2 Fungi Beasts","floor":14.0,"turns":3.0},{"damage":0.0,"enemies":"The Guardian","floor":16.0,"turns":16.0},{"damage":0.0,"enemies":"3 Byrds","floor":18.0,"turns":7.0},{"damage":0.0,"enemies":"Shell Parasite","floor":21.0,"turns":6.0},{"damage":3.0,"enemies":"3 Cultists","floor":22.0,"turns":7.0},{"damage":0.0,"enemies":"Gremlin Leader","floor":23.0,"turns":7.0},{"damage":0.0,"enemies":"Cultist and Chosen","floor":24.0,"turns":9.0},{"damage":0.0,"enemies":"Centurion and Healer","floor":25.0,"turns":6.0},{"damage":0.0,"enemies":"Slavers","floor":27.0,"turns":8.0},{"damage":7.0,"enemies":"Gremlin Leader","floor":29.0,"turns":11.0},{"damage":0.0,"enemies":"Masked Bandits","floor":30.0,"turns":5.0},{"damage":0.0,"enemies":"Collector","floor":33.0,"turns":11.0},{"damage":0.0,"enemies":"3 Shapes","floor":35.0,"turns":6.0},{"damage":0.0,"enemies":"Mind Bloom Boss Battle","floor":36.0,"turns":5.0},{"damage":0.0,"enemies":"Orb Walker","floor":38.0,"turns":4.0},{"damage":0.0,"enemies":"Giant Head","floor":41.0,"turns":6.0},{"damage":0,"enemies":"Spire Growth","floor":45,"turns":5},{"damage":0,"enemies":"Nemesis","floor":46,"turns":5},{"damage":0,"enemies":"Writhing Mass","floor":47,"turns":8},{"damage":0,"enemies":"Reptomancer","floor":48,"turns":6},{"damage":0,"enemies":"Donu and Deca","floor":50,"turns":11},{"damage":67,"enemies":"Shield and Spear","floor":54,"turns":8},{"damage":21,"enemies":"The Heart","floor":55,"turns":3}],"seed_played":"-2926101557580308529","potions_obtained":[{"floor":1.0,"key":"PowerPotion"},{"floor":4.0,"key":"SteroidPotion"},{"floor":12.0,"key":"SmokeBomb"},{"floor":14.0,"key":"Block Potion"}],"is_trial":false,"path_per_floor":["M","?","?","M","M","R","?","R","T","R","?","E","M","M","R","B",null,"M","?","?","M","M","E","M","M","T","E","R","E","?","$","R","B",null,"M","?","?","M","?","R","E","R","T","$","M","E","M","E","R","B",null,"R","$","E","B"],"character_chosen":"THE_SILENT","items_purchased":["Medical Kit","Flechettes","Expertise+1","Whetstone","OrangePellets","Terror+1","Footwork"],"campfire_rested":1,"item_purchase_floors":[31,31,31,44,53,53,53],"current_hp_per_floor":[62,62,55,55,51,51,37,37,37,37,37,15,16,18,18,20,58,60,60,60,62,61,63,65,67,67,69,69,63,65,65,65,67,69,70,70,70,70,70,70,70,70,70,70,70,70,70,70,70,70,70,70,70,7,0],"gold":38,"neow_bonus":"RANDOM_COMMON_RELIC","is_prod":false,"is_daily":false,"chose_seed":false,"campfire_upgraded":8,"win_rate":0,"timestamp":1560228832,"path_taken":["M","?","?","M","M","R","?","R","T","R","?","E","?","M","R","BOSS","M","?","?","M","M","E","M","M","T","E","R","E","?","$","R","BOSS","M","?","?","M","?","R","E","R","T","$","M","E","?","E","R","BOSS","R","$","E","BOSS"],"build_version":"2019-01-23","purchased_purges":1,"victory":false,"max_hp_per_floor":[70,70,70,70,70,70,70,70,70,70,70,70,70,70,70,70,70,70,70,70,70,70,70,70,70,70,70,70,70,70,70,70,70,70,70,70,70,70,70,70,70,70,70,70,70,70,70,70,70,70,70,70,70,70,70],"card_choices":[{"not_picked":["Catalyst","Bouncing Flask"],"picked":"All Out Attack","floor":1.0},{"not_picked":["Underhanded Strike","Bane"],"picked":"Backflip","floor":4.0},{"not_picked":["Backflip","Underhanded Strike"],"picked":"Skewer","floor":5.0},{"not_picked":["Riddle With Holes","Flechettes"],"picked":"PiercingWail","floor":12.0},{"not_picked":["PiercingWail+1","Calculated Gamble+1"],"picked":"Leg Sweep+1","floor":13.0},{"not_picked":["Terror+1","Outmaneuver+1"],"picked":"Burst+1","floor":14.0},{"not_picked":["Phantasmal Killer+1","Wraith Form v2"],"picked":"Bullet Time+1","floor":16.0},{"not_picked":["Quick Slash","Catalyst+1"],"picked":"Leg Sweep+1","floor":18.0},{"not_picked":["Backflip+1","Leg Sweep+1"],"picked":"Blur+1","floor":21.0},{"not_picked":["Prepared+1","Dagger Spray"],"picked":"Flying Knee+1","floor":22.0},{"not_picked":["Deflect+1","Poisoned Stab"],"picked":"Masterful Stab","floor":23.0},{"not_picked":["Dagger Spray","Dodge and Roll+1"],"picked":"Escape Plan+1","floor":24.0},{"not_picked":["Dash","Blade Dance+1"],"picked":"Calculated Gamble+1","floor":25.0},{"not_picked":["PiercingWail+1","Sucker Punch"],"picked":"Footwork","floor":27.0},{"not_picked":["Poisoned Stab","Blur+1"],"picked":"Backflip+1","floor":29.0},{"not_picked":["Calculated Gamble+1","Dodge and Roll+1"],"picked":"A Thousand Cuts","floor":30.0},{"not_picked":["Glass Knife","Die Die Die"],"picked":"Malaise+1","floor":33.0},{"not_picked":["Poisoned Stab+1","Leg Sweep+1"],"picked":"Masterful Stab+1","floor":35.0},{"not_picked":["Quick Slash","Noxious Fumes+1"],"picked":"Dodge and Roll+1","floor":38.0},{"not_picked":["Blade Dance+1","Dagger Spray","Choke"],"picked":"SKIP","floor":41.0},{"not_picked":["Concentrate+1","Blade Dance+1"],"picked":"PiercingWail+1","floor":45},{"not_picked":["Endless Agony","Storm of Steel+1"],"picked":"PiercingWail+1","floor":46},{"not_picked":["PiercingWail+1","Flying Knee"],"picked":"Predator+1","floor":47},{"not_picked":["Slice","Predator"],"picked":"Tactician+1","floor":48},{"not_picked":["Prepared+1","Poisoned Stab+1"],"picked":"Doppelganger+1","floor":54}],"player_experience":282205,"relics_obtained":[{"floor":9.0,"key":"Blood Vial"},{"floor":12.0,"key":"Toxic Egg 2"},{"floor":23.0,"key":"Thread and Needle"},{"floor":26.0,"key":"Dodecahedron"},{"floor":27.0,"key":"PreservedInsect"},{"floor":29.0,"key":"Lantern"},{"floor":30.0,"key":"Red Mask"},{"floor":36.0,"key":"Bird Faced Urn"},{"floor":41.0,"key":"Torii"},{"floor":46,"key":"Anchor"},{"floor":48,"key":"Dead Branch"},{"floor":54,"key":"Blue Candle"}],"event_choices":[{"damage_healed":0.0,"max_hp_gain":0.0,"max_hp_loss":0.0,"gold_gain":0.0,"cards_transformed":["Strike_G"],"event_name":"Living Wall","player_choice":"Change","floor":2.0,"gold_loss":0.0,"damage_taken":0.0,"cards_obtained":["Well Laid Plans"]},{"cards_removed":["Strike_G"],"damage_healed":0.0,"max_hp_gain":0.0,"max_hp_loss":0.0,"gold_gain":0.0,"event_name":"Golden Wing","player_choice":"Card Removal","floor":3.0,"gold_loss":0.0,"damage_taken":7.0},{"damage_healed":0.0,"max_hp_gain":0.0,"max_hp_loss":0.0,"gold_gain":0.0,"event_name":"Shining Light","player_choice":"Entered Light","floor":7.0,"gold_loss":0.0,"damage_taken":14.0,"cards_upgraded":["Defend_G","Strike_G"]},{"damage_healed":0.0,"max_hp_gain":0.0,"max_hp_loss":0.0,"gold_gain":0.0,"event_name":"WeMeetAgain","player_choice":"Paid Gold","floor":11.0,"gold_loss":63.0,"damage_taken":0.0,"relics_obtained":["Ancient Tea Set"]},{"damage_healed":0.0,"max_hp_gain":0.0,"max_hp_loss":0.0,"gold_gain":0.0,"event_name":"Back to Basics","player_choice":"Simplicity","floor":19.0,"gold_loss":0.0,"damage_taken":0.0,"cards_upgraded":["Defend_G","Defend_G","Defend_G","Defend_G","Strike_G","Strike_G"]},{"damage_healed":0.0,"max_hp_gain":0.0,"max_hp_loss":0.0,"gold_gain":0.0,"cards_transformed":["Defend_G","Strike_G"],"event_name":"Drug Dealer","player_choice":"Became Test Subject","floor":20.0,"gold_loss":0.0,"damage_taken":0.0,"cards_obtained":["Concentrate","Poisoned Stab"]},{"damage_healed":0.0,"max_hp_gain":0.0,"max_hp_loss":0.0,"gold_gain":0.0,"event_name":"Masked Bandits","player_choice":"Fought Bandits","floor":30.0,"gold_loss":0.0,"damage_taken":0.0},{"damage_healed":0.0,"max_hp_gain":0.0,"max_hp_loss":0.0,"gold_gain":0.0,"event_name":"MindBloom","player_choice":"Fight","floor":36.0,"gold_loss":0.0,"damage_taken":0.0},{"cards_removed":["Defend_G"],"damage_healed":0.0,"max_hp_gain":0.0,"max_hp_loss":0.0,"gold_gain":0.0,"event_name":"Falling","player_choice":"Removed Skill","floor":37.0,"gold_loss":0.0,"damage_taken":0.0},{"damage_healed":0.0,"max_hp_gain":0.0,"max_hp_loss":0.0,"gold_gain":0.0,"event_name":"SecretPortal","player_choice":"Ignored","floor":39.0,"gold_loss":0.0,"damage_taken":0.0}],"is_beta":false,"boss_relics":[{"not_picked":["Velvet Choker","HoveringKite"],"picked":"Sozu"},{"not_picked":["Cursed Key","Lizard Tail"],"picked":"Ring of the Serpent"}],"items_purged_floors":[31],"is_endless":false,"potions_floor_spawned":[1,4,12,14,21,22,24,27,29,41,46,48,54],"killed_by":"The Heart","ascension_level":8}