{"gold_per_floor":[115,127,127,139,158,158,172,172,172,172,172,499,499,60,60,131,131,141,118,118,118,134,134,160,160,160,160,195,212,226,237,237,311,311,329,329,229,248,263,288,288,305,305,305,180,180,180,197,197,197,197,197,117,151,151],"floor_reached":55,"playtime":4494,"items_purged":["Strike_G","Eviscerate","Bane"],"score":1326,"play_id":"8f8c51c3-0868-46a8-9d31-ff0d61970d4d","local_time":"20181203194136","is_ascension_mode":true,"campfire_choices":[{"data":"Cloak And Dagger","floor":6,"key":"SMITH"},{"data":"Cloak And Dagger","floor":8,"key":"SMITH"},{"data":"Neutralize","floor":11,"key":"SMITH"},{"floor":15,"key":"REST"},{"floor":23,"key":"REST"},{"data":"Adrenaline","floor":25,"key":"SMITH"},{"floor":27,"key":"REST"},{"floor":32,"key":"REST"},{"data":"Malaise","floor":41,"key":"SMITH"},{"floor":46,"key":"RECALL"},{"data":"Acrobatics","floor":49,"key":"SMITH"},{"data":"Dagger Spray","floor":52,"key":"SMITH"}],"neow_cost":"NONE","seed_source_timestamp":27901670147402,"circlet_count":0,"master_deck":["AscendersBane","Survivor","Cloak And Dagger+1","Cloak And Dagger+1","Malaise+1","Dagger Spray+1","Accuracy+1","Adrenaline+1","Dagger Throw","Dodge and Roll","Acrobatics+1","Footwork+1","PiercingWail","Outmaneuver","Escape Plan","Escape Plan","Noxious Fumes+1","Accuracy+1","Terror","Backflip","Die Die Die","Escape Plan","After Image+1","Purity","Well Laid Plans+1","Infinite Blades+1"],"relics":["Ring of the Snake","Dream Catcher","Pear","Frozen Egg 2","Old Coin","Kunai","Pandora\u0027s Box","Paper Crane","Dodecahedron","Philosopher\u0027s Stone","Ancient Tea Set","Happy Flower","Molten Egg 2"],"potions_floor_usage":[24,28,30,54,55],"damage_taken":[{"damage":0,"enemies":"Small Slimes","floor":1,"turns":5},{"damage":2,"enemies":"2 Louse","floor":2,"turns":4},{"damage":0,"enemies":"Cultist","floor":4,"turns":5},{"damage":8,"enemies":"Exordium Wildlife","floor":5,"turns":4},{"damage":0,"enemies":"2 Fungi Beasts","floor":7,"turns":4},{"damage":21,"enemies":"Lagavulin","floor":12,"turns":10},{"damage":9,"enemies":"The Guardian","floor":16,"turns":15},{"damage":13,"enemies":"Shell Parasite","floor":18,"turns":5},{"damage":8,"enemies":"2 Thieves","floor":19,"turns":4},{"damage":9,"enemies":"Snake Plant","floor":22,"turns":8},{"damage":8,"enemies":"Slavers","floor":24,"turns":5},{"damage":1,"enemies":"Gremlin Leader","floor":28,"turns":5},{"damage":0,"enemies":"Centurion and Healer","floor":29,"turns":5},{"damage":6,"enemies":"Chosen and Byrds","floor":30,"turns":8},{"damage":5,"enemies":"3 Cultists","floor":31,"turns":5},{"damage":1,"enemies":"Champ","floor":33,"turns":13},{"damage":14,"enemies":"3 Shapes","floor":35,"turns":7},{"damage":2,"enemies":"3 Darklings","floor":38,"turns":5},{"damage":12,"enemies":"Writhing Mass","floor":39,"turns":8},{"damage":2,"enemies":"Nemesis","floor":40,"turns":11},{"damage":16,"enemies":"Jaw Worm Horde","floor":42,"turns":4},{"damage":0,"enemies":"Transient","floor":48,"turns":6},{"damage":34,"enemies":"Time Eater","floor":50,"turns":13},{"damage":40,"enemies":"Shield and Spear","floor":54,"turns":9},{"damage":50,"enemies":"The Heart","floor":55,"turns":3}],"seed_played":"-5162439325998796958","potions_obtained":[{"floor":1,"key":"Energy Potion"},{"floor":2,"key":"Ancient Potion"},{"floor":22,"key":"SkillPotion"},{"floor":28,"key":"GhostInAJar"},{"floor":30,"key":"GhostInAJar"},{"floor":31,"key":"SpeedPotion"},{"floor":40,"key":"FairyPotion"},{"floor":54,"key":"EssenceOfSteel"}],"is_trial":false,"path_per_floor":["M","M","?","M","M","R","M","R","T","?","R","E","?","$","R","B",null,"M","M","?","?","M","R","E","R","T","R","E","M","M","M","R","B",null,"M","?","$","M","M","E","R","M","T","?","$","R","?","M","R","B",null,"R","$","E","B"],"character_chosen":"THE_SILENT","items_purchased":["Kunai","Accuracy+1","Infinite Blades+1"],"campfire_rested":4,"item_purchase_floors":[14,14,53],"current_hp_per_floor":[65,63,45,45,37,37,37,37,47,47,47,26,19,19,43,34,70,57,49,25,25,16,42,34,34,34,60,59,59,53,48,74,73,84,70,70,70,68,56,54,54,38,38,71,71,71,71,71,71,37,63,63,63,23,0],"gold":151,"neow_bonus":"TEN_PERCENT_HP_BONUS","is_prod":false,"is_daily":false,"chose_seed":false,"campfire_upgraded":7,"win_rate":0,"timestamp":1543855296,"path_taken":["M","M","?","M","M","R","M","R","T","?","R","E","?","$","R","BOSS","M","M","?","?","M","R","E","R","T","R","E","M","?","M","R","BOSS","M","?","$","M","M","E","R","M","T","?","$","R","?","M","R","BOSS","R","$","E","BOSS"],"build_version":"2018-11-15","purchased_purges":3,"victory":false,"max_hp_per_floor":[72,72,72,72,72,72,72,72,82,82,82,82,82,82,82,82,82,82,82,87,87,87,87,87,87,87,87,87,87,87,87,87,87,87,87,87,87,87,87,87,87,87,87,71,71,71,71,71,71,71,71,71,71,71,71],"card_choices":[{"not_picked":["Catalyst","Deadly Poison"],"picked":"Cloak And Dagger","floor":1},{"not_picked":["Dagger Throw","Underhanded Strike"],"picked":"Cloak And Dagger","floor":2},{"not_picked":["Reflex","Sucker Punch","Dodge and Roll"],"picked":"SKIP","floor":4},{"not_picked":["Expertise","Prepared","Bane"],"picked":"SKIP","floor":5},{"not_picked":["Finisher","Dagger Spray"],"picked":"Malaise","floor":7},{"not_picked":["Sucker Punch","Outmaneuver"],"picked":"Dagger Spray","floor":12},{"not_picked":["Grand Finale","Night Terror"],"picked":"Adrenaline","floor":16},{"not_picked":["Prepared","Blade Dance","Outmaneuver"],"picked":"SKIP","floor":18},{"not_picked":["Expertise","Blade Dance"],"picked":"Escape Plan","floor":19},{"not_picked":["Tactician","Dagger Spray+1"],"picked":"Noxious Fumes+1","floor":22},{"not_picked":["Terror","Slice+1"],"picked":"Accuracy+1","floor":23},{"not_picked":["Blade Dance","Acrobatics"],"picked":"Terror","floor":24},{"not_picked":["Deflect+1","Bane"],"picked":"Backflip","floor":28},{"not_picked":["Dodge and Roll+1","Dagger Throw"],"picked":"Die Die Die","floor":29},{"not_picked":["Acrobatics","Slice","Outmaneuver"],"picked":"SKIP","floor":30},{"not_picked":["Deflect","Bane"],"picked":"Escape Plan","floor":31},{"not_picked":["Bullet Time","Storm of Steel"],"picked":"After Image+1","floor":33},{"not_picked":["Deadly Poison","Finisher","Flying Knee+1"],"picked":"SKIP","floor":35},{"not_picked":["Madness","Finesse"],"picked":"Purity","floor":36},{"not_picked":["Quick Slash+1","Dagger Spray+1","Outmaneuver"],"picked":"SKIP","floor":38},{"not_picked":["Dagger Spray","Flechettes","All Out Attack"],"picked":"SKIP","floor":39},{"not_picked":["Acrobatics","Outmaneuver","Endless Agony"],"picked":"SKIP","floor":40},{"not_picked":["Dagger Throw","Calculated Gamble+1","Eviscerate"],"picked":"SKIP","floor":42},{"not_picked":["Night Terror","Acrobatics+1"],"picked":"Well Laid Plans+1","floor":48},{"not_picked":["Grand Finale","Dodge and Roll","Deadly Poison"],"picked":"SKIP","floor":54}],"player_experience":812638,"relics_obtained":[{"floor":9,"key":"Pear"},{"floor":12,"key":"Old Coin"},{"floor":24,"key":"Paper Crane"},{"floor":28,"key":"Dodecahedron"},{"floor":40,"key":"Ancient Tea Set"},{"floor":43,"key":"Happy Flower"},{"floor":54,"key":"Molten Egg 2"}],"event_choices":[{"damage_healed":0,"gold_gain":0,"player_choice":"Success","damage_taken":18,"relics_obtained":["Dream Catcher"],"max_hp_gain":0,"max_hp_loss":0,"event_name":"Scrap Ooze","floor":3,"gold_loss":0},{"damage_healed":0,"gold_gain":0,"player_choice":"Box","damage_taken":0,"relics_obtained":["Frozen Egg 2"],"max_hp_gain":0,"max_hp_loss":0,"event_name":"Big Fish","floor":10,"gold_loss":0,"cards_obtained":["Regret"]},{"cards_removed":["Regret"],"damage_healed":0,"gold_gain":0,"player_choice":"Card Removal","damage_taken":7,"max_hp_gain":0,"max_hp_loss":0,"event_name":"Golden Wing","floor":13,"gold_loss":0},{"damage_healed":0,"gold_gain":0,"player_choice":"Shed Blood","damage_taken":29,"max_hp_gain":5,"max_hp_loss":0,"event_name":"Forgotten Altar","floor":20,"gold_loss":0},{"damage_healed":0,"gold_gain":0,"player_choice":"Ignored","damage_taken":0,"max_hp_gain":0,"max_hp_loss":0,"event_name":"N\u0027loth","floor":21,"gold_loss":0},{"damage_healed":0,"gold_gain":0,"player_choice":"Memory 1","damage_taken":0,"max_hp_gain":0,"max_hp_loss":0,"event_name":"SensoryStone","floor":36,"gold_loss":0},{"damage_healed":71,"gold_gain":0,"player_choice":"Heal","damage_taken":0,"max_hp_gain":0,"max_hp_loss":16,"event_name":"The Moai Head","floor":44,"gold_loss":0},{"cards_removed":["Neutralize"],"damage_healed":0,"gold_gain":0,"player_choice":"Removed Attack","damage_taken":0,"max_hp_gain":0,"max_hp_loss":0,"event_name":"Falling","floor":47,"gold_loss":0}],"is_beta":false,"boss_relics":[{"not_picked":["WristBlade","Cursed Key"],"picked":"Pandora\u0027s Box"},{"not_picked":["Busted Crown","Snecko Eye"],"picked":"Philosopher\u0027s Stone"}],"items_purged_floors":[14,37,45],"is_endless":false,"potions_floor_spawned":[1,2,5,22,28,30,31,39,40,54],"killed_by":"The Heart","ascension_level":17}