{"gold_per_floor":[115,132,132,149,119,119,148,148,148,113,131,163,163,198,198,293,323,334,186,286,286,286,320,337,337,364,389,389,409,409,428,428,526,526,546,556,570,326,336,336],"floor_reached":40,"playtime":1610,"items_purged":["Doubt"],"score":717,"play_id":"c1c9002a-d427-4548-ab97-55ac08fe26ba","local_time":"20190302183222","is_ascension_mode":true,"campfire_choices":[{"data":"Neutralize","floor":6,"key":"SMITH"},{"floor":8,"key":"REST"},{"data":"Footwork","floor":13,"key":"SMITH"},{"data":"Blade Dance","floor":15,"key":"SMITH"},{"floor":25,"key":"REST"},{"data":"Terror","floor":30,"key":"SMITH"},{"floor":32,"key":"REST"}],"neow_cost":"PERCENT_DAMAGE","seed_source_timestamp":163213718163279,"circlet_count":0,"master_deck":["Defend_G","Defend_G","Defend_G","Defend_G","Defend_G","Survivor","Neutralize+1","Footwork+1","Cloak And Dagger","PiercingWail","Masterful Stab","Sucker Punch","Terror+1","Dagger Spray","Blade Dance+1","Die Die Die","Injury","Parasite","Dagger Spray+1","Endless Agony","Caltrops","Dagger Spray+1","Masterful Stab","Escape Plan","Bite","Bite","Bite","Bite","Bite","Dodge and Roll","After Image","Finisher","Backflip","Deadly Poison","Tactician"],"relics":["Ring of the Snake","Torii","Regal Pillow","Shuriken","Bag of Preparation","Happy Flower","Calling Bell","Tiny Chest","Ornamental Fan","Calipers","Thread and Needle","Blue Candle","Matryoshka","Orichalcum","Smiling Mask","Busted Crown","Meat on the Bone"],"potions_floor_usage":[12,20,23,29,40,40],"damage_taken":[{"damage":3,"enemies":"Jaw Worm","floor":1,"turns":6},{"damage":0,"enemies":"Cultist","floor":2,"turns":5},{"damage":0,"enemies":"Small Slimes","floor":4,"turns":4},{"damage":2,"enemies":"Looter","floor":5,"turns":4},{"damage":31,"enemies":"Gremlin Nob","floor":7,"turns":6},{"damage":2,"enemies":"Blue Slaver","floor":11,"turns":4},{"damage":2,"enemies":"Lagavulin","floor":12,"turns":5},{"damage":8,"enemies":"Gremlin Nob","floor":14,"turns":4},{"damage":0,"enemies":"Hexaghost","floor":16,"turns":8},{"damage":12,"enemies":"2 Thieves","floor":18,"turns":4},{"damage":23,"enemies":"Colosseum Slavers","floor":20,"turns":4},{"damage":24,"enemies":"Colosseum Nobs","floor":20,"turns":4},{"damage":2,"enemies":"Book of Stabbing","floor":23,"turns":5},{"damage":12,"enemies":"Spheric Guardian","floor":24,"turns":4},{"damage":8,"enemies":"Gremlin Leader","floor":27,"turns":4},{"damage":2,"enemies":"Shelled Parasite and Fungi","floor":29,"turns":5},{"damage":13,"enemies":"Snecko","floor":31,"turns":4},{"damage":62,"enemies":"Champ","floor":33,"turns":12},{"damage":19,"enemies":"3 Shapes","floor":35,"turns":6},{"damage":0,"enemies":"Orb Walker","floor":36,"turns":2},{"damage":0,"enemies":"Writhing Mass","floor":37,"turns":6},{"damage":0,"enemies":"Spire Growth","floor":39,"turns":5},{"damage":83,"enemies":"Giant Head","floor":40,"turns":10}],"seed_played":"-6167024008297765606","potions_obtained":[{"floor":1,"key":"FairyPotion"},{"floor":7,"key":"AttackPotion"},{"floor":16,"key":"Energy Potion"},{"floor":20,"key":"Weak Potion"},{"floor":27,"key":"EssenceOfSteel"},{"floor":33,"key":"GhostInAJar"},{"floor":35,"key":"PowerPotion"}],"is_trial":false,"path_per_floor":["M","M","?","M","M","R","E","R","T","?","M","E","R","E","R","B",null,"M","$","?","?","T","E","M","R","T","E","?","M","R","M","R","B",null,"M","M","M","$","M","E"],"character_chosen":"THE_SILENT","items_purchased":["Endless Agony","Meat on the Bone"],"campfire_rested":3,"item_purchase_floors":[19,38],"current_hp_per_floor":[42,42,42,42,40,40,9,45,45,62,60,58,58,50,50,50,65,53,53,6,6,6,4,7,43,43,37,37,41,41,36,70,21,58,49,51,61,61,69,0],"gold":336,"neow_bonus":"ONE_RARE_RELIC","is_prod":false,"is_daily":false,"chose_seed":false,"campfire_upgraded":4,"win_rate":0,"timestamp":1551573142,"path_taken":["M","M","?","?","M","R","E","R","T","?","M","E","R","E","R","BOSS","M","$","?","?","?","E","M","R","T","E","?","M","R","?","R","BOSS","M","M","M","$","M","E"],"build_version":"2019-01-23","purchased_purges":1,"victory":false,"max_hp_per_floor":[70,70,70,70,70,70,70,70,70,70,70,70,70,70,70,70,70,70,70,70,70,70,70,70,70,70,70,70,70,70,70,70,70,70,70,70,70,70,70,70],"card_choices":[{"not_picked":["Well Laid Plans","Outmaneuver"],"picked":"Footwork","floor":1},{"not_picked":["Deflect","Backflip"],"picked":"Cloak And Dagger","floor":2},{"not_picked":["Backflip","Poisoned Stab"],"picked":"PiercingWail","floor":4},{"not_picked":["Unload","Dash"],"picked":"Masterful Stab","floor":5},{"not_picked":["PiercingWail","Noxious Fumes"],"picked":"Sucker Punch","floor":7},{"not_picked":["Bane","Deflect"],"picked":"Terror","floor":11},{"not_picked":["Quick Slash","Poisoned Stab"],"picked":"Dagger Spray","floor":12},{"not_picked":["PiercingWail","Night Terror"],"picked":"Blade Dance","floor":14},{"not_picked":["Malaise","Unload"],"picked":"Die Die Die","floor":16},{"not_picked":["Dagger Throw","Outmaneuver"],"picked":"Dagger Spray+1","floor":18},{"not_picked":["Bane+1","Acrobatics"],"picked":"Caltrops","floor":20},{"not_picked":["Flying Knee","Outmaneuver"],"picked":"Dagger Spray+1","floor":23},{"not_picked":["Finisher","Dagger Throw"],"picked":"Masterful Stab","floor":24},{"not_picked":["A Thousand Cuts","Outmaneuver"],"picked":"Escape Plan","floor":27},{"not_picked":["Bane","Poisoned Stab+1","Riddle With Holes"],"picked":"SKIP","floor":29},{"not_picked":["Bane","Finisher"],"picked":"Dodge and Roll","floor":31},{"not_picked":["Glass Knife","Doppelganger"],"picked":"After Image","floor":33},{"not_picked":[],"picked":"Finisher","floor":35},{"not_picked":[],"picked":"Backflip","floor":36},{"not_picked":[],"picked":"Deadly Poison","floor":37},{"not_picked":[],"picked":"Tactician","floor":39}],"player_experience":233322,"relics_obtained":[{"floor":7,"key":"Regal Pillow"},{"floor":9,"key":"Shuriken"},{"floor":12,"key":"Bag of Preparation"},{"floor":14,"key":"Happy Flower"},{"floor":17,"key":"Tiny Chest"},{"floor":17,"key":"Ornamental Fan"},{"floor":17,"key":"Calipers"},{"floor":20,"key":"Thread and Needle"},{"floor":20,"key":"Blue Candle"},{"floor":22,"key":"Matryoshka"},{"floor":23,"key":"Blood Vial"},{"floor":26,"key":"Orichalcum"},{"floor":27,"key":"Smiling Mask"}],"event_choices":[{"cards_removed":["Strike_G"],"damage_healed":0,"gold_gain":0,"player_choice":"Offered Basic","damage_taken":0,"max_hp_gain":0,"max_hp_loss":0,"event_name":"Bonfire Elementals","floor":3,"gold_loss":0},{"damage_healed":17,"gold_gain":0,"player_choice":"Healed","damage_taken":0,"max_hp_gain":0,"max_hp_loss":0,"event_name":"The Cleric","floor":10,"gold_loss":35},{"damage_healed":0,"gold_gain":0,"player_choice":"Fight","damage_taken":0,"max_hp_gain":0,"max_hp_loss":0,"event_name":"Colosseum","floor":20,"gold_loss":0},{"damage_healed":0,"gold_gain":0,"player_choice":"Fought Nobs","damage_taken":0,"max_hp_gain":0,"max_hp_loss":0,"event_name":"Colosseum","floor":20,"gold_loss":0},{"damage_healed":0,"gold_gain":0,"player_choice":"Ignored","damage_taken":0,"max_hp_gain":0,"max_hp_loss":0,"event_name":"Cursed Tome","floor":21,"gold_loss":0},{"damage_healed":0,"gold_gain":0,"player_choice":"Became a vampire (Vial)","damage_taken":0,"max_hp_gain":0,"max_hp_loss":0,"event_name":"Vampires","floor":28,"relics_lost":["Blood Vial"],"gold_loss":0,"cards_obtained":["Bite","Bite","Bite","Bite","Bite"]}],"is_beta":false,"boss_relics":[{"not_picked":["Orrery","Fusion Hammer"],"picked":"Calling Bell"},{"not_picked":["Tiny House","Ring of the Serpent"],"picked":"Busted Crown"}],"items_purged_floors":[19],"is_endless":false,"potions_floor_spawned":[1,7,16,20,27,33,35],"killed_by":"Giant Head","ascension_level":7}