{"gold_per_floor":[115,190,210,210,210,210,240,240,240,128,147,167,187,198,198,301,301,314,69,69,80,91,110,144,144,168,179,192,222,238,283,295,404,416,446,458,283,296,312,344,344,357,357,357,383,258,291,303,303,303],"floor_reached":50,"playtime":3300,"items_purged":["Strike_R","Strike_R","Strike_R"],"score":861,"play_id":"a2c15ce0-7e0b-43bc-aa21-fff593c18c75","local_time":"20190523231711","is_ascension_mode":true,"campfire_choices":[{"data":"Armaments","floor":6.0,"key":"SMITH"},{"data":"Inflame","floor":8.0,"key":"SMITH"},{"data":"Infernal Blade","floor":15.0,"key":"SMITH"},{"floor":25.0,"key":"REST"},{"floor":32.0,"key":"REST"},{"floor":41.0,"key":"RECALL"},{"floor":44.0,"key":"REST"},{"floor":49.0,"key":"REST"}],"neow_cost":"NONE","seed_source_timestamp":0,"circlet_count":0,"master_deck":["Strike_R","Defend_R","Defend_R","Defend_R","Defend_R","Bash","Armaments+1","Pommel Strike","Inflame+1","Flame Barrier","Clothesline","Shrug It Off","Infernal Blade+1","Heavy Blade","Feed+1","Rampage","Flame Barrier","Rage","Anger","Searing Blow","Infernal Blade+1","Clash+1","Bludgeon","Armaments+1","Dark Shackles+1","Jack Of All Trades+1","Clash+1","Entrench+1","Fire Breathing+1","Infernal Blade+1","Headbutt+1"],"special_seed":0,"relics":["Burning Blood","Magic Flower","Gremlin Horn","Sozu","Ornamental Fan","Toxic Egg 2","PreservedInsect","Dodecahedron","MawBank","Fusion Hammer","Frozen Egg 2","Regal Pillow","Shuriken"],"potions_floor_usage":[],"damage_taken":[{"damage":1.0,"enemies":"2 Louse","floor":1.0,"turns":3.0},{"damage":7.0,"enemies":"Jaw Worm","floor":3.0,"turns":4.0},{"damage":28.0,"enemies":"Gremlin Nob","floor":7.0,"turns":4.0},{"damage":0.0,"enemies":"Cultist","floor":11.0,"turns":3.0},{"damage":3.0,"enemies":"Lots of Slimes","floor":12.0,"turns":4.0},{"damage":3.0,"enemies":"Exordium Wildlife","floor":13.0,"turns":7.0},{"damage":4.0,"enemies":"Exordium Thugs","floor":14.0,"turns":5.0},{"damage":29.0,"enemies":"Slime Boss","floor":16.0,"turns":11.0},{"damage":17.0,"enemies":"Shell Parasite","floor":18.0,"turns":7.0},{"damage":0.0,"enemies":"Chosen","floor":21.0,"turns":4.0},{"damage":4.0,"enemies":"Shelled Parasite and Fungi","floor":22.0,"turns":7.0},{"damage":12.0,"enemies":"Snake Plant","floor":23.0,"turns":4.0},{"damage":59.0,"enemies":"Book of Stabbing","floor":24.0,"turns":8.0},{"damage":19.0,"enemies":"Chosen and Byrds","floor":27.0,"turns":6.0},{"damage":37.0,"enemies":"Shelled Parasite and Fungi","floor":28.0,"turns":7.0},{"damage":42.0,"enemies":"Slavers","floor":29.0,"turns":8.0},{"damage":19.0,"enemies":"Sentry and Sphere","floor":30.0,"turns":4.0},{"damage":42.0,"enemies":"Automaton","floor":33.0,"turns":11.0},{"damage":21.0,"enemies":"3 Shapes","floor":35.0,"turns":5.0},{"damage":0.0,"enemies":"Orb Walker","floor":38.0,"turns":3.0},{"damage":1.0,"enemies":"Jaw Worm Horde","floor":39.0,"turns":4.0},{"damage":16.0,"enemies":"Nemesis","floor":40.0,"turns":6.0},{"damage":15.0,"enemies":"Transient","floor":42.0,"turns":5.0},{"damage":51.0,"enemies":"Giant Head","floor":45.0,"turns":8.0},{"damage":0.0,"enemies":"Nemesis","floor":47.0,"turns":5.0},{"damage":41.0,"enemies":"Writhing Mass","floor":48.0,"turns":6.0},{"damage":0,"enemies":"Awakened One","floor":50,"turns":1}],"seed_played":"-7325778884159066245","potions_obtained":[{"floor":7.0,"key":"SpeedPotion"},{"floor":11.0,"key":"Block Potion"},{"floor":12.0,"key":"SkillPotion"},{"floor":16.0,"key":"Dexterity Potion"}],"is_trial":false,"path_per_floor":["M","?","M","?","?","R","E","R","T","$","M","M","M","M","R","B",null,"M","$","?","M","M","M","E","R","T","M","M","E","M","T","R","B",null,"M","?","$","M","M","E","R","M","T","R","E","$","E","M","R","B"],"character_chosen":"IRONCLAD","items_purchased":["Flame Barrier","Ornamental Fan","Jack Of All Trades+1"],"campfire_rested":4,"item_purchase_floors":[10,19,37],"current_hp_per_floor":[85,74,73,66,66,66,44,44,44,44,53,59,65,70,70,50,79,77,77,77,86,96,93,49,79,79,75,47,20,16,16,49,16,88,82,82,82,91,105,98,98,92,92,120,78,78,87,55,106,106],"gold":303,"neow_bonus":"TEN_PERCENT_HP_BONUS","is_prod":false,"is_daily":false,"chose_seed":false,"campfire_upgraded":3,"win_rate":0,"timestamp":1558671431,"path_taken":["M","?","M","?","?","R","E","R","T","$","M","M","M","M","R","BOSS","M","$","?","M","?","M","E","R","T","?","M","E","M","?","R","BOSS","M","?","$","M","M","E","R","M","T","R","E","?","E","M","R","BOSS"],"build_version":"2019-01-23","purchased_purges":3,"victory":false,"max_hp_per_floor":[88,88,88,88,88,88,88,88,88,88,88,88,88,88,88,88,88,92,92,92,92,96,96,100,100,100,104,104,108,112,112,112,112,112,116,116,116,116,120,120,120,120,120,120,120,120,120,120,120,120],"card_choices":[{"not_picked":["Warcry","Flex"],"picked":"Armaments","floor":1.0},{"not_picked":["Hemokinesis","Seeing Red"],"picked":"Pommel Strike","floor":3.0},{"not_picked":["Second Wind","Sever Soul"],"picked":"Inflame","floor":7.0},{"not_picked":["Power Through","Anger"],"picked":"Clothesline","floor":11.0},{"not_picked":["Pommel Strike","Feel No Pain"],"picked":"Shrug It Off","floor":12.0},{"not_picked":["True Grit","Clash"],"picked":"Infernal Blade","floor":13.0},{"not_picked":["Entrench","Clash"],"picked":"Heavy Blade","floor":14.0},{"not_picked":["Reaper","Brutality"],"picked":"Feed","floor":16.0},{"not_picked":["Second Wind","Corruption+1"],"picked":"Rampage","floor":18.0},{"not_picked":["Cleave","Warcry"],"picked":"Flame Barrier","floor":21.0},{"not_picked":["Armaments","Clothesline","Rampage"],"picked":"SKIP","floor":22.0},{"not_picked":["Havoc","Sentinel"],"picked":"Rage","floor":23.0},{"not_picked":["Dual Wield","Iron Wave"],"picked":"Anger","floor":24.0},{"not_picked":["Thunderclap","Dropkick"],"picked":"Searing Blow","floor":27.0},{"not_picked":["Clothesline+1","Wild Strike"],"picked":"Infernal Blade+1","floor":28.0},{"not_picked":["Wild Strike","Dark Embrace","Thunderclap+1"],"picked":"SKIP","floor":29.0},{"not_picked":["Pommel Strike","Heavy Blade"],"picked":"Clash+1","floor":30.0},{"not_picked":["Berserk","Impervious+1"],"picked":"Bludgeon","floor":33.0},{"not_picked":["Havoc+1","Dropkick"],"picked":"Armaments+1","floor":35.0},{"not_picked":["True Grit+1","Blood for Blood+1","Cleave"],"picked":"SKIP","floor":38.0},{"not_picked":["Burning Pact+1","Cleave+1"],"picked":"Clash+1","floor":39.0},{"not_picked":["Rampage+1","Armaments+1","Feed"],"picked":"SKIP","floor":40.0},{"not_picked":["Heavy Blade","Warcry+1"],"picked":"Entrench+1","floor":42.0},{"not_picked":["Power Through+1","Dropkick"],"picked":"Fire Breathing+1","floor":45.0},{"not_picked":["Rupture+1","Warcry+1"],"picked":"Infernal Blade+1","floor":47.0},{"not_picked":["Iron Wave+1","True Grit+1"],"picked":"Headbutt+1","floor":48.0}],"player_experience":224833,"relics_obtained":[{"floor":7.0,"key":"Magic Flower"},{"floor":9.0,"key":"Gremlin Horn"},{"floor":24.0,"key":"Toxic Egg 2"},{"floor":26.0,"key":"PreservedInsect"},{"floor":29.0,"key":"Dodecahedron"},{"floor":31.0,"key":"MawBank"},{"floor":40.0,"key":"Frozen Egg 2"},{"floor":45.0,"key":"Regal Pillow"},{"floor":47.0,"key":"Shuriken"}],"event_choices":[{"damage_healed":0.0,"max_hp_gain":0.0,"max_hp_loss":0.0,"gold_gain":75.0,"event_name":"World of Goop","player_choice":"Gather Gold","floor":2.0,"gold_loss":0.0,"damage_taken":11.0},{"cards_removed":["Strike_R"],"damage_healed":0.0,"max_hp_gain":0.0,"max_hp_loss":0.0,"gold_gain":0.0,"event_name":"Golden Wing","player_choice":"Card Removal","floor":4.0,"gold_loss":0.0,"damage_taken":7.0},{"damage_healed":0.0,"max_hp_gain":0.0,"max_hp_loss":0.0,"gold_gain":0.0,"event_name":"Liars Game","player_choice":"Ignored","floor":5.0,"gold_loss":0.0,"damage_taken":0.0},{"damage_healed":0.0,"max_hp_gain":0.0,"max_hp_loss":0.0,"gold_gain":0.0,"event_name":"Upgrade Shrine","player_choice":"Upgraded","floor":20.0,"gold_loss":0.0,"damage_taken":0.0,"cards_upgraded":["Feed"]},{"damage_healed":0.0,"max_hp_gain":0.0,"max_hp_loss":0.0,"gold_gain":0.0,"event_name":"Match and Keep!","player_choice":"1 cards matched","floor":36.0,"gold_loss":0.0,"damage_taken":0.0,"cards_obtained":["Dark Shackles"]}],"is_beta":false,"boss_relics":[{"not_picked":["Eternal Feather","Runic Pyramid"],"picked":"Sozu"},{"not_picked":["Lizard Tail","Calling Bell"],"picked":"Fusion Hammer"}],"items_purged_floors":[10,37,46],"is_endless":false,"potions_floor_spawned":[7,11,12,16,18,22,28,33,40],"killed_by":"Awakened One","ascension_level":7}