{"gold_per_floor":[111,125,200,200,212,212,239,249,273,273,292,306,319,332,332,435,435,450,450,450,450,450,450,19,50,50,50,65,65,95,107,107,206,206,224,235,255,255,255],"floor_reached":39,"playtime":1402,"items_purged":[],"score":675,"play_id":"4048804d-4355-441b-855b-3c33552c3693","local_time":"20190420141523","is_ascension_mode":true,"campfire_choices":[{"data":"Neutralize","floor":6,"key":"SMITH"},{"floor":10,"key":"REST"},{"floor":15,"key":"REST"},{"data":"Tools of the Trade","floor":23,"key":"SMITH"},{"data":"Envenom","floor":27,"key":"SMITH"},{"data":"Footwork","floor":29,"key":"SMITH"},{"data":"Catalyst","floor":32,"key":"SMITH"}],"neow_cost":"NONE","seed_source_timestamp":151154506852546,"circlet_count":0,"master_deck":["Defend_G","Defend_G","Defend_G","Defend_G","Survivor","Neutralize+1","Doppelganger","Slice","Sucker Punch","Setup","Footwork+1","Backflip","Slice","Die Die Die","Deflect","Dagger Spray","Tools of the Trade+1","Deadly Poison","Bite","Bite","Bite","Bite","Bite","Escape Plan","Envenom+1","Slice","Catalyst+1","Backflip","Corpse Explosion","Noxious Fumes","Noxious Fumes"],"relics":["Ring of the Snake","Vajra","Smiling Mask","Bag of Marbles","Coffee Dripper","MutagenicStrength","Mercury Hourglass","Snake Skull","MealTicket","Du-Vu Doll","Lantern","Juzu Bracelet","Eternal Feather","GremlinMask"],"potions_floor_usage":[11,16,16,25,30,33,33,37],"damage_taken":[{"damage":4,"enemies":"Jaw Worm","floor":1,"turns":5},{"damage":0,"enemies":"2 Louse","floor":2,"turns":3},{"damage":0,"enemies":"Small Slimes","floor":5,"turns":3},{"damage":32,"enemies":"3 Sentries","floor":7,"turns":11},{"damage":3,"enemies":"Looter","floor":8,"turns":3},{"damage":2,"enemies":"Exordium Thugs","floor":11,"turns":4},{"damage":2,"enemies":"2 Fungi Beasts","floor":12,"turns":3},{"damage":13,"enemies":"Large Slime","floor":13,"turns":5},{"damage":1,"enemies":"Looter","floor":14,"turns":2},{"damage":27,"enemies":"Slime Boss","floor":16,"turns":11},{"damage":16,"enemies":"3 Byrds","floor":18,"turns":4},{"damage":43,"enemies":"Gremlin Leader","floor":25,"turns":7},{"damage":1,"enemies":"2 Thieves","floor":28,"turns":2},{"damage":28,"enemies":"Book of Stabbing","floor":30,"turns":6},{"damage":0,"enemies":"Snecko","floor":31,"turns":3},{"damage":17,"enemies":"Collector","floor":33,"turns":6},{"damage":0,"enemies":"3 Darklings","floor":35,"turns":1},{"damage":3,"enemies":"3 Shapes","floor":36,"turns":3},{"damage":23,"enemies":"Jaw Worm Horde","floor":37,"turns":5},{"damage":46,"enemies":"Transient","floor":39,"turns":4}],"seed_played":"-7075040636971905747","potions_obtained":[{"floor":1,"key":"Block Potion"},{"floor":7,"key":"PowerPotion"},{"floor":11,"key":"Swift Potion"},{"floor":13,"key":"LiquidBronze"},{"floor":18,"key":"FearPotion"},{"floor":28,"key":"Regen Potion"},{"floor":30,"key":"SkillPotion"},{"floor":31,"key":"LiquidBronze"},{"floor":36,"key":"Swift Potion"},{"floor":37,"key":"SneckoOil"}],"is_trial":false,"path_per_floor":["M","M","?","?","M","R","E","M","T","R","M","M","M","M","R","B",null,"M","?","?","?","?","R","$","E","T","R","M","R","E","M","R","B",null,"M","M","M","?","M"],"character_chosen":"THE_SILENT","items_purchased":["Snake Skull","MealTicket","Escape Plan"],"campfire_rested":2,"item_purchase_floors":[24,24,24],"current_hp_per_floor":[59,59,48,41,41,41,9,6,6,27,25,23,10,9,30,3,53,37,37,37,37,37,37,37,12,12,12,13,13,12,22,22,21,42,44,43,28,28,0],"gold":255,"neow_bonus":"ONE_RANDOM_RARE_CARD","is_prod":false,"is_daily":false,"chose_seed":false,"campfire_upgraded":5,"win_rate":0,"timestamp":1555787723,"path_taken":["M","M","?","?","M","R","E","M","T","R","M","M","M","M","R","BOSS","M","?","?","?","?","R","$","E","T","R","M","R","E","M","R","BOSS","M","M","M","?","M"],"build_version":"2019-01-23","purchased_purges":0,"victory":false,"max_hp_per_floor":[70,70,70,70,70,70,70,70,70,70,70,70,70,70,70,70,70,70,49,49,49,49,49,49,49,49,49,49,49,49,49,49,49,49,49,49,49,49,49],"card_choices":[{"not_picked":["Expertise","Acrobatics"],"picked":"Slice","floor":1},{"not_picked":["Tactician","Dagger Throw"],"picked":"Sucker Punch","floor":2},{"not_picked":["Eviscerate","Acrobatics"],"picked":"Setup","floor":5},{"not_picked":["Deflect","Wraith Form v2"],"picked":"Footwork","floor":7},{"not_picked":["Choke","Flechettes"],"picked":"Backflip","floor":8},{"not_picked":["Acrobatics","Dodge and Roll"],"picked":"Slice","floor":11},{"not_picked":["Dagger Throw","Choke"],"picked":"Die Die Die","floor":12},{"not_picked":["Bane","Prepared"],"picked":"Deflect","floor":13},{"not_picked":["Acrobatics","Slice"],"picked":"Dagger Spray","floor":14},{"not_picked":["Die Die Die","Burst"],"picked":"Tools of the Trade","floor":16},{"not_picked":["Quick Slash+1","Dagger Throw+1"],"picked":"Deadly Poison","floor":18},{"not_picked":["Cloak And Dagger+1","Acrobatics"],"picked":"Envenom","floor":25},{"not_picked":["Quick Slash","Dagger Throw"],"picked":"Slice","floor":28},{"not_picked":["Phantasmal Killer","Backflip"],"picked":"Catalyst","floor":30},{"not_picked":["Bane","Tactician+1"],"picked":"Backflip","floor":31},{"not_picked":["Storm of Steel","Wraith Form v2"],"picked":"Corpse Explosion","floor":33},{"not_picked":["Quick Slash","Underhanded Strike","Flying Knee"],"picked":"SKIP","floor":35},{"not_picked":["Bouncing Flask+1","Deflect+1"],"picked":"Noxious Fumes","floor":36},{"not_picked":["Dodge and Roll+1","Predator"],"picked":"Noxious Fumes","floor":37}],"player_experience":466537,"relics_obtained":[{"floor":7,"key":"Smiling Mask"},{"floor":9,"key":"Bag of Marbles"},{"floor":25,"key":"Du-Vu Doll"},{"floor":26,"key":"Lantern"},{"floor":30,"key":"Juzu Bracelet"}],"event_choices":[{"damage_healed":0,"gold_gain":75,"player_choice":"Gather Gold","damage_taken":11,"max_hp_gain":0,"max_hp_loss":0,"event_name":"World of Goop","floor":3,"gold_loss":0},{"damage_healed":0,"gold_gain":0,"player_choice":"Success","damage_taken":7,"relics_obtained":["Vajra"],"max_hp_gain":0,"max_hp_loss":0,"event_name":"Scrap Ooze","floor":4,"gold_loss":0},{"damage_healed":0,"gold_gain":0,"player_choice":"Became a vampire","damage_taken":0,"max_hp_gain":0,"max_hp_loss":21,"event_name":"Vampires","floor":19,"gold_loss":0,"cards_obtained":["Bite","Bite","Bite","Bite","Bite"]},{"damage_healed":0,"gold_gain":0,"player_choice":"Inject Mutagens","damage_taken":0,"relics_obtained":["MutagenicStrength"],"max_hp_gain":0,"max_hp_loss":0,"event_name":"Drug Dealer","floor":20,"gold_loss":0},{"damage_healed":0,"gold_gain":0,"player_choice":"Opened","damage_taken":0,"relics_obtained":["Mercury Hourglass"],"max_hp_gain":0,"max_hp_loss":0,"event_name":"The Mausoleum","floor":21,"gold_loss":0},{"cards_removed":["Defend_G"],"damage_healed":0,"gold_gain":0,"player_choice":"Elegance","damage_taken":0,"max_hp_gain":0,"max_hp_loss":0,"event_name":"Back to Basics","floor":22,"gold_loss":0},{"damage_healed":0,"gold_gain":0,"player_choice":"Trade","damage_taken":0,"relics_obtained":["GremlinMask"],"max_hp_gain":0,"max_hp_loss":0,"event_name":"FaceTrader","floor":38,"gold_loss":0}],"is_beta":false,"boss_relics":[{"not_picked":["Black Star","Sozu"],"picked":"Coffee Dripper"},{"not_picked":["Ring of the Serpent","Tiny House"],"picked":"Eternal Feather"}],"items_purged_floors":[],"is_endless":false,"potions_floor_spawned":[1,7,11,13,18,28,30,31,36,37],"killed_by":"Transient","ascension_level":9}