{"gold_per_floor":[109,129,129,145,4,35,46,46,46,61,61,78,78,95,95,198,198,218,293,139,139,154,154,166,166],"floor_reached":25,"playtime":1013,"items_purged":["Strike_B"],"score":215,"play_id":"f7813787-55cb-4541-ab08-fdd20acd792b","local_time":"20190506214315","is_ascension_mode":true,"campfire_choices":[{"data":"Biased Cognition","floor":13,"key":"SMITH"},{"data":"Rainbow","floor":15,"key":"SMITH"},{"data":"Consume","floor":23,"key":"SMITH"}],"neow_cost":"NONE","seed_source_timestamp":1582614856959300,"circlet_count":0,"master_deck":["Strike_B","Strike_B","Defend_B","Defend_B","Defend_B","Defend_B","Zap+1","Dualcast","Rainbow+1","Steam","Ball Lightning","Cold Snap","Biased Cognition+1","Steam","Capacitor","Compile Driver","Buffer","Self Repair","Consume+1","Rebound+1","Coolheaded+1"],"relics":["Cracked Core","Turnip","Girya","Black Star","Vajra"],"potions_floor_usage":[6,25,25,25],"damage_taken":[{"damage":3,"enemies":"2 Louse","floor":1,"turns":3},{"damage":0,"enemies":"Jaw Worm","floor":2,"turns":4},{"damage":1,"enemies":"Cultist","floor":4,"turns":3},{"damage":15,"enemies":"3 Sentries","floor":6,"turns":6},{"damage":0,"enemies":"Exordium Thugs","floor":7,"turns":5},{"damage":8,"enemies":"Blue Slaver","floor":10,"turns":3},{"damage":0,"enemies":"Exordium Wildlife","floor":12,"turns":3},{"damage":1,"enemies":"2 Fungi Beasts","floor":14,"turns":3},{"damage":13,"enemies":"The Guardian","floor":16,"turns":8},{"damage":1,"enemies":"Shell Parasite","floor":18,"turns":5},{"damage":19,"enemies":"2 Thieves","floor":22,"turns":5},{"damage":22,"enemies":"Shelled Parasite and Fungi","floor":24,"turns":5},{"damage":32,"enemies":"Gremlin Leader","floor":25,"turns":3}],"seed_played":"2292913457097128106","potions_obtained":[{"floor":1,"key":"FocusPotion"},{"floor":12,"key":"Poison Potion"},{"floor":14,"key":"Explosive Potion"},{"floor":16,"key":"Poison Potion"}],"is_trial":false,"path_per_floor":["M","M","?","M","$","E","M","?","T","M","?","M","R","M","R","B",null,"M","?","$","T","M","R","M","E"],"character_chosen":"DEFECT","items_purchased":["Biased Cognition","Consume"],"campfire_rested":0,"item_purchase_floors":[5,20],"current_hp_per_floor":[72,72,65,64,64,49,49,49,49,41,46,46,46,45,45,32,75,74,67,67,67,48,48,26,0],"gold":166,"neow_bonus":"ONE_RANDOM_RARE_CARD","is_prod":false,"is_daily":false,"chose_seed":false,"campfire_upgraded":3,"win_rate":0,"timestamp":1557196995,"path_taken":["M","M","?","M","$","E","M","?","T","M","?","M","R","M","R","BOSS","M","?","$","?","?","R","M","E"],"build_version":"2019-01-23","purchased_purges":1,"victory":false,"max_hp_per_floor":[75,75,75,75,75,75,75,75,75,75,75,75,75,75,75,75,75,75,75,75,75,75,75,75,75],"card_choices":[{"not_picked":["Blizzard","Beam Cell"],"picked":"Steam","floor":1},{"not_picked":["Tempest","Lockon"],"picked":"Ball Lightning","floor":2},{"not_picked":["Heatsinks","Conserve Battery"],"picked":"Cold Snap","floor":4},{"not_picked":["Cold Snap","Storm"],"picked":"Hologram","floor":6},{"not_picked":["Heatsinks","Lockon","Turbo"],"picked":"SKIP","floor":7},{"not_picked":["Beam Cell","Tempest"],"picked":"Steam","floor":10},{"not_picked":["Conserve Battery","Cold Snap"],"picked":"Capacitor","floor":12},{"not_picked":["Rebound","Redo"],"picked":"Compile Driver","floor":14},{"not_picked":["Core Surge","Meteor Strike"],"picked":"Buffer","floor":16},{"not_picked":["Genetic Algorithm","Sunder+1"],"picked":"Self Repair","floor":18},{"not_picked":["Cold Snap","Turbo"],"picked":"Rebound+1","floor":22},{"not_picked":["Rip and Tear","Hologram+1"],"picked":"Coolheaded+1","floor":24}],"player_experience":137227,"relics_obtained":[{"floor":6,"key":"Turnip"},{"floor":9,"key":"Girya"},{"floor":21,"key":"Vajra"}],"event_choices":[{"cards_removed":["Strike_B"],"damage_healed":0,"gold_gain":0,"player_choice":"Card Removal","damage_taken":7,"max_hp_gain":0,"max_hp_loss":0,"event_name":"Golden Wing","floor":3,"gold_loss":0},{"damage_healed":0,"gold_gain":0,"player_choice":"Grow","damage_taken":0,"max_hp_gain":0,"max_hp_loss":0,"event_name":"Living Wall","floor":8,"gold_loss":0,"cards_upgraded":["Zap"]},{"cards_removed":["Hologram"],"damage_healed":5,"gold_gain":0,"player_choice":"Offered Common","damage_taken":0,"max_hp_gain":0,"max_hp_loss":0,"event_name":"Bonfire Elementals","floor":11,"gold_loss":0},{"cards_removed":["Hologram"],"damage_healed":5,"gold_gain":0,"player_choice":"Offered Special","damage_taken":0,"max_hp_gain":0,"max_hp_loss":0,"event_name":"Bonfire Elementals","floor":11,"gold_loss":0},{"damage_healed":0,"gold_gain":75,"player_choice":"Touch","damage_taken":7,"max_hp_gain":0,"max_hp_loss":0,"event_name":"FaceTrader","floor":19,"gold_loss":0}],"is_beta":false,"boss_relics":[{"not_picked":["Eternal Feather","Orrery"],"picked":"Black Star"}],"items_purged_floors":[20],"is_endless":false,"potions_floor_spawned":[1,12,14,16],"killed_by":"Gremlin Leader","ascension_level":1}