{"gold_per_floor":[119,78,78,78,89,119,119,145,145,145,13,13,31,43,43,119,119,131,143,193,25,25],"floor_reached":22,"playtime":1053,"items_purged":[],"score":434,"play_id":"0c7f7049-5c37-478f-9d9c-21caaae3ee88","local_time":"20190505002651","is_ascension_mode":true,"campfire_choices":[{"data":"Leg Sweep","floor":7,"key":"SMITH"},{"data":"Predator","floor":10,"key":"SMITH"},{"floor":12,"key":"REST"},{"data":"Crippling Poison","floor":15,"key":"SMITH"}],"neow_cost":"NONE","seed_source_timestamp":41267654210372,"circlet_count":0,"master_deck":["AscendersBane","Defend_G","Defend_G","Defend_G","Defend_G","Defend_G","Strike_G","Strike_G","Strike_G","Strike_G","Survivor","Neutralize","Leg Sweep+1","Predator+1","Burst","Backstab","Crippling Poison+1","Adrenaline","Outmaneuver+1"],"relics":["Ring of the Snake","NeowsBlessing","The Courier","Ginger","Blue Candle","Letter Opener","Regal Pillow","Philosopher\u0027s Stone","Medical Kit"],"potions_floor_usage":[8,16,18],"damage_taken":[{"damage":0,"enemies":"Cultist","floor":1,"turns":1},{"damage":0,"enemies":"Jaw Worm","floor":5,"turns":1},{"damage":0,"enemies":"3 Sentries","floor":6,"turns":1},{"damage":26,"enemies":"Lagavulin","floor":8,"turns":8},{"damage":0,"enemies":"Small Slimes","floor":13,"turns":2},{"damage":21,"enemies":"Exordium Thugs","floor":14,"turns":5},{"damage":39,"enemies":"Hexaghost","floor":16,"turns":11},{"damage":0,"enemies":"2 Thieves","floor":18,"turns":4},{"damage":15,"enemies":"Spheric Guardian","floor":19,"turns":5},{"damage":37,"enemies":"Chosen and Byrds","floor":22,"turns":4}],"seed_played":"-5909825792098987627","potions_obtained":[{"floor":5,"key":"PowerPotion"},{"floor":13,"key":"Ancient Potion"},{"floor":14,"key":"Strength Potion"},{"floor":16,"key":"Fire Potion"},{"floor":19,"key":"SteroidPotion"}],"is_trial":false,"path_per_floor":["M","?","?","?","M","E","R","E","T","R","$","R","M","M","R","B",null,"M","M","?","$","M"],"character_chosen":"THE_SILENT","items_purchased":["Regal Pillow","Medical Kit"],"campfire_rested":1,"item_purchase_floors":[11,21],"current_hp_per_floor":[59,59,59,59,59,59,59,33,33,33,33,66,66,45,45,6,51,51,36,36,36,0],"gold":25,"neow_bonus":"THREE_ENEMY_KILL","is_prod":false,"is_daily":false,"chose_seed":false,"campfire_upgraded":3,"win_rate":0,"timestamp":1557005211,"path_taken":["M","?","?","?","M","E","R","E","T","R","$","R","M","M","R","BOSS","M","M","?","$","M"],"build_version":"2019-01-23","purchased_purges":0,"victory":false,"max_hp_per_floor":[66,66,66,66,66,66,66,66,66,66,66,66,66,66,66,66,66,66,66,66,66,66],"card_choices":[{"not_picked":["PiercingWail","Deflect"],"picked":"Leg Sweep","floor":1},{"not_picked":["Flying Knee","Reflex"],"picked":"Predator","floor":5},{"not_picked":["Outmaneuver","Flechettes"],"picked":"Burst","floor":6},{"not_picked":["Dodge and Roll","Eviscerate"],"picked":"Backstab","floor":8},{"not_picked":["Slice","Poisoned Stab","Deflect"],"picked":"SKIP","floor":13},{"not_picked":["Dash","PiercingWail"],"picked":"Crippling Poison","floor":14},{"not_picked":["Wraith Form v2","Malaise"],"picked":"Adrenaline","floor":16},{"not_picked":["Acrobatics","All Out Attack","Flying Knee"],"picked":"SKIP","floor":18},{"not_picked":["Deflect+1","Deadly Poison"],"picked":"Outmaneuver+1","floor":19}],"player_experience":1097198,"relics_obtained":[{"floor":4,"key":"The Courier"},{"floor":6,"key":"Ginger"},{"floor":8,"key":"Blue Candle"},{"floor":9,"key":"Letter Opener"}],"event_choices":[{"damage_healed":0,"gold_gain":0,"player_choice":"Left Gold","damage_taken":0,"max_hp_gain":0,"max_hp_loss":0,"event_name":"World of Goop","floor":2,"gold_loss":41},{"cards_removed":["Strike_G"],"damage_healed":0,"gold_gain":0,"player_choice":"Forget","damage_taken":0,"max_hp_gain":0,"max_hp_loss":0,"event_name":"Living Wall","floor":3,"gold_loss":0},{"damage_healed":0,"gold_gain":0,"player_choice":"Relic","damage_taken":0,"max_hp_gain":0,"max_hp_loss":0,"event_name":"Wheel of Change","floor":4,"gold_loss":0},{"damage_healed":0,"gold_gain":50,"player_choice":"Stole From Cult","damage_taken":0,"max_hp_gain":0,"max_hp_loss":0,"event_name":"Nest","floor":20,"gold_loss":0}],"is_beta":false,"boss_relics":[{"not_picked":["Sozu","Snecko Eye"],"picked":"Philosopher\u0027s Stone"}],"items_purged_floors":[],"is_endless":false,"potions_floor_spawned":[5,13,14,16,19],"killed_by":"Chosen and Byrds","ascension_level":20}