{"gold_per_floor":[111,129,148,68,80,80,145,145,172,205,219,244,304,6,6,6],"floor_reached":16,"playtime":869,"items_purged":["Strike_B"],"score":126,"play_id":"89ae9ea7-0bdf-4aea-a068-423831d656b7","local_time":"20190507101256","is_ascension_mode":true,"campfire_choices":[{"data":"Ball Lightning","floor":6,"key":"SMITH"},{"data":"Go for the Eyes","floor":8,"key":"SMITH"},{"data":"Glacier","floor":15,"key":"SMITH"}],"neow_cost":"NONE","seed_source_timestamp":1627748934604900,"circlet_count":0,"master_deck":["Strike_B","Strike_B","Strike_B","Defend_B","Defend_B","Defend_B","Defend_B","Zap+1","Dualcast","Ball Lightning+1","Storm","Glacier+1","Heatsinks","Glacier","Go for the Eyes+1","Sunder","Cold Snap","Thunder Strike","Conserve Battery","Self Repair","Barrage"],"relics":["Cracked Core","Tiny Chest","Strawberry","Bronze Scales","DataDisk","MawBank","Bag of Marbles"],"potions_floor_usage":[10,13,13,16],"damage_taken":[{"damage":0,"enemies":"Cultist","floor":1,"turns":4},{"damage":0,"enemies":"2 Louse","floor":2,"turns":2},{"damage":1,"enemies":"Jaw Worm","floor":3,"turns":3},{"damage":0,"enemies":"Looter","floor":5,"turns":4},{"damage":55,"enemies":"Gremlin Nob","floor":7,"turns":7},{"damage":27,"enemies":"3 Sentries","floor":10,"turns":8},{"damage":1,"enemies":"2 Fungi Beasts","floor":11,"turns":2},{"damage":2,"enemies":"Lagavulin","floor":12,"turns":8},{"damage":6,"enemies":"3 Sentries","floor":13,"turns":8},{"damage":4,"enemies":"The Guardian","floor":16,"turns":2}],"seed_played":"4601382676914627272","potions_obtained":[{"floor":1,"key":"FearPotion"},{"floor":3,"key":"Dexterity Potion"},{"floor":5,"key":"FairyPotion"},{"floor":12,"key":"Fruit Juice"},{"floor":13,"key":"Swift Potion"}],"is_trial":false,"path_per_floor":["M","M","M","$","M","R","E","R","T","E","M","E","?","$","R","B"],"character_chosen":"DEFECT","items_purchased":["Heatsinks","Self Repair","Bag of Marbles","Barrage"],"campfire_rested":0,"item_purchase_floors":[4,14,14,14],"current_hp_per_floor":[75,75,74,74,74,74,19,19,26,8,7,5,4,4,4,0],"gold":6,"neow_bonus":"UPGRADE_CARD","is_prod":false,"is_daily":false,"chose_seed":false,"campfire_upgraded":3,"win_rate":0,"timestamp":1557241976,"path_taken":["M","?","M","$","M","R","E","R","T","E","M","E","?","?","R","BOSS"],"build_version":"2019-01-23","purchased_purges":1,"victory":false,"max_hp_per_floor":[75,75,75,75,75,75,75,75,82,82,82,82,87,87,87,87],"card_choices":[{"not_picked":["Chaos","Skim"],"picked":"Ball Lightning","floor":1},{"not_picked":["Streamline","Reinforced Body"],"picked":"Storm","floor":2},{"not_picked":["Conserve Battery","Barrage"],"picked":"Glacier","floor":3},{"not_picked":["Leap","Steam Power"],"picked":"Glacier","floor":5},{"not_picked":["Conserve Battery","Darkness"],"picked":"Go for the Eyes","floor":7},{"not_picked":["Barrage","Go for the Eyes"],"picked":"Sunder","floor":10},{"not_picked":["Conserve Battery","Chill"],"picked":"Cold Snap","floor":11},{"not_picked":["Tempest","Gash"],"picked":"Thunder Strike","floor":12},{"not_picked":["Static Discharge","Double Energy"],"picked":"Conserve Battery","floor":13}],"player_experience":138257,"relics_obtained":[{"floor":7,"key":"Tiny Chest"},{"floor":9,"key":"Strawberry"},{"floor":10,"key":"Bronze Scales"},{"floor":12,"key":"DataDisk"},{"floor":13,"key":"MawBank"}],"event_choices":[{"damage_healed":0,"gold_gain":0,"player_choice":"Searched \u00272\u0027 times","damage_taken":0,"max_hp_gain":0,"max_hp_loss":0,"event_name":"Dead Adventurer","floor":13,"gold_loss":0}],"is_beta":false,"boss_relics":[],"items_purged_floors":[14],"is_endless":false,"potions_floor_spawned":[1,3,5,12,13],"killed_by":"The Guardian","ascension_level":1}