{"gold_per_floor":[110,260,260,260,185,185,205,226,226,256,271,271,196,220,220,220],"floor_reached":16,"playtime":1167,"items_purged":["Injury"],"score":158,"play_id":"c4aa0fa6-16b0-4d18-a4e8-89b36ebc6310","local_time":"20181115202847","is_ascension_mode":true,"campfire_choices":[{"data":"True Grit","floor":6,"key":"SMITH"},{"floor":12,"key":"REST"},{"data":"Rampage","floor":15,"key":"SMITH"}],"neow_cost":"NONE","seed_source_timestamp":6508736598769,"circlet_count":0,"master_deck":["AscendersBane","Strike_R","Strike_R","Strike_R","Strike_R","Strike_R","Defend_R","Defend_R","Defend_R","Defend_R","Bash","True Grit+1","Berserk","Metallicize","Rampage+1","Battle Trance"],"relics":["Burning Blood","Singing Bowl","Golden Idol","Kunai","Odd Mushroom"],"potions_floor_usage":[10],"damage_taken":[{"damage":9,"enemies":"Small Slimes","floor":1,"turns":5},{"damage":8,"enemies":"2 Louse","floor":7,"turns":3},{"damage":15,"enemies":"Jaw Worm","floor":8,"turns":5},{"damage":39,"enemies":"The Mushroom Lair","floor":10,"turns":6},{"damage":8,"enemies":"2 Fungi Beasts","floor":11,"turns":5},{"damage":0,"enemies":"Large Slime","floor":14,"turns":5},{"damage":41,"enemies":"Hexaghost","floor":16,"turns":9}],"seed_played":"8065862634373256037","potions_obtained":[{"floor":7,"key":"AttackPotion"},{"floor":14,"key":"GamblersBrew"}],"is_trial":false,"path_per_floor":["M","?","?","?","?","R","M","M","T","?","M","R","$","M","R","B"],"character_chosen":"IRONCLAD","items_purchased":[],"campfire_rested":1,"item_purchase_floors":[],"current_hp_per_floor":[72,72,54,54,54,54,52,43,43,12,10,35,35,41,41,0],"gold":220,"neow_bonus":"TEN_PERCENT_HP_BONUS","is_prod":false,"is_daily":false,"chose_seed":false,"campfire_upgraded":2,"win_rate":0,"timestamp":1542302927,"path_taken":["M","?","?","?","?","R","M","M","T","?","M","R","?","?","R","BOSS"],"build_version":"2018-11-08","purchased_purges":1,"victory":false,"max_hp_per_floor":[82,82,82,82,82,82,82,82,82,84,84,84,84,84,84,84],"card_choices":[{"not_picked":["Power Through","Thunderclap"],"picked":"True Grit","floor":1},{"not_picked":["Twin Strike","Cleave"],"picked":"Berserk","floor":7},{"not_picked":["Heavy Blade","Twin Strike"],"picked":"Metallicize","floor":8},{"not_picked":["Rupture","Perfected Strike","Infernal Blade"],"picked":"Singing Bowl","floor":10},{"not_picked":["Dual Wield","Cleave"],"picked":"Rampage","floor":11},{"not_picked":["True Grit","Metallicize"],"picked":"Battle Trance","floor":14}],"player_experience":728490,"relics_obtained":[{"floor":9,"key":"Kunai"},{"floor":10,"key":"Odd Mushroom"}],"event_choices":[{"damage_healed":0,"gold_gain":150,"player_choice":"AGREE","damage_taken":0,"max_hp_gain":0,"max_hp_loss":0,"event_name":"Liars Game","floor":2,"gold_loss":0,"cards_obtained":["Doubt"]},{"damage_healed":0,"gold_gain":0,"player_choice":"Success","damage_taken":18,"relics_obtained":["Singing Bowl"],"max_hp_gain":0,"max_hp_loss":0,"event_name":"Scrap Ooze","floor":3,"gold_loss":0},{"damage_healed":0,"gold_gain":0,"player_choice":"Take Wound","damage_taken":0,"relics_obtained":["Golden Idol"],"max_hp_gain":0,"max_hp_loss":0,"event_name":"Golden Idol","floor":4,"gold_loss":0,"cards_obtained":["Injury"]},{"cards_removed":["Doubt"],"damage_healed":0,"gold_gain":0,"player_choice":"Card Removal","damage_taken":0,"max_hp_gain":0,"max_hp_loss":0,"event_name":"The Cleric","floor":5,"gold_loss":75},{"damage_healed":0,"gold_gain":0,"player_choice":"Fought Mushrooms","damage_taken":0,"max_hp_gain":0,"max_hp_loss":0,"event_name":"Mushrooms","floor":10,"gold_loss":0}],"is_beta":false,"boss_relics":[],"items_purged_floors":[13],"is_endless":false,"potions_floor_spawned":[7,14],"killed_by":"Hexaghost","ascension_level":15}