{"gold_per_floor":[113,45,45,56,70,98,108,108,153,153,169,181,181,206,206,303,303,315,315,330,342,353,353,382,382,382,411,38,38,38,63,63,161,161,179,194,154,167,180,208,208,239,239,271,284,298,0,32,32,32],"floor_reached":50,"playtime":4060,"items_purged":["Defend_G"],"score":842,"play_id":"fef1ccd4-fbed-48a4-a42b-39bb7779ea13","local_time":"20190429154536","is_ascension_mode":true,"campfire_choices":[{"floor":8,"key":"REST"},{"floor":10,"key":"REST"},{"data":"Blade Dance","floor":13,"key":"SMITH"},{"data":"Dodge and Roll","floor":15,"key":"SMITH"},{"floor":23,"key":"REST"},{"floor":25,"key":"REST"},{"data":"Defend_G","floor":29,"key":"PURGE"},{"data":"Defend_G","floor":32,"key":"PURGE"},{"floor":41,"key":"REST"},{"floor":49,"key":"REST"}],"neow_cost":"NONE","seed_source_timestamp":953180288474500,"circlet_count":0,"master_deck":["Defend_G+1","Defend_G+1","Strike_G","Strike_G","Strike_G","Survivor","Neutralize+1","Skewer","Well Laid Plans","Finisher+1","Backflip","Blade Dance+1","PiercingWail","Cloak And Dagger","Calculated Gamble","Dodge and Roll+1","Adrenaline","Poisoned Stab","Blade Dance","All Out Attack","Dagger Throw","Blade Dance","Finisher","Infinite Blades","Blade Dance+1","Unload","Dagger Spray+1","Backstab+1","Finisher+1","Dagger Throw+1","Quick Slash+1","Finisher","Quick Slash+1","Underhanded Strike","Masterful Stab"],"relics":["Ring of the Snake","Ancient Tea Set","Matryoshka","Centennial Puzzle","War Paint","Bag of Preparation","Fusion Hammer","FaceOfCleric","Happy Flower","Lantern","Pantograph","Peace Pipe","Boot","Gambling Chip","Empty Cage","Omamori","Juzu Bracelet","StoneCalendar","Bottled Flame","Bronze Scales"],"potions_floor_usage":[6,14,14,21,33,33,39,39,40,50],"damage_taken":[{"damage":2,"enemies":"Small Slimes","floor":1,"turns":5},{"damage":0,"enemies":"Cultist","floor":4,"turns":4},{"damage":0,"enemies":"2 Louse","floor":5,"turns":2},{"damage":45,"enemies":"Gremlin Nob","floor":6,"turns":7},{"damage":18,"enemies":"Gremlin Gang","floor":7,"turns":5},{"damage":3,"enemies":"Large Slime","floor":11,"turns":6},{"damage":0,"enemies":"Exordium Thugs","floor":12,"turns":5},{"damage":5,"enemies":"3 Sentries","floor":14,"turns":8},{"damage":27,"enemies":"The Guardian","floor":16,"turns":13},{"damage":2,"enemies":"Shell Parasite","floor":18,"turns":9},{"damage":2,"enemies":"Chosen","floor":20,"turns":2},{"damage":14,"enemies":"Sentry and Sphere","floor":21,"turns":5},{"damage":0,"enemies":"Snecko","floor":22,"turns":4},{"damage":7,"enemies":"Book of Stabbing","floor":24,"turns":8},{"damage":8,"enemies":"Slavers","floor":27,"turns":5},{"damage":1,"enemies":"Book of Stabbing","floor":31,"turns":3},{"damage":36,"enemies":"Champ","floor":33,"turns":8},{"damage":20,"enemies":"3 Darklings","floor":35,"turns":3},{"damage":17,"enemies":"3 Shapes","floor":36,"turns":2},{"damage":0,"enemies":"Jaw Worm Horde","floor":38,"turns":1},{"damage":1,"enemies":"Maw","floor":39,"turns":5},{"damage":18,"enemies":"Reptomancer","floor":40,"turns":2},{"damage":0,"enemies":"Giant Head","floor":42,"turns":1},{"damage":0,"enemies":"Nemesis","floor":44,"turns":1},{"damage":0,"enemies":"3 Darklings","floor":45,"turns":1},{"damage":0,"enemies":"Writhing Mass","floor":46,"turns":3},{"damage":5,"enemies":"Giant Head","floor":48,"turns":4},{"damage":89,"enemies":"Awakened One","floor":50,"turns":4}],"seed_played":"-6577455023583756681","potions_obtained":[{"floor":1,"key":"SpeedPotion"},{"floor":7,"key":"Fire Potion"},{"floor":11,"key":"Swift Potion"},{"floor":16,"key":"Dexterity Potion"},{"floor":18,"key":"PowerPotion"},{"floor":31,"key":"Fire Potion"},{"floor":33,"key":"GhostInAJar"},{"floor":38,"key":"FearPotion"},{"floor":39,"key":"Strength Potion"},{"floor":40,"key":"Ancient Potion"},{"floor":44,"key":"Ancient Potion"},{"floor":46,"key":"PowerPotion"}],"is_trial":false,"path_per_floor":["M","$","?","M","M","E","M","R","T","R","M","M","R","E","R","B",null,"M","?","M","M","M","R","E","R","T","E","$","R","?","E","R","B",null,"M","M","?","M","M","E","R","E","T","E","M","M","$","E","R","B"],"character_chosen":"THE_SILENT","items_purchased":["Well Laid Plans","Finisher","Infinite Blades","Boot","Bottled Flame","Underhanded Strike"],"campfire_rested":6,"item_purchase_floors":[2,28,28,28,47,47],"current_hp_per_floor":[68,68,68,68,68,23,5,26,26,47,44,44,44,39,39,12,70,68,68,67,54,55,73,67,74,74,67,67,67,60,60,60,41,77,58,42,42,43,43,26,50,51,51,52,53,54,54,50,76,0],"gold":32,"neow_bonus":"RANDOM_COMMON_RELIC","is_prod":false,"is_daily":false,"chose_seed":false,"campfire_upgraded":2,"win_rate":0,"timestamp":1556570736,"path_taken":["M","$","?","M","?","E","M","R","T","R","M","?","R","E","R","BOSS","M","?","?","M","?","R","E","R","T","E","$","R","?","E","R","BOSS","M","?","?","M","M","E","R","E","T","E","M","M","?","E","R","BOSS"],"build_version":"2019-01-23","purchased_purges":1,"victory":false,"max_hp_per_floor":[70,70,70,70,70,70,70,70,70,70,70,70,70,70,70,70,70,70,70,71,72,73,73,74,74,74,75,75,75,75,76,76,77,77,78,79,79,80,81,82,82,83,83,84,85,86,86,87,87,87],"card_choices":[{"not_picked":["Leg Sweep","Tactician"],"picked":"Skewer","floor":1},{"not_picked":["Dagger Throw","Slice"],"picked":"Finisher","floor":4},{"not_picked":["Noxious Fumes","Tools of the Trade"],"picked":"Backflip","floor":5},{"not_picked":["Quick Slash","Bane"],"picked":"Blade Dance","floor":6},{"not_picked":["Skewer","Prepared"],"picked":"PiercingWail","floor":7},{"not_picked":["Prepared","Blade Dance"],"picked":"Cloak And Dagger","floor":11},{"not_picked":["Slice","Night Terror"],"picked":"Calculated Gamble","floor":12},{"not_picked":["Quick Slash","Dagger Throw"],"picked":"Dodge and Roll","floor":14},{"not_picked":["Venomology","Tools of the Trade"],"picked":"Adrenaline","floor":16},{"not_picked":["Setup+1","Quick Slash"],"picked":"Poisoned Stab","floor":18},{"not_picked":["Riddle With Holes","Underhanded Strike","Poisoned Stab"],"picked":"SKIP","floor":20},{"not_picked":["Reflex","Acrobatics"],"picked":"Blade Dance","floor":21},{"not_picked":["Cloak And Dagger","Catalyst"],"picked":"All Out Attack","floor":22},{"not_picked":["Acrobatics","After Image"],"picked":"Dagger Throw","floor":24},{"not_picked":["Dagger Throw","Night Terror"],"picked":"Blade Dance","floor":27},{"not_picked":["Finisher","Slice"],"picked":"Blade Dance+1","floor":31},{"not_picked":["After Image","Corpse Explosion"],"picked":"Unload","floor":33},{"not_picked":["Riddle With Holes+1","Deadly Poison"],"picked":"Dagger Spray+1","floor":35},{"not_picked":["Sucker Punch","Dagger Throw","Expertise+1"],"picked":"SKIP","floor":36},{"not_picked":["Underhanded Strike+1","Outmaneuver+1"],"picked":"Backstab+1","floor":38},{"not_picked":["All Out Attack","Setup","Dagger Spray"],"picked":"SKIP","floor":39},{"not_picked":["Deflect+1","Masterful Stab"],"picked":"Finisher+1","floor":40},{"not_picked":["Choke+1","Distraction"],"picked":"Dagger Throw+1","floor":42},{"not_picked":["Masterful Stab","Grand Finale"],"picked":"Quick Slash+1","floor":44},{"not_picked":["Bane+1","Blade Dance"],"picked":"Finisher","floor":45},{"not_picked":["Flying Knee","Dagger Spray"],"picked":"Quick Slash+1","floor":46},{"not_picked":["Predator","Backflip"],"picked":"Masterful Stab","floor":48}],"player_experience":63256,"relics_obtained":[{"floor":6,"key":"Matryoshka"},{"floor":9,"key":"Centennial Puzzle"},{"floor":9,"key":"War Paint"},{"floor":14,"key":"Bag of Preparation"},{"floor":24,"key":"Happy Flower"},{"floor":26,"key":"Lantern"},{"floor":26,"key":"Pantograph"},{"floor":27,"key":"Peace Pipe"},{"floor":31,"key":"Gambling Chip"},{"floor":40,"key":"Omamori"},{"floor":42,"key":"Juzu Bracelet"},{"floor":44,"key":"StoneCalendar"},{"floor":48,"key":"Bronze Scales"}],"event_choices":[{"damage_healed":0,"gold_gain":0,"player_choice":"Upgraded","damage_taken":0,"max_hp_gain":0,"max_hp_loss":0,"event_name":"Upgrade Shrine","floor":3,"gold_loss":0,"cards_upgraded":["Neutralize"]},{"damage_healed":0,"gold_gain":0,"player_choice":"Trade","damage_taken":0,"relics_obtained":["FaceOfCleric"],"max_hp_gain":0,"max_hp_loss":0,"event_name":"FaceTrader","floor":19,"gold_loss":0},{"damage_healed":0,"gold_gain":0,"player_choice":"","damage_taken":7,"max_hp_gain":0,"max_hp_loss":0,"event_name":"Knowing Skull","floor":30,"potions_obtained":[],"gold_loss":0,"cards_obtained":[]},{"damage_healed":0,"gold_gain":0,"player_choice":"Upgrade","damage_taken":0,"max_hp_gain":0,"max_hp_loss":0,"event_name":"Designer","floor":37,"gold_loss":40,"cards_upgraded":["Finisher"]}],"is_beta":false,"boss_relics":[{"not_picked":["Tiny House","Philosopher\u0027s Stone"],"picked":"Fusion Hammer"},{"not_picked":["HoveringKite","Ring of the Serpent"],"picked":"Empty Cage"}],"items_purged_floors":[28],"is_endless":false,"potions_floor_spawned":[1,7,11,16,18,31,33,38,39,40,44,46],"killed_by":"Awakened One","ascension_level":1}