{"gold_per_floor":[109,109,136,95,95,95,128,128,128,53,53,64,89,102,102,102],"floor_reached":16,"playtime":442,"items_purged":["Regret"],"score":255,"play_id":"29570957-55c9-4ce6-9e9e-3ba47fb9706c","local_time":"20190409203247","is_ascension_mode":true,"campfire_choices":[{"data":"Zap","floor":6,"key":"SMITH"},{"data":"Defragment","floor":8,"key":"SMITH"},{"data":"Capacitor","floor":11,"key":"SMITH"},{"data":"Dualcast","floor":15,"key":"SMITH"}],"neow_cost":"NONE","seed_source_timestamp":11062731783575,"circlet_count":0,"master_deck":["AscendersBane","Strike_B","Strike_B","Strike_B","Defend_B","Defend_B","Defend_B","Defend_B","Zap+1","Dualcast+1","Chill","Defragment+1","Capacitor+1","Chill+1"],"relics":["Cracked Core","NeowsBlessing","Bag of Marbles","Pantograph","Bottled Lightning","Mummified Hand","Toxic Egg 2"],"potions_floor_usage":[13,16],"damage_taken":[{"damage":0,"enemies":"Jaw Worm","floor":1,"turns":1},{"damage":0,"enemies":"Lagavulin","floor":7,"turns":1},{"damage":0,"enemies":"Small Slimes","floor":12,"turns":1},{"damage":8,"enemies":"Gremlin Nob","floor":13,"turns":3},{"damage":0,"enemies":"2 Louse","floor":14,"turns":2},{"damage":74,"enemies":"Hexaghost","floor":16,"turns":11}],"seed_played":"5090836018441768576","potions_obtained":[{"floor":12,"key":"AttackPotion"},{"floor":13,"key":"Dexterity Potion"}],"is_trial":false,"path_per_floor":["M","?","T","$","?","R","E","R","T","$","R","M","E","M","R","B"],"character_chosen":"DEFECT","items_purchased":["Defragment"],"campfire_rested":0,"item_purchase_floors":[4],"current_hp_per_floor":[64,64,64,64,64,64,64,64,64,64,64,64,56,56,56,0],"gold":102,"neow_bonus":"THREE_ENEMY_KILL","is_prod":false,"is_daily":false,"chose_seed":false,"campfire_upgraded":4,"win_rate":0,"timestamp":1554831167,"path_taken":["M","?","?","?","?","R","E","R","T","$","R","?","E","M","R","BOSS"],"build_version":"2019-01-23","purchased_purges":1,"victory":false,"max_hp_per_floor":[71,71,71,71,71,71,71,71,71,71,71,71,71,71,71,71],"card_choices":[{"not_picked":["Streamline","Stack"],"picked":"Chill","floor":1},{"not_picked":["Compile Driver","Leap"],"picked":"Capacitor","floor":7},{"not_picked":["Barrage","Steam","Static Discharge"],"picked":"SKIP","floor":12},{"not_picked":["Barrage","Steam","Static Discharge"],"picked":"SKIP","floor":12},{"not_picked":["Turbo","Barrage"],"picked":"Chill","floor":13},{"not_picked":["Leap+1","Redo+1","Auto Shields+1"],"picked":"SKIP","floor":14}],"player_experience":1038155,"relics_obtained":[{"floor":3,"key":"Bag of Marbles"},{"floor":7,"key":"Bottled Lightning"},{"floor":9,"key":"Mummified Hand"},{"floor":13,"key":"Toxic Egg 2"}],"event_choices":[{"cards_removed":["Strike_B"],"damage_healed":0,"gold_gain":0,"player_choice":"Forget","damage_taken":0,"max_hp_gain":0,"max_hp_loss":0,"event_name":"Living Wall","floor":2,"gold_loss":0},{"damage_healed":0,"gold_gain":0,"player_choice":"Box","damage_taken":0,"relics_obtained":["Pantograph"],"max_hp_gain":0,"max_hp_loss":0,"event_name":"Big Fish","floor":5,"gold_loss":0,"cards_obtained":["Regret"]}],"is_beta":false,"boss_relics":[],"items_purged_floors":[10],"is_endless":false,"potions_floor_spawned":[12,13],"killed_by":"Hexaghost","ascension_level":19}