{"gold_per_floor":[114,114,114,138,138,138,171,171,198,242,242,265,265,340,340,439,439,463,463,482,532,532,532,72,107,159,159,199,219,219,255,255,349,349,368,117,135,158,158,158,189,189,189,213,237,237,260,560,560,560],"floor_reached":50,"playtime":5160,"items_purged":["Writhe","Hyperbeam+1"],"score":1012,"play_id":"4d8d7d38-620b-4f49-860f-78608e4bebb2","local_time":"20181126200052","is_ascension_mode":true,"campfire_choices":[{"data":"Zap","floor":6.0,"key":"SMITH"},{"data":"Loop","floor":8.0,"key":"SMITH"},{"data":"Reinforced Body","floor":11.0,"key":"SMITH"},{"data":"Coolheaded","floor":13.0,"key":"SMITH"},{"floor":15.0,"key":"REST"},{"data":"Creative AI","floor":23.0,"key":"SMITH"},{"floor":27.0,"key":"REST"},{"data":"Defragment","floor":32.0,"key":"SMITH"},{"data":"Fission","floor":40.0,"key":"SMITH"},{"floor":42.0,"key":"REST"},{"floor":46.0,"key":"REST"},{"floor":49.0,"key":"REST"}],"neow_cost":"NONE","seed_source_timestamp":0,"circlet_count":0,"master_deck":["AscendersBane","Defend_B","Defend_B","Zap+1","Dualcast","Capacitor","Cold Snap","Loop+1","Reinforced Body+1","Coolheaded+1","Creative AI+1","BootSequence","Chill+1","Defragment+1","Capacitor","Creative AI","Fission+1","Rainbow+1","Fusion+1","Hologram+1","Loop","Defragment"],"special_seed":0,"relics":["Cracked Core","NeowsBlessing","Mummified Hand","Golden Idol","Bronze Scales","Orichalcum","Ancient Tea Set","Empty Cage","Dead Branch","Incense Burner","Meat on the Bone","Happy Flower","Red Mask","Smiling Mask","Astrolabe","Runic Capacitor","Bottled Flame","Bottled Lightning"],"potions_floor_usage":[50],"damage_taken":[{"damage":0.0,"enemies":"2 Louse","floor":1.0,"turns":1.0},{"damage":0.0,"enemies":"Small Slimes","floor":4.0,"turns":1.0},{"damage":0.0,"enemies":"3 Sentries","floor":7.0,"turns":1.0},{"damage":24.0,"enemies":"Lagavulin","floor":10.0,"turns":6.0},{"damage":0.0,"enemies":"Cultist","floor":12.0,"turns":3.0},{"damage":20.0,"enemies":"The Guardian","floor":16.0,"turns":11.0},{"damage":5.0,"enemies":"3 Byrds","floor":18.0,"turns":3.0},{"damage":5.0,"enemies":"Shell Parasite","floor":20.0,"turns":7.0},{"damage":22.0,"enemies":"Book of Stabbing","floor":25.0,"turns":6.0},{"damage":34.0,"enemies":"Masked Bandits","floor":28.0,"turns":6.0},{"damage":0.0,"enemies":"Cultist and Chosen","floor":29.0,"turns":7.0},{"damage":0.0,"enemies":"Colosseum Slavers","floor":30.0,"turns":7.0},{"damage":1.0,"enemies":"Slavers","floor":31.0,"turns":4.0},{"damage":25.0,"enemies":"Collector","floor":33.0,"turns":13.0},{"damage":0.0,"enemies":"3 Shapes","floor":35.0,"turns":3.0},{"damage":0.0,"enemies":"3 Darklings","floor":37.0,"turns":6.0},{"damage":17.0,"enemies":"Transient","floor":38.0,"turns":5.0},{"damage":7.0,"enemies":"Nemesis","floor":41.0,"turns":7.0},{"damage":0.0,"enemies":"4 Shapes","floor":44.0,"turns":4.0},{"damage":17.0,"enemies":"Maw","floor":45.0,"turns":5.0},{"damage":13.0,"enemies":"Writhing Mass","floor":47.0,"turns":5.0},{"damage":79,"enemies":"Awakened One","floor":50,"turns":8}],"seed_played":"-5423308968152054127","potions_obtained":[{"floor":1.0,"key":"SpeedPotion"},{"floor":4.0,"key":"SpeedPotion"},{"floor":31.0,"key":"Weak Potion"},{"floor":47.0,"key":"Fruit Juice"}],"is_trial":false,"path_per_floor":["M","?","?","M","?","R","E","R","T","E","R","M","R","?","R","B",null,"M","?","M","?","?","R","$","E","T","R","?","M","?","E","R","B",null,"M","$","M","M","?","R","E","R","T","M","M","R","M","?","R","B"],"character_chosen":"DEFECT","items_purchased":["Defragment","Incense Burner","Runic Capacitor"],"campfire_rested":5,"item_purchase_floors":[24,24,36],"current_hp_per_floor":[64,53,53,53,46,46,46,46,46,22,22,22,22,11,32,12,56,51,51,46,46,46,46,46,24,24,45,23,35,47,46,46,33,62,62,62,62,45,45,45,38,59,59,59,42,63,50,50,76,0],"gold":560,"neow_bonus":"THREE_ENEMY_KILL","is_prod":false,"is_daily":false,"chose_seed":false,"campfire_upgraded":7,"win_rate":0,"timestamp":1543251652,"path_taken":["M","?","?","M","?","R","E","R","T","E","R","M","R","?","R","BOSS","M","?","M","?","?","R","$","E","T","R","?","M","?","E","R","BOSS","M","$","M","M","?","R","E","R","T","M","M","R","?","?","R","BOSS"],"build_version":"2018-11-15","purchased_purges":2,"victory":false,"max_hp_per_floor":[71,71,71,71,71,71,71,71,71,71,71,71,71,71,71,71,71,71,71,71,71,71,71,71,71,71,71,71,71,71,71,71,71,71,71,71,71,71,71,71,71,71,71,71,71,71,71,71,76,76],"card_choices":[{"not_picked":["Tempest","Coolheaded"],"picked":"Capacitor","floor":1.0},{"not_picked":["Sweeping Beam","Beam Cell"],"picked":"Cold Snap","floor":4.0},{"not_picked":["Stack","Rebound"],"picked":"Loop","floor":7.0},{"not_picked":["Leap","Reprogram"],"picked":"Reinforced Body","floor":10.0},{"not_picked":["Steam Power","Conserve Battery"],"picked":"Coolheaded","floor":12.0},{"not_picked":["Core Surge","Thunder Strike"],"picked":"Creative AI","floor":16.0},{"not_picked":["Undo","Redo"],"picked":"BootSequence","floor":18.0},{"not_picked":["Go for the Eyes","Reinforced Body"],"picked":"Chill+1","floor":20.0},{"not_picked":["Sweeping Beam","Aggregate"],"picked":"Capacitor","floor":25.0},{"not_picked":["Go for the Eyes","Rebound+1","Coolheaded+1"],"picked":"SKIP","floor":29.0},{"not_picked":["Steam","Aggregate"],"picked":"Creative AI","floor":31.0},{"not_picked":["Multi-Cast","Meteor Strike"],"picked":"Fission","floor":33.0},{"not_picked":["Leap","Scrape","Go for the Eyes+1"],"picked":"SKIP","floor":35.0},{"not_picked":["Streamline+1","Stack+1","Coolheaded"],"picked":"SKIP","floor":37.0},{"not_picked":["Sweeping Beam+1","Genetic Algorithm","Skim"],"picked":"SKIP","floor":38.0},{"not_picked":["Leap+1","Auto Shields+1"],"picked":"Hologram+1","floor":41.0},{"not_picked":["Sweeping Beam","Leap"],"picked":"Loop","floor":44.0},{"not_picked":["Stack","Aggregate+1","Hello World"],"picked":"SKIP","floor":45.0},{"not_picked":["Sweeping Beam","Turbo"],"picked":"Defragment","floor":47.0}],"player_experience":747534,"relics_obtained":[{"floor":7.0,"key":"Bronze Scales"},{"floor":9.0,"key":"Orichalcum"},{"floor":10.0,"key":"Ancient Tea Set"},{"floor":25.0,"key":"Meat on the Bone"},{"floor":26.0,"key":"Happy Flower"},{"floor":28.0,"key":"Red Mask"},{"floor":31.0,"key":"Smiling Mask"},{"floor":41.0,"key":"Bottled Flame"},{"floor":43.0,"key":"Bottled Lightning"}],"event_choices":[{"damage_healed":0.0,"max_hp_gain":0.0,"max_hp_loss":0.0,"gold_gain":0.0,"event_name":"Scrap Ooze","player_choice":"Success","floor":2.0,"gold_loss":0.0,"damage_taken":11.0,"relics_obtained":["Mummified Hand"]},{"damage_healed":0.0,"max_hp_gain":0.0,"max_hp_loss":0.0,"gold_gain":0.0,"event_name":"Golden Idol","player_choice":"Take Wound","floor":3.0,"gold_loss":0.0,"damage_taken":0.0,"relics_obtained":["Golden Idol"],"cards_obtained":["Injury"]},{"cards_removed":["Injury"],"damage_healed":0.0,"max_hp_gain":0.0,"max_hp_loss":0.0,"gold_gain":0.0,"event_name":"Golden Wing","player_choice":"Card Removal","floor":5.0,"gold_loss":0.0,"damage_taken":7.0},{"damage_healed":0.0,"max_hp_gain":0.0,"max_hp_loss":0.0,"gold_gain":75.0,"event_name":"World of Goop","player_choice":"Gather Gold","floor":14.0,"gold_loss":0.0,"damage_taken":11.0},{"cards_removed":["Strike_B"],"damage_healed":0.0,"max_hp_gain":0.0,"max_hp_loss":0.0,"gold_gain":0.0,"event_name":"Back to Basics","player_choice":"Elegance","floor":19.0,"gold_loss":0.0,"damage_taken":0.0},{"damage_healed":0.0,"max_hp_gain":0.0,"max_hp_loss":0.0,"gold_gain":50.0,"event_name":"Nest","player_choice":"Stole From Cult","floor":21.0,"gold_loss":0.0,"damage_taken":0.0},{"damage_healed":0.0,"max_hp_gain":0.0,"max_hp_loss":0.0,"gold_gain":0.0,"event_name":"The Mausoleum","player_choice":"Opened","floor":22.0,"gold_loss":0.0,"damage_taken":0.0,"relics_obtained":["Dead Branch"],"cards_obtained":["Writhe"]},{"damage_healed":0.0,"max_hp_gain":0.0,"max_hp_loss":0.0,"gold_gain":0.0,"event_name":"Masked Bandits","player_choice":"Fought Bandits","floor":28.0,"gold_loss":0.0,"damage_taken":0.0},{"damage_healed":0.0,"max_hp_gain":0.0,"max_hp_loss":0.0,"gold_gain":0.0,"event_name":"Colosseum","player_choice":"Fight","floor":30.0,"gold_loss":0.0,"damage_taken":0.0},{"damage_healed":0.0,"max_hp_gain":0.0,"max_hp_loss":0.0,"gold_gain":0.0,"event_name":"Colosseum","player_choice":"Fled From Nobs","floor":30.0,"gold_loss":0.0,"damage_taken":0.0},{"damage_healed":0.0,"max_hp_gain":0.0,"max_hp_loss":0.0,"gold_gain":0.0,"event_name":"SecretPortal","player_choice":"Ignored","floor":39.0,"gold_loss":0.0,"damage_taken":0.0},{"damage_healed":0.0,"max_hp_gain":0.0,"max_hp_loss":0.0,"gold_gain":300.0,"event_name":"Wheel of Change","player_choice":"Gold","floor":48.0,"gold_loss":0.0,"damage_taken":0.0}],"is_beta":false,"boss_relics":[{"not_picked":["Tiny House","Snecko Eye"],"picked":"Empty Cage"},{"not_picked":["FrozenCore","Runic Pyramid"],"picked":"Astrolabe"}],"items_purged_floors":[24,36],"is_endless":false,"potions_floor_spawned":[1,4,10,18,30,31,33,37,38,47],"killed_by":"Awakened One","ascension_level":15}