{"gold_per_floor":[210,220,220,233,246,246,297,325,408,420,449,315,315,315,315,315],"floor_reached":16,"playtime":511,"items_purged":[],"score":145,"play_id":"d94eb0d6-4bcc-468d-9d09-7cb2138cc065","local_time":"20190420101703","is_ascension_mode":true,"campfire_choices":[{"data":"Neutralize","floor":6,"key":"SMITH"},{"data":"Venomology","floor":10,"key":"SMITH"},{"data":"Caltrops","floor":13,"key":"SMITH"},{"floor":15,"key":"REST"}],"neow_cost":"NONE","seed_source_timestamp":137751104125681,"circlet_count":0,"master_deck":["Defend_G","Defend_G","Defend_G","Defend_G","Defend_G","Strike_G","Strike_G","Strike_G","Strike_G","Strike_G","Survivor+1","Neutralize+1","Acrobatics","Deadly Poison+1","Backflip","Caltrops+1","Venomology+1","Dodge and Roll"],"relics":["Ring of the Snake","War Paint","MawBank","Mercury Hourglass","Juzu Bracelet","FaceOfCleric"],"potions_floor_usage":[3,3,4,8,11,16,16],"damage_taken":[{"damage":0,"enemies":"2 Louse","floor":1,"turns":6},{"damage":2,"enemies":"Cultist","floor":2,"turns":4},{"damage":8,"enemies":"Small Slimes","floor":4,"turns":4},{"damage":12,"enemies":"Exordium Thugs","floor":5,"turns":7},{"damage":32,"enemies":"3 Sentries","floor":8,"turns":15},{"damage":0,"enemies":"Large Slime","floor":11,"turns":5},{"damage":43,"enemies":"Slime Boss","floor":16,"turns":10}],"seed_played":"-5214147261335674697","potions_obtained":[{"floor":3,"key":"EntropicBrew"},{"floor":3,"key":"Fruit Juice"},{"floor":3,"key":"Fruit Juice"},{"floor":8,"key":"Fire Potion"},{"floor":11,"key":"SpeedPotion"}],"is_trial":false,"path_per_floor":["M","M","?","M","M","R","T","E","T","R","M","$","R","?","R","B"],"character_chosen":"THE_SILENT","items_purchased":["Juzu Bracelet"],"campfire_rested":1,"item_purchase_floors":[12],"current_hp_per_floor":[63,61,71,63,51,51,51,19,19,19,19,19,19,19,43,0],"gold":315,"neow_bonus":"HUNDRED_GOLD","is_prod":false,"is_daily":false,"chose_seed":false,"campfire_upgraded":3,"win_rate":0,"timestamp":1555773423,"path_taken":["M","M","?","?","M","R","?","E","T","R","M","$","R","?","R","BOSS"],"build_version":"2019-01-23","purchased_purges":0,"victory":false,"max_hp_per_floor":[70,70,80,80,80,80,80,80,80,80,80,80,80,80,80,80],"card_choices":[{"not_picked":["Flying Knee","Bane"],"picked":"Acrobatics","floor":1},{"not_picked":["Dash","Backflip"],"picked":"Deadly Poison","floor":2},{"not_picked":["Cloak And Dagger","Poisoned Stab"],"picked":"Backflip","floor":4},{"not_picked":["Dagger Spray","Masterful Stab"],"picked":"Caltrops","floor":5},{"not_picked":["Deflect","Flechettes"],"picked":"Venomology","floor":8},{"not_picked":["Poisoned Stab","Dagger Spray"],"picked":"Dodge and Roll","floor":11}],"player_experience":460582,"relics_obtained":[{"floor":7,"key":"War Paint"},{"floor":8,"key":"MawBank"},{"floor":9,"key":"Mercury Hourglass"}],"event_choices":[{"damage_healed":0,"gold_gain":0,"player_choice":"Got Potions","damage_taken":0,"max_hp_gain":0,"max_hp_loss":0,"event_name":"Lab","floor":3,"gold_loss":0},{"damage_healed":0,"gold_gain":0,"player_choice":"Trade","damage_taken":0,"relics_obtained":["FaceOfCleric"],"max_hp_gain":0,"max_hp_loss":0,"event_name":"FaceTrader","floor":14,"gold_loss":0}],"is_beta":false,"boss_relics":[],"items_purged_floors":[],"is_endless":false,"potions_floor_spawned":[8,11],"killed_by":"Slime Boss","ascension_level":9}