{"gold_per_floor":[110,110,33,45,57,57,68,68,68,94,107,122,122,133,133,133],"floor_reached":16,"playtime":852,"items_purged":[],"score":208,"play_id":"d4ca92f3-c985-47a2-8dde-1f61d89658df","local_time":"20190613001601","is_ascension_mode":true,"campfire_choices":[{"data":"Dualcast","floor":6,"key":"SMITH"},{"floor":8,"key":"REST"},{"data":"Blizzard","floor":13,"key":"SMITH"},{"floor":15,"key":"REST"}],"neow_cost":"NONE","seed_source_timestamp":16248281557871,"circlet_count":0,"master_deck":["AscendersBane","Strike_B","Strike_B","Strike_B","Strike_B","Defend_B","Defend_B","Defend_B","Defend_B","Zap+1","Dualcast+1","Ball Lightning","Glacier","Cold Snap","Blizzard+1","Capacitor","Self Repair"],"relics":["White Beast Statue","Ancient Tea Set","Molten Egg 2"],"potions_floor_usage":[5,7,10,16,16],"damage_taken":[{"damage":4,"enemies":"Jaw Worm","floor":1,"turns":4},{"damage":2,"enemies":"Cultist","floor":4,"turns":4},{"damage":0,"enemies":"2 Louse","floor":5,"turns":2},{"damage":8,"enemies":"Large Slime","floor":7,"turns":5},{"damage":20,"enemies":"Gremlin Nob","floor":10,"turns":6},{"damage":1,"enemies":"2 Fungi Beasts","floor":11,"turns":3},{"damage":7,"enemies":"3 Louse","floor":12,"turns":4},{"damage":6,"enemies":"Exordium Wildlife","floor":14,"turns":5},{"damage":61,"enemies":"Slime Boss","floor":16,"turns":9}],"seed_played":"1365274218960446693","potions_obtained":[{"floor":1,"key":"Ancient Potion"},{"floor":4,"key":"Fire Potion"},{"floor":5,"key":"AttackPotion"},{"floor":7,"key":"Dexterity Potion"},{"floor":10,"key":"GamblersBrew"},{"floor":11,"key":"Swift Potion"}],"is_trial":false,"path_per_floor":["M","?","$","M","M","R","M","R","T","E","M","M","R","M","R","B"],"character_chosen":"DEFECT","items_purchased":["Glacier"],"campfire_rested":2,"item_purchase_floors":[3],"current_hp_per_floor":[60,60,60,58,58,58,50,71,71,51,50,43,43,37,58,0],"gold":133,"neow_bonus":"BOSS_RELIC","is_prod":false,"is_daily":false,"chose_seed":false,"campfire_upgraded":2,"win_rate":0,"timestamp":1560374161,"path_taken":["M","?","?","M","M","R","M","R","T","E","M","M","R","?","R","BOSS"],"build_version":"2019-01-23","purchased_purges":0,"victory":false,"max_hp_per_floor":[71,71,71,71,71,71,71,71,71,71,71,71,71,71,71,71],"card_choices":[{"not_picked":["Sweeping Beam","Darkness"],"picked":"Ball Lightning","floor":1},{"not_picked":["Consume","Tempest","Stack"],"picked":"SKIP","floor":4},{"not_picked":["Skim","Barrage"],"picked":"Cold Snap","floor":5},{"not_picked":["Steam","Conserve Battery"],"picked":"Blizzard","floor":7},{"not_picked":["Gash","Hyperbeam","Rebound"],"picked":"SKIP","floor":10},{"not_picked":["Sweeping Beam+1","Doom and Gloom+1"],"picked":"Capacitor","floor":11},{"not_picked":["Aggregate","Undo","Sunder+1"],"picked":"SKIP","floor":12},{"not_picked":["BootSequence","Recycle"],"picked":"Self Repair","floor":14}],"player_experience":1143067,"relics_obtained":[{"floor":9,"key":"Ancient Tea Set"},{"floor":10,"key":"Molten Egg 2"}],"event_choices":[{"damage_healed":0,"gold_gain":0,"player_choice":"Upgraded","damage_taken":0,"max_hp_gain":0,"max_hp_loss":0,"event_name":"Upgrade Shrine","floor":2,"gold_loss":0,"cards_upgraded":["Zap"]}],"is_beta":false,"boss_relics":[],"items_purged_floors":[],"is_endless":false,"potions_floor_spawned":[1,4,5,7,10,11,12,14],"killed_by":"Slime Boss","ascension_level":20}