{"gold_per_floor":[119,119,135,135,150,182,182,207,207,233,251,251,251,272,272,393,456,476,575,319,299,319,319],"floor_reached":23,"playtime":676,"items_purged":[],"score":293,"play_id":"e552492d-d7db-4df8-8440-2858f50c5507","local_time":"20190309200318","is_ascension_mode":true,"campfire_choices":[{"floor":7,"key":"REST"},{"floor":12,"key":"REST"},{"floor":15,"key":"REST"}],"neow_cost":"TEN_PERCENT_HP_LOSS","seed_source_timestamp":178796713927431,"circlet_count":0,"master_deck":["Defend_G","Defend_G","Defend_G+1","Defend_G","Defend_G","Strike_G","Strike_G","Strike_G","Strike_G","Strike_G","Survivor","Neutralize+1","Corpse Explosion","Footwork","Poisoned Stab","Escape Plan","Poisoned Stab","Noxious Fumes","Terror","Deadly Poison","Injury","Sucker Punch","Bullet Time","Acrobatics","Catalyst","Deflect","Crippling Poison","Prepared","Distraction"],"relics":["Ring of the Snake","Du-Vu Doll","Peace Pipe","The Courier","Art of War","Golden Idol","Tiny House","Oddly Smooth Stone"],"potions_floor_usage":[16,16],"damage_taken":[{"damage":0,"enemies":"Small Slimes","floor":1,"turns":5},{"damage":0,"enemies":"2 Louse","floor":3,"turns":4},{"damage":3,"enemies":"Jaw Worm","floor":5,"turns":4},{"damage":27,"enemies":"3 Sentries","floor":6,"turns":5},{"damage":5,"enemies":"Lagavulin","floor":8,"turns":7},{"damage":36,"enemies":"Gremlin Nob","floor":10,"turns":5},{"damage":1,"enemies":"Blue Slaver","floor":11,"turns":4},{"damage":11,"enemies":"Gremlin Gang","floor":14,"turns":5},{"damage":14,"enemies":"The Guardian","floor":16,"turns":9},{"damage":30,"enemies":"2 Thieves","floor":18,"turns":3},{"damage":28,"enemies":"Spheric Guardian","floor":22,"turns":6},{"damage":15,"enemies":"Slavers","floor":23,"turns":1}],"seed_played":"-722513337651259849","potions_obtained":[{"floor":5,"key":"Weak Potion"},{"floor":8,"key":"Explosive Potion"},{"floor":10,"key":"GhostInAJar"},{"floor":11,"key":"Block Potion"},{"floor":17,"key":"Weak Potion"},{"floor":21,"key":"FairyPotion"}],"is_trial":false,"path_per_floor":["M","?","M","?","M","E","R","E","T","E","M","R","?","M","R","B",null,"M","?","$","?","M","E"],"character_chosen":"THE_SILENT","items_purchased":["Oddly Smooth Stone","Deflect","Crippling Poison","Prepared"],"campfire_rested":3,"item_purchase_floors":[20,20,20,20],"current_hp_per_floor":[63,63,63,56,53,26,44,39,39,3,2,20,20,9,27,13,56,26,26,26,26,6,0],"gold":319,"neow_bonus":"THREE_RARE_CARDS","is_prod":false,"is_daily":false,"chose_seed":false,"campfire_upgraded":0,"win_rate":0,"timestamp":1552183398,"path_taken":["M","?","M","?","M","E","R","E","T","E","M","R","?","M","R","BOSS","M","?","$","?","M","E"],"build_version":"2019-01-23","purchased_purges":0,"victory":false,"max_hp_per_floor":[63,63,63,63,63,63,63,63,63,63,63,63,63,63,63,63,68,68,68,68,68,68,68],"card_choices":[{"not_picked":["Storm of Steel","Wraith Form v2"],"picked":"Corpse Explosion","floor":0},{"not_picked":["PiercingWail","Masterful Stab"],"picked":"Footwork","floor":1},{"not_picked":["Dodge and Roll","Reflex"],"picked":"Poisoned Stab","floor":3},{"not_picked":["Acrobatics","PiercingWail"],"picked":"Escape Plan","floor":5},{"not_picked":["Dagger Throw","Blade Dance"],"picked":"Poisoned Stab","floor":6},{"not_picked":["Concentrate","Caltrops"],"picked":"Noxious Fumes","floor":8},{"not_picked":["Setup","Footwork"],"picked":"Terror","floor":10},{"not_picked":["Grand Finale","Dodge and Roll"],"picked":"Deadly Poison","floor":11},{"not_picked":["Dagger Spray","Cloak And Dagger"],"picked":"Sucker Punch","floor":14},{"not_picked":["Doppelganger","Grand Finale"],"picked":"Bullet Time","floor":16},{"not_picked":["Dagger Throw","Riddle With Holes"],"picked":"Acrobatics","floor":17},{"not_picked":["Accuracy","Deflect"],"picked":"Catalyst","floor":18},{"not_picked":["Endless Agony+1","Quick Slash"],"picked":"Distraction","floor":22}],"player_experience":299914,"relics_obtained":[{"floor":6,"key":"Peace Pipe"},{"floor":8,"key":"The Courier"},{"floor":10,"key":"Art of War"}],"event_choices":[{"damage_healed":0,"gold_gain":0,"player_choice":"Grow","damage_taken":0,"max_hp_gain":0,"max_hp_loss":0,"event_name":"Living Wall","floor":2,"gold_loss":0,"cards_upgraded":["Neutralize"]},{"damage_healed":0,"gold_gain":0,"player_choice":"Success","damage_taken":7,"relics_obtained":["Du-Vu Doll"],"max_hp_gain":0,"max_hp_loss":0,"event_name":"Scrap Ooze","floor":4,"gold_loss":0},{"damage_healed":0,"gold_gain":0,"player_choice":"Take Wound","damage_taken":0,"relics_obtained":["Golden Idol"],"max_hp_gain":0,"max_hp_loss":0,"event_name":"Golden Idol","floor":13,"gold_loss":0,"cards_obtained":["Injury"]},{"damage_healed":0,"gold_gain":99,"player_choice":"Stole From Cult","damage_taken":0,"max_hp_gain":0,"max_hp_loss":0,"event_name":"Nest","floor":19,"gold_loss":0},{"damage_healed":0,"gold_gain":0,"player_choice":"Bought 1 Potion","damage_taken":0,"max_hp_gain":0,"max_hp_loss":0,"event_name":"The Woman in Blue","floor":21,"gold_loss":0}],"is_beta":false,"boss_relics":[{"not_picked":["Pandora\u0027s Box","Philosopher\u0027s Stone"],"picked":"Tiny House"}],"items_purged_floors":[],"is_endless":false,"potions_floor_spawned":[5,8,10,11],"killed_by":"Slavers","ascension_level":8}