{"gold_per_floor":[117,130,145,145,220,220,258,258,336,336],"floor_reached":10,"playtime":9466,"items_purged":[],"score":83,"play_id":"aec9aa8d-79d6-4bea-83e0-f864cedd06e5","local_time":"20190605194441","is_ascension_mode":true,"campfire_choices":[{"floor":6.0,"key":"REST"},{"floor":8.0,"key":"REST"}],"neow_cost":"TEN_PERCENT_HP_LOSS","seed_source_timestamp":1479386734383900,"circlet_count":0,"master_deck":["Defend_G","Defend_G","Defend_G","Defend_G","Defend_G","Strike_G","Strike_G","Strike_G","Strike_G","Strike_G","Survivor","Neutralize","Poisoned Stab","Backflip","Cloak And Dagger","After Image"],"special_seed":0,"relics":["Ring of the Snake","Turnip","Golden Idol","Smiling Mask","Bottled Tornado"],"potions_floor_usage":[],"damage_taken":[{"damage":2.0,"enemies":"2 Louse","floor":1.0,"turns":3.0},{"damage":4.0,"enemies":"Jaw Worm","floor":2.0,"turns":4.0},{"damage":0.0,"enemies":"Cultist","floor":3.0,"turns":4.0},{"damage":26.0,"enemies":"Lagavulin","floor":7.0,"turns":7.0},{"damage":54,"enemies":"Gremlin Nob","floor":10,"turns":5}],"seed_played":"2642772874876996515","potions_obtained":[{"floor":1.0,"key":"Energy Potion"},{"floor":2.0,"key":"Strength Potion"},{"floor":7.0,"key":"Ancient Potion"}],"is_trial":false,"path_per_floor":["M","M","M","?","?","R","E","R","T","E"],"character_chosen":"THE_SILENT","items_purchased":[],"campfire_rested":2,"item_purchase_floors":[],"current_hp_per_floor":[61,57,57,42,31,49,23,41,41,0],"gold":336,"neow_bonus":"ONE_RARE_RELIC","is_prod":false,"is_daily":false,"chose_seed":false,"campfire_upgraded":0,"win_rate":0,"timestamp":1559781881,"path_taken":["M","M","M","?","?","R","E","R","T","E"],"build_version":"2019-01-23","purchased_purges":0,"victory":false,"max_hp_per_floor":[63,63,63,63,63,63,63,63,63,63],"card_choices":[{"not_picked":["Tactician","Backflip"],"picked":"Poisoned Stab","floor":1.0},{"not_picked":["Blade Dance","Deflect"],"picked":"Backflip","floor":2.0},{"not_picked":["Prepared","Dagger Throw"],"picked":"Cloak And Dagger","floor":3.0},{"not_picked":["Catalyst","Backflip"],"picked":"After Image","floor":7.0}],"player_experience":289318,"relics_obtained":[{"floor":7.0,"key":"Smiling Mask"},{"floor":9.0,"key":"Bottled Tornado"}],"event_choices":[{"damage_healed":0.0,"max_hp_gain":0.0,"max_hp_loss":0.0,"gold_gain":0.0,"event_name":"Golden Idol","player_choice":"Take Damage","floor":4.0,"gold_loss":0.0,"damage_taken":15.0,"relics_obtained":["Golden Idol"]},{"damage_healed":0.0,"max_hp_gain":0.0,"max_hp_loss":0.0,"gold_gain":75.0,"event_name":"World of Goop","player_choice":"Gather Gold","floor":5.0,"gold_loss":0.0,"damage_taken":11.0}],"is_beta":false,"boss_relics":[],"items_purged_floors":[],"is_endless":false,"potions_floor_spawned":[1,2,7],"killed_by":"Gremlin Nob","ascension_level":5}