{"gold_per_floor":[110,110,110,126,144,144,157,157,157,157,176,212,212,232,232,321,321,345,214,0,0,0,0,20,20,20,40,40,40,40,65,65,163,163,182,182,123,147,147,147,190,190,213,213,246,246,28,361,361,361,361,361,105,130,130],"floor_reached":56,"playtime":4674,"items_purged":["Steam"],"score":1994,"play_id":"011f6f5f-25ee-4815-9fc1-89e0f5254215","local_time":"20181213060700","is_ascension_mode":true,"campfire_choices":[{"data":"Zap","floor":6.0,"key":"SMITH"},{"data":"Dualcast","floor":8.0,"key":"SMITH"},{"floor":10.0,"key":"REST"},{"floor":13.0,"key":"REST"},{"floor":15.0,"key":"REST"},{"floor":23.0,"key":"REST"},{"floor":25.0,"key":"REST"},{"data":"Lockon","floor":28.0,"key":"SMITH"},{"data":"Fusion","floor":32.0,"key":"SMITH"},{"floor":40.0,"key":"REST"},{"data":"Apotheosis","floor":44.0,"key":"SMITH"},{"floor":46.0,"key":"RECALL"},{"data":"Hologram","floor":49.0,"key":"SMITH"},{"data":"Hologram","floor":52.0,"key":"SMITH"}],"neow_cost":"NONE","seed_source_timestamp":0,"circlet_count":0,"master_deck":["AscendersBane","Zap+1","Dualcast+1","Loop","Double Energy","Coolheaded+1","Lockon+1","Seek","Electrodynamics","Chill","Glacier","Self Repair","Heatsinks","Fusion+1","Buffer","Conserve Battery+1","Hologram+1","Barrage","Hologram+1","Barrage","Ball Lightning","Blizzard","Apotheosis+1","Glacier+1","Recycle","Consume","Reinforced Body+1"],"special_seed":0,"relics":["Runic Pyramid","Happy Flower","The Courier","Inserter","Omamori","Pandora\u0027s Box","Vajra","Pantograph","Juzu Bracelet","FossilizedHelix","Mummified Hand","War Paint"],"potions_floor_usage":[55],"damage_taken":[{"damage":6.0,"enemies":"Cultist","floor":1.0,"turns":3.0},{"damage":7.0,"enemies":"Jaw Worm","floor":4.0,"turns":3.0},{"damage":9.0,"enemies":"2 Louse","floor":5.0,"turns":3.0},{"damage":17.0,"enemies":"Exordium Wildlife","floor":7.0,"turns":6.0},{"damage":14.0,"enemies":"Large Slime","floor":11.0,"turns":6.0},{"damage":12.0,"enemies":"Lagavulin","floor":12.0,"turns":6.0},{"damage":12.0,"enemies":"Blue Slaver","floor":14.0,"turns":4.0},{"damage":33.0,"enemies":"The Guardian","floor":16.0,"turns":12.0},{"damage":24.0,"enemies":"2 Thieves","floor":18.0,"turns":4.0},{"damage":5.0,"enemies":"Chosen","floor":24.0,"turns":6.0},{"damage":0.0,"enemies":"Centurion and Healer","floor":27.0,"turns":7.0},{"damage":26.0,"enemies":"Snake Plant","floor":31.0,"turns":5.0},{"damage":40.0,"enemies":"Collector","floor":33.0,"turns":17.0},{"damage":25.0,"enemies":"3 Darklings","floor":35.0,"turns":7.0},{"damage":2.0,"enemies":"Orb Walker","floor":38.0,"turns":5.0},{"damage":12.0,"enemies":"Reptomancer","floor":41.0,"turns":6.0},{"damage":0.0,"enemies":"Nemesis","floor":45.0,"turns":7.0},{"damage":25.0,"enemies":"Time Eater","floor":50.0,"turns":10.0},{"damage":47.0,"enemies":"Shield and Spear","floor":54.0,"turns":10.0},{"damage":43,"enemies":"The Heart","floor":55,"turns":13}],"seed_played":"100129025842415400","potions_obtained":[{"floor":7.0,"key":"Swift Potion"},{"floor":11.0,"key":"FairyPotion"},{"floor":18.0,"key":"SkillPotion"},{"floor":33.0,"key":"Poison Potion"},{"floor":41.0,"key":"Swift Potion"}],"is_trial":false,"path_per_floor":["M","?","?","M","M","R","M","R","T","R","M","E","R","M","R","B",null,"M","$","?","$","?","R","M","R","T","M","R","$","?","M","R","B",null,"M","?","$","M","?","R","E","T","T","R","E","R","$","?","R","B",null,"R","$","E","B",null],"character_chosen":"DEFECT","items_purchased":["Omamori","Blizzard","Mummified Hand","FocusPotion","Recycle","Consume"],"campfire_rested":6,"item_purchase_floors":[19,37,47,53,53,53],"current_hp_per_floor":[58,58,58,51,42,42,25,25,25,44,30,18,37,25,44,11,51,27,27,27,27,27,46,41,60,60,60,60,60,60,41,41,8,50,32,32,32,30,30,49,47,47,47,47,54,54,54,54,54,49,60,60,60,23,12],"gold":130,"neow_bonus":"BOSS_RELIC","is_prod":false,"is_daily":false,"chose_seed":false,"campfire_upgraded":7,"win_rate":0,"timestamp":1544670420,"path_taken":["M","?","?","M","M","R","M","R","T","R","M","E","R","M","R","BOSS","M","$","?","$","?","R","M","R","T","M","R","?","?","M","R","BOSS","M","?","$","M","?","R","E","?","T","R","E","R","?","?","R","BOSS","R","$","E","BOSS"],"build_version":"2018-12-06","purchased_purges":1,"victory":true,"max_hp_per_floor":[71,64,64,64,64,64,64,64,64,64,64,64,64,64,64,64,64,64,64,64,64,64,64,64,64,64,64,64,64,64,64,64,64,64,64,64,64,64,64,64,64,64,64,64,64,64,64,64,64,64,64,64,64,64,64],"card_choices":[{"not_picked":["Redo","Ball Lightning"],"picked":"Loop","floor":1.0},{"not_picked":["Turbo","Leap"],"picked":"Double Energy","floor":4.0},{"not_picked":["Leap","Storm","Barrage"],"picked":"SKIP","floor":5.0},{"not_picked":["Streamline","Gash"],"picked":"Coolheaded","floor":7.0},{"not_picked":["Genetic Algorithm","Stack"],"picked":"Lockon","floor":11.0},{"not_picked":["Redo","Scrape"],"picked":"Seek","floor":12.0},{"not_picked":["Gash","Compile Driver"],"picked":"Steam","floor":14.0},{"not_picked":["Rainbow","Machine Learning"],"picked":"Electrodynamics","floor":16.0},{"not_picked":["Melter","Ball Lightning"],"picked":"Chill","floor":18.0},{"not_picked":["Undo","Ball Lightning"],"picked":"Glacier","floor":24.0},{"not_picked":["Steam+1","Cold Snap"],"picked":"Self Repair","floor":27.0},{"not_picked":["Turbo","Beam Cell","Fission"],"picked":"SKIP","floor":31.0},{"not_picked":["Biased Cognition","Amplify"],"picked":"Buffer","floor":33.0},{"not_picked":["Coolheaded","Chill"],"picked":"Ball Lightning","floor":35.0},{"not_picked":["Rip and Tear","Turbo","Steam+1"],"picked":"SKIP","floor":38.0},{"not_picked":["Jack Of All Trades","Sadistic Nature"],"picked":"Apotheosis","floor":39.0},{"not_picked":["FTL","Go for the Eyes"],"picked":"Glacier+1","floor":41.0},{"not_picked":["Rebound","Hologram+1","Heatsinks+1"],"picked":"SKIP","floor":45.0},{"not_picked":["Hologram","Genetic Algorithm"],"picked":"Reinforced Body+1","floor":54.0}],"player_experience":854469,"relics_obtained":[{"floor":9.0,"key":"Happy Flower"},{"floor":12.0,"key":"The Courier"},{"floor":41.0,"key":"Vajra"},{"floor":42.0,"key":"Pantograph"},{"floor":43.0,"key":"Juzu Bracelet"},{"floor":45.0,"key":"FossilizedHelix"},{"floor":54.0,"key":"War Paint"}],"event_choices":[{"damage_healed":0.0,"max_hp_gain":0.0,"max_hp_loss":7.0,"gold_gain":0.0,"event_name":"Golden Idol","player_choice":"Lose Max HP","floor":2.0,"gold_loss":0.0,"damage_taken":0.0,"relics_obtained":["Golden Idol"]},{"cards_removed":["Strike_B"],"damage_healed":0.0,"max_hp_gain":0.0,"max_hp_loss":0.0,"gold_gain":0.0,"event_name":"Living Wall","player_choice":"Forget","floor":3.0,"gold_loss":0.0,"damage_taken":0.0},{"damage_healed":0.0,"max_hp_gain":0.0,"max_hp_loss":0.0,"gold_gain":0.0,"event_name":"Masked Bandits","player_choice":"Paid Fearfully","floor":20.0,"gold_loss":214.0,"damage_taken":0.0},{"damage_healed":0.0,"max_hp_gain":0.0,"max_hp_loss":0.0,"gold_gain":0.0,"event_name":"Back to Basics","player_choice":"Simplicity","floor":22.0,"gold_loss":0.0,"damage_taken":0.0,"cards_upgraded":["Strike_B","Strike_B","Strike_B","Defend_B","Defend_B","Defend_B","Defend_B"]},{"damage_healed":0.0,"max_hp_gain":0.0,"max_hp_loss":0.0,"gold_gain":0.0,"cards_transformed":["Strike_B","Strike_B"],"event_name":"Drug Dealer","player_choice":"Became Test Subject","floor":30.0,"gold_loss":0.0,"damage_taken":0.0,"cards_obtained":["Heatsinks","Fusion"]},{"damage_healed":0.0,"max_hp_gain":0.0,"max_hp_loss":0.0,"gold_gain":0.0,"event_name":"Mysterious Sphere","player_choice":"Ignored","floor":36.0,"gold_loss":0.0,"damage_taken":0.0},{"damage_healed":0.0,"max_hp_gain":0.0,"max_hp_loss":0.0,"gold_gain":0.0,"event_name":"SensoryStone","player_choice":"Memory 1","floor":39.0,"gold_loss":0.0,"damage_taken":0.0},{"damage_healed":0.0,"max_hp_gain":0.0,"max_hp_loss":0.0,"gold_gain":333.0,"event_name":"The Moai Head","player_choice":"Gave Idol","floor":48.0,"relics_lost":["Golden Idol"],"gold_loss":0.0,"damage_taken":0.0}],"is_beta":false,"boss_relics":[{"not_picked":["Snecko Eye","Runic Dome"],"picked":"Inserter"},{"not_picked":["Orrery","Velvet Choker"],"picked":"Pandora\u0027s Box"}],"items_purged_floors":[53],"is_endless":false,"potions_floor_spawned":[7,11,12,16,18,27,33,38,41,54],"ascension_level":17}