{"gold_per_floor":[113,63,63,73,92,119,119,148,148,148,164,164,180,213,213,213],"floor_reached":16,"playtime":981,"items_purged":[],"score":144,"play_id":"7d2f1539-c203-40be-9d10-206ef1dc329e","local_time":"20190512224740","is_ascension_mode":true,"campfire_choices":[{"data":"Clothesline","floor":7,"key":"SMITH"},{"data":"Armaments","floor":10,"key":"SMITH"},{"data":"Seeing Red","floor":12,"key":"SMITH"},{"data":"Reaper","floor":15,"key":"SMITH"}],"neow_cost":"NONE","seed_source_timestamp":187343775819700,"circlet_count":0,"master_deck":["Strike_R","Strike_R","Strike_R","Strike_R","Defend_R+1","Defend_R","Defend_R+1","Defend_R","Bash","Clothesline+1","Reaper+1","Seeing Red+1","Armaments+1","Disarm+1","Shrug It Off+1","Flame Barrier+1","Infernal Blade+1"],"relics":["Burning Blood","Bag of Preparation","Toxic Egg 2","Anchor","War Paint"],"potions_floor_usage":[8,14,14,16],"damage_taken":[{"damage":13,"enemies":"Jaw Worm","floor":1,"turns":4},{"damage":2,"enemies":"Cultist","floor":4,"turns":4},{"damage":1,"enemies":"2 Louse","floor":5,"turns":3},{"damage":43,"enemies":"Gremlin Nob","floor":6,"turns":6},{"damage":30,"enemies":"3 Sentries","floor":8,"turns":8},{"damage":10,"enemies":"Lots of Slimes","floor":11,"turns":5},{"damage":16,"enemies":"Gremlin Gang","floor":13,"turns":6},{"damage":17,"enemies":"Gremlin Nob","floor":14,"turns":6},{"damage":52,"enemies":"Hexaghost","floor":16,"turns":19}],"seed_played":"-694017380080535492","potions_obtained":[{"floor":6,"key":"AttackPotion"},{"floor":11,"key":"Dexterity Potion"},{"floor":13,"key":"Fire Potion"},{"floor":14,"key":"SpeedPotion"}],"is_trial":false,"path_per_floor":["M","?","?","M","M","E","R","E","T","R","M","R","M","E","R","B"],"character_chosen":"IRONCLAD","items_purchased":[],"campfire_rested":0,"item_purchase_floors":[],"current_hp_per_floor":[81,81,81,85,88,55,55,43,43,43,48,48,54,43,43,0],"gold":213,"neow_bonus":"TEN_PERCENT_HP_BONUS","is_prod":false,"is_daily":false,"chose_seed":false,"campfire_upgraded":4,"win_rate":0,"timestamp":1557719260,"path_taken":["M","?","?","?","M","E","R","E","T","R","M","R","M","E","R","BOSS"],"build_version":"2019-01-23","purchased_purges":0,"victory":false,"max_hp_per_floor":[88,88,88,88,88,88,88,88,88,88,88,88,88,88,88,88],"card_choices":[{"not_picked":["Twin Strike","Iron Wave"],"picked":"Clothesline","floor":1},{"not_picked":["Wild Strike","Corruption"],"picked":"Reaper","floor":4},{"not_picked":["Dual Wield","Armaments"],"picked":"Seeing Red","floor":5},{"not_picked":["Twin Strike","Battle Trance"],"picked":"Armaments","floor":6},{"not_picked":["Burning Pact","Shrug It Off"],"picked":"Disarm","floor":8},{"not_picked":["Perfected Strike","Thunderclap"],"picked":"Shrug It Off+1","floor":11},{"not_picked":["Cleave","Carnage"],"picked":"Flame Barrier+1","floor":13},{"not_picked":["Rupture","Rampage"],"picked":"Infernal Blade+1","floor":14}],"player_experience":168790,"relics_obtained":[{"floor":6,"key":"Bag of Preparation"},{"floor":8,"key":"Toxic Egg 2"},{"floor":9,"key":"Anchor"},{"floor":14,"key":"War Paint"}],"event_choices":[{"cards_removed":["Strike_R"],"damage_healed":0,"gold_gain":0,"player_choice":"Card Removal","damage_taken":0,"max_hp_gain":0,"max_hp_loss":0,"event_name":"The Cleric","floor":2,"gold_loss":50},{"damage_healed":0,"gold_gain":0,"player_choice":"Bought 0 Potions","damage_taken":0,"max_hp_gain":0,"max_hp_loss":0,"event_name":"The Woman in Blue","floor":3,"gold_loss":0}],"is_beta":false,"boss_relics":[],"items_purged_floors":[],"is_endless":false,"potions_floor_spawned":[6,11,13,14],"killed_by":"Hexaghost","ascension_level":4}