{"gold_per_floor":[110,110,185,185,185,212,212,242,242,269,269,279,279,294,294,368,368,368,368,368,368,368,368,368,368,368,368,368,368,236,236,236,236],"floor_reached":33,"playtime":1873,"items_purged":[],"score":629,"play_id":"fac540cb-b1f7-4ac9-a43d-eae57ae88bf3","local_time":"20181215024003","is_ascension_mode":true,"campfire_choices":[{"floor":7,"key":"REST"},{"floor":11,"key":"REST"},{"data":"Cloak And Dagger","floor":15,"key":"SMITH"},{"data":"Cloak And Dagger","floor":25,"key":"SMITH"},{"data":"Noxious Fumes","floor":27,"key":"SMITH"},{"data":"Accuracy","floor":29,"key":"SMITH"},{"floor":32,"key":"REST"}],"neow_cost":"NONE","seed_source_timestamp":41045397566521,"circlet_count":0,"master_deck":["AscendersBane","Defend_G","Defend_G","Defend_G","Defend_G","Defend_G","Strike_G","Strike_G","Strike_G","Survivor","Neutralize","Cloak And Dagger+1","Storm of Steel","Noxious Fumes+1","Accuracy+1","Cloak And Dagger+1","Backflip","Cloak And Dagger+1","After Image","Escape Plan","Leg Sweep","Ghostly","Ghostly","Ghostly","Finisher","Adrenaline","Calculated Gamble+1"],"relics":["Ring of the Snake","NeowsBlessing","Shuriken","StoneCalendar","Question Card","Dodecahedron","Bottled Flame","Ectoplasm","MutagenicStrength","PreservedInsect","The Courier","Regal Pillow"],"potions_floor_usage":[16,28,28],"damage_taken":[{"damage":0,"enemies":"2 Louse","floor":1,"turns":1},{"damage":0,"enemies":"Gremlin Nob","floor":6,"turns":1},{"damage":0,"enemies":"Lagavulin","floor":8,"turns":1},{"damage":30,"enemies":"Gremlin Nob","floor":10,"turns":4},{"damage":0,"enemies":"Jaw Worm","floor":12,"turns":3},{"damage":0,"enemies":"Small Slimes","floor":14,"turns":2},{"damage":13,"enemies":"The Guardian","floor":16,"turns":9},{"damage":35,"enemies":"Chosen","floor":18,"turns":6},{"damage":8,"enemies":"3 Byrds","floor":19,"turns":5},{"damage":12,"enemies":"Shelled Parasite and Fungi","floor":23,"turns":7},{"damage":0,"enemies":"Centurion and Healer","floor":24,"turns":7},{"damage":3,"enemies":"Slavers","floor":28,"turns":6},{"damage":0,"enemies":"Snake Plant","floor":31,"turns":5},{"damage":30,"enemies":"Champ","floor":33,"turns":9}],"seed_played":"7923312375800402001","potions_obtained":[{"floor":12,"key":"GamblersBrew"},{"floor":16,"key":"AttackPotion"},{"floor":18,"key":"FearPotion"},{"floor":19,"key":"SteroidPotion"}],"is_trial":false,"path_per_floor":["M","?","?","T","?","E","R","E","T","E","R","M","?","M","R","B",null,"M","M","$","?","?","M","M","R","T","R","E","R","$","M","R","B"],"character_chosen":"THE_SILENT","items_purchased":["Regal Pillow"],"campfire_rested":3,"item_purchase_floors":[30],"current_hp_per_floor":[59,59,48,48,48,48,66,66,66,36,55,55,55,55,55,42,60,25,17,17,17,17,5,5,5,5,5,2,2,2,2,26,0],"gold":236,"neow_bonus":"THREE_ENEMY_KILL","is_prod":false,"is_daily":false,"chose_seed":false,"campfire_upgraded":4,"win_rate":0,"timestamp":1544830803,"path_taken":["M","?","?","?","?","E","R","E","T","E","R","?","?","M","R","BOSS","M","?","$","?","?","M","M","R","T","R","E","R","$","M","R","BOSS"],"build_version":"2018-12-13","purchased_purges":0,"victory":false,"max_hp_per_floor":[66,66,66,66,66,66,66,66,66,66,66,66,66,66,66,66,66,66,66,66,66,33,33,33,33,33,33,33,33,33,33,33,33],"card_choices":[{"not_picked":["Bane","Masterful Stab"],"picked":"Cloak And Dagger","floor":1},{"not_picked":["Tactician","Dagger Throw"],"picked":"Storm of Steel","floor":6},{"not_picked":["PiercingWail","Endless Agony"],"picked":"Noxious Fumes","floor":8},{"not_picked":["Tactician","Blade Dance","Outmaneuver"],"picked":"Accuracy","floor":10},{"not_picked":["Concentrate","Endless Agony","Blade Dance"],"picked":"Cloak And Dagger","floor":12},{"not_picked":["Bane","Setup","Flechettes"],"picked":"Cloak And Dagger","floor":14},{"not_picked":["Burst","A Thousand Cuts","Malaise"],"picked":"After Image","floor":16},{"not_picked":["PiercingWail","Caltrops+1","Prepared"],"picked":"Escape Plan","floor":18},{"not_picked":["Catalyst","Dagger Throw","Unload"],"picked":"Leg Sweep","floor":19},{"not_picked":["Bouncing Flask","Deadly Poison+1","Poisoned Stab"],"picked":"Finisher","floor":23},{"not_picked":["Underhanded Strike","Outmaneuver+1","Tactician","Flying Knee"],"picked":"SKIP","floor":24},{"not_picked":["Dagger Spray","Slice","PiercingWail"],"picked":"Adrenaline","floor":28},{"not_picked":["Masterful Stab","Sucker Punch","Caltrops"],"picked":"Calculated Gamble+1","floor":31}],"player_experience":885657,"relics_obtained":[{"floor":4,"key":"Shuriken"},{"floor":6,"key":"StoneCalendar"},{"floor":8,"key":"Question Card"},{"floor":9,"key":"Dodecahedron"},{"floor":10,"key":"Bottled Flame"},{"floor":26,"key":"PreservedInsect"},{"floor":28,"key":"The Courier"}],"event_choices":[{"cards_removed":["Strike_G"],"damage_healed":0,"gold_gain":0,"player_choice":"Forget","damage_taken":0,"max_hp_gain":0,"max_hp_loss":0,"event_name":"Living Wall","floor":2,"gold_loss":0},{"damage_healed":0,"gold_gain":75,"player_choice":"Gather Gold","damage_taken":11,"max_hp_gain":0,"max_hp_loss":0,"event_name":"World of Goop","floor":3,"gold_loss":0},{"damage_healed":0,"gold_gain":0,"player_choice":"Forge","damage_taken":0,"max_hp_gain":0,"max_hp_loss":0,"event_name":"Accursed Blacksmith","floor":5,"gold_loss":0,"cards_upgraded":["Cloak And Dagger"]},{"damage_healed":0,"gold_gain":0,"cards_transformed":["Strike_G"],"player_choice":"Transformed","damage_taken":0,"max_hp_gain":0,"max_hp_loss":0,"event_name":"Transmorgrifier","floor":13,"gold_loss":0,"cards_obtained":["Backflip"]},{"damage_healed":0,"gold_gain":0,"player_choice":"Inject Mutagens","damage_taken":0,"relics_obtained":["MutagenicStrength"],"max_hp_gain":0,"max_hp_loss":0,"event_name":"Drug Dealer","floor":21,"gold_loss":0},{"damage_healed":0,"gold_gain":0,"player_choice":"Became a Ghost","damage_taken":0,"max_hp_gain":0,"max_hp_loss":33,"event_name":"Ghosts","floor":22,"gold_loss":0,"cards_obtained":["Ghostly","Ghostly","Ghostly"]}],"is_beta":false,"boss_relics":[{"not_picked":["Busted Crown","Black Star"],"picked":"Ectoplasm"}],"items_purged_floors":[],"is_endless":false,"potions_floor_spawned":[12,16,18,19],"killed_by":"Champ","ascension_level":18}