{"gold_per_floor":[114,77,77,177,196,196,226,243,243,259,259,259,259,53,53,124,124,140,107,107,107,107,132,152,152,198,216,216,73,73,92,92,171,171,189,189,243,343,343],"floor_reached":39,"playtime":2375,"items_purged":["Writhe"],"score":713,"play_id":"32a963eb-709d-4a18-920e-8785cb66a3ea","local_time":"20181126225349","is_ascension_mode":true,"campfire_choices":[{"data":"Defragment","floor":6,"key":"SMITH"},{"floor":11,"key":"DIG"},{"floor":15,"key":"DIG"},{"data":"Self Repair","floor":25,"key":"SMITH"},{"floor":28,"key":"DIG"},{"floor":32,"key":"DIG"}],"neow_cost":"NONE","seed_source_timestamp":68758387004675,"circlet_count":0,"master_deck":["AscendersBane","Strike_B","Strike_B","Defend_B","Defend_B","Defend_B","Defend_B","Zap","Dualcast","Defragment+1","Cold Snap","Coolheaded","Thunder Strike","Glacier","Blizzard","Self Repair+1","Blizzard+1","Capacitor","Amplify","Coolheaded+1"],"relics":["Coffee Dripper","Shovel","Singing Bowl","DataDisk","Runic Capacitor","FossilizedHelix","Sozu","Dead Branch","Ancient Tea Set","Orichalcum","Ornamental Fan","Juzu Bracelet","Oddly Smooth Stone","Lizard Tail","Art of War","Mango"],"potions_floor_usage":[8,23],"damage_taken":[{"damage":0,"enemies":"Cultist","floor":1,"turns":3},{"damage":4,"enemies":"Small Slimes","floor":5,"turns":4},{"damage":42,"enemies":"Gremlin Nob","floor":7,"turns":5},{"damage":1,"enemies":"2 Louse","floor":8,"turns":3},{"damage":6,"enemies":"Looter","floor":10,"turns":4},{"damage":1,"enemies":"The Guardian","floor":16,"turns":12},{"damage":3,"enemies":"Chosen","floor":18,"turns":6},{"damage":34,"enemies":"Slavers","floor":23,"turns":9},{"damage":0,"enemies":"Spheric Guardian","floor":24,"turns":5},{"damage":17,"enemies":"Snake Plant","floor":27,"turns":6},{"damage":0,"enemies":"Snecko","floor":31,"turns":6},{"damage":18,"enemies":"Champ","floor":33,"turns":16},{"damage":13,"enemies":"Orb Walker","floor":35,"turns":5},{"damage":18,"enemies":"Mind Bloom Boss Battle","floor":38,"turns":11},{"damage":161,"enemies":"2 Orb Walkers","floor":39,"turns":7}],"seed_played":"2226940006856368252","potions_obtained":[{"floor":5,"key":"Explosive Potion"},{"floor":7,"key":"Fire Potion"}],"is_trial":false,"path_per_floor":["M","?","$","?","M","R","E","M","T","M","R","?","?","$","R","B",null,"M","$","?","?","?","E","M","R","T","M","R","$","T","M","R","B",null,"M","?","T","?","?"],"character_chosen":"DEFECT","items_purchased":["Runic Capacitor","Blizzard","Capacitor"],"campfire_rested":0,"item_purchase_floors":[14,19,29],"current_hp_per_floor":[64,64,64,64,60,60,18,17,17,11,11,34,34,34,34,33,62,59,59,59,59,59,25,32,32,32,27,27,27,27,39,39,31,64,63,65,65,71,0],"gold":343,"neow_bonus":"BOSS_RELIC","is_prod":false,"is_daily":false,"chose_seed":false,"campfire_upgraded":2,"win_rate":0,"timestamp":1543262029,"path_taken":["M","?","$","?","?","R","E","M","T","M","R","?","?","?","R","BOSS","M","$","?","?","?","E","M","R","T","M","R","$","?","M","R","BOSS","M","?","?","?","?"],"build_version":"2018-11-15","purchased_purges":1,"victory":false,"max_hp_per_floor":[71,71,71,71,71,71,71,71,71,71,71,71,71,71,71,71,71,71,71,71,71,71,71,71,71,71,73,73,73,73,75,75,75,75,77,79,79,93,93],"card_choices":[{"not_picked":["Redo","Heatsinks","Rip and Tear"],"picked":"SKIP","floor":1},{"not_picked":["Streamline","Conserve Battery"],"picked":"Defragment","floor":5},{"not_picked":["Fusion","Gash","Steam Power"],"picked":"SKIP","floor":7},{"not_picked":["Stack","Genetic Algorithm"],"picked":"Cold Snap","floor":8},{"not_picked":["Hologram","Rip and Tear"],"picked":"Coolheaded","floor":10},{"not_picked":["Biased Cognition","Reboot"],"picked":"Thunder Strike","floor":16},{"not_picked":["Sweeping Beam+1","Turbo"],"picked":"Glacier","floor":18},{"not_picked":["Darkness","Cold Snap"],"picked":"Self Repair","floor":23},{"not_picked":["Conserve Battery","Cold Snap"],"picked":"Blizzard+1","floor":24},{"not_picked":["Genetic Algorithm","Coolheaded","Rebound"],"picked":"Singing Bowl","floor":27},{"not_picked":["Beam Cell","Storm","Sweeping Beam"],"picked":"Singing Bowl","floor":31},{"not_picked":["Machine Learning","Fission"],"picked":"Amplify","floor":33},{"not_picked":["Cold Snap","Heatsinks","Doom and Gloom"],"picked":"Singing Bowl","floor":35},{"not_picked":["Blind","Magnetism","Thinking Ahead"],"picked":"Singing Bowl","floor":36},{"not_picked":["Static Discharge","Conserve Battery"],"picked":"Coolheaded+1","floor":38}],"player_experience":753305,"relics_obtained":[{"floor":7,"key":"Shovel"},{"floor":9,"key":"Singing Bowl"},{"floor":11,"key":"DataDisk"},{"floor":15,"key":"FossilizedHelix"},{"floor":23,"key":"Ancient Tea Set"},{"floor":26,"key":"Orichalcum"},{"floor":28,"key":"Ornamental Fan"},{"floor":30,"key":"Juzu Bracelet"},{"floor":32,"key":"Oddly Smooth Stone"},{"floor":37,"key":"Art of War"},{"floor":38,"key":"Mango"}],"event_choices":[{"damage_healed":0,"gold_gain":0,"player_choice":"Left Gold","damage_taken":0,"max_hp_gain":0,"max_hp_loss":0,"event_name":"World of Goop","floor":2,"gold_loss":37},{"damage_healed":0,"gold_gain":100,"player_choice":"Gold","damage_taken":0,"max_hp_gain":0,"max_hp_loss":0,"event_name":"Wheel of Change","floor":4,"gold_loss":0},{"damage_healed":23,"gold_gain":0,"player_choice":"Banana","damage_taken":0,"max_hp_gain":0,"max_hp_loss":0,"event_name":"Big Fish","floor":12,"gold_loss":0},{"cards_removed":["Strike_B"],"damage_healed":0,"gold_gain":0,"player_choice":"Forget","damage_taken":0,"max_hp_gain":0,"max_hp_loss":0,"event_name":"Living Wall","floor":13,"gold_loss":0},{"damage_healed":0,"gold_gain":0,"player_choice":"Ignored","damage_taken":0,"max_hp_gain":0,"max_hp_loss":0,"event_name":"Cursed Tome","floor":20,"gold_loss":0},{"cards_removed":["Strike_B"],"damage_healed":0,"gold_gain":0,"player_choice":"Elegance","damage_taken":0,"max_hp_gain":0,"max_hp_loss":0,"event_name":"Back to Basics","floor":21,"gold_loss":0},{"damage_healed":0,"gold_gain":0,"player_choice":"Opened","damage_taken":0,"relics_obtained":["Dead Branch"],"max_hp_gain":0,"max_hp_loss":0,"event_name":"The Mausoleum","floor":22,"gold_loss":0,"cards_obtained":["Writhe"]},{"damage_healed":0,"gold_gain":0,"player_choice":"Memory 1","damage_taken":0,"max_hp_gain":0,"max_hp_loss":0,"event_name":"SensoryStone","floor":36,"gold_loss":0},{"damage_healed":0,"gold_gain":0,"player_choice":"Fight","damage_taken":0,"max_hp_gain":0,"max_hp_loss":0,"event_name":"MindBloom","floor":38,"gold_loss":0},{"damage_healed":0,"gold_gain":0,"player_choice":"Fight","damage_taken":0,"max_hp_gain":0,"max_hp_loss":0,"event_name":"Mysterious Sphere","floor":39,"gold_loss":0}],"is_beta":false,"boss_relics":[{"not_picked":["Velvet Choker","Fusion Hammer"],"picked":"Sozu"},{"not_picked":["Cursed Key","Runic Pyramid"],"picked":"Lizard Tail"}],"items_purged_floors":[29],"is_endless":false,"potions_floor_spawned":[5,7,24,35],"killed_by":"2 Orb Walkers","ascension_level":15}