{"gold_per_floor":[112,112,129,143,160,195,195,295,295,329,329,8,8,27,27,126,126,145,160,160,185,40,74,92,117,117,135,235,264,278,278,278,378,378,390,177,194,21,31,31,51,77,77,89,99,99,199,224,224,224],"floor_reached":51,"playtime":2813,"items_purged":["Strike_R"],"score":866,"play_id":"3ded826c-a27d-4528-85c3-42395d81d3b6","local_time":"20190504163134","is_ascension_mode":true,"campfire_choices":[{"floor":11,"key":"REST"},{"data":"Shockwave","floor":13,"key":"SMITH"},{"data":"Bash","floor":15,"key":"SMITH"},{"data":"Spot Weakness","floor":32,"key":"SMITH"},{"data":"Heavy Blade","floor":40,"key":"SMITH"},{"data":"Flame Barrier","floor":46,"key":"SMITH"},{"data":"Heavy Blade","floor":49,"key":"SMITH"}],"neow_cost":"NONE","seed_source_timestamp":1389274290165700,"circlet_count":0,"master_deck":["Strike_R","Strike_R","Strike_R","Strike_R","Defend_R","Defend_R","Defend_R+1","Defend_R","Bash+1","Dual Wield","Bash+1","Armaments","Shockwave+1","Sword Boomerang+1","Headbutt+1","Pummel","Anger","Wild Strike","Immolate","Shame","Doubt","Parasite","Pommel Strike+1","Barricade+1","Whirlwind","Entrench","Burning Pact","Ghostly Armor+1","Clothesline","Uppercut+1","Spot Weakness+1","Rampage+1","Flame Barrier+1","Impervious","Hemokinesis+1","Inflame","Heavy Blade+1","Heavy Blade+1","Flex+1","Entrench+1","Pommel Strike+1","Bloodletting"],"relics":["Burning Blood","Orichalcum","Nunchaku","Torii","Prayer Wheel","Du-Vu Doll","Calling Bell","PreservedInsect","Sundial","Peace Pipe","Dodecahedron","Shovel","Dead Branch","Ice Cream","FossilizedHelix","Pear","Pantograph","Velvet Choker","Whetstone","Vajra","Oddly Smooth Stone","Mercury Hourglass","Charon\u0027s Ashes","Happy Flower"],"potions_floor_usage":[24,25,28,29,33,44],"damage_taken":[{"damage":6,"enemies":"Jaw Worm","floor":1,"turns":3},{"damage":0,"enemies":"Cultist","floor":3,"turns":4},{"damage":3,"enemies":"Small Slimes","floor":4,"turns":3},{"damage":8,"enemies":"2 Fungi Beasts","floor":5,"turns":4},{"damage":18,"enemies":"Gremlin Nob","floor":6,"turns":5},{"damage":30,"enemies":"Lagavulin","floor":10,"turns":9},{"damage":6,"enemies":"Exordium Wildlife","floor":14,"turns":4},{"damage":38,"enemies":"The Guardian","floor":16,"turns":11},{"damage":1,"enemies":"Spheric Guardian","floor":18,"turns":3},{"damage":0,"enemies":"Chosen","floor":19,"turns":3},{"damage":26,"enemies":"Gremlin Leader","floor":23,"turns":5},{"damage":1,"enemies":"3 Cultists","floor":24,"turns":3},{"damage":23,"enemies":"Slavers","floor":25,"turns":5},{"damage":1,"enemies":"Cultist and Chosen","floor":27,"turns":3},{"damage":0,"enemies":"Colosseum Slavers","floor":28,"turns":4},{"damage":1,"enemies":"Colosseum Nobs","floor":28,"turns":3},{"damage":19,"enemies":"Gremlin Leader","floor":29,"turns":3},{"damage":2,"enemies":"Centurion and Healer","floor":30,"turns":4},{"damage":17,"enemies":"Collector","floor":33,"turns":6},{"damage":0,"enemies":"Orb Walker","floor":35,"turns":2},{"damage":18,"enemies":"3 Shapes","floor":37,"turns":2},{"damage":0,"enemies":"Spire Growth","floor":39,"turns":3},{"damage":23,"enemies":"4 Shapes","floor":41,"turns":5},{"damage":1,"enemies":"Nemesis","floor":42,"turns":7},{"damage":31,"enemies":"Writhing Mass","floor":44,"turns":5},{"damage":0,"enemies":"Transient","floor":45,"turns":5},{"damage":12,"enemies":"Mind Bloom Boss Battle","floor":47,"turns":5},{"damage":0,"enemies":"Reptomancer","floor":48,"turns":2},{"damage":46,"enemies":"Time Eater","floor":50,"turns":9}],"seed_played":"1109112064417738032","potions_obtained":[{"floor":1,"key":"LiquidBronze"},{"floor":16,"key":"GamblersBrew"},{"floor":23,"key":"Energy Potion"},{"floor":25,"key":"EssenceOfSteel"},{"floor":27,"key":"SkillPotion"},{"floor":29,"key":"Block Potion"},{"floor":30,"key":"SteroidPotion"},{"floor":37,"key":"FearPotion"},{"floor":39,"key":"Swift Potion"}],"is_trial":false,"path_per_floor":["M","?","M","M","M","E","?","?","T","E","R","$","R","M","R","B",null,"M","M","?","T","$","E","M","E","T","M","?","E","M","?","R","B",null,"M","$","M","$","M","R","M","E","T","M","M","R","?","E","R","B",null],"character_chosen":"IRONCLAD","items_purchased":["Du-Vu Doll","Anger","Entrench","Whetstone","Inflame","Heavy Blade","Vajra"],"campfire_rested":1,"item_purchase_floors":[12,12,22,36,36,38,38],"current_hp_per_floor":[80,80,80,80,78,66,50,50,50,26,50,50,50,50,50,18,80,80,80,80,80,80,60,65,48,48,53,74,61,65,65,65,79,90,90,90,78,78,84,84,67,72,72,47,53,53,72,78,78,50],"gold":224,"neow_bonus":"RANDOM_COMMON_RELIC","is_prod":false,"is_daily":false,"chose_seed":false,"campfire_upgraded":6,"win_rate":0,"timestamp":1557005494,"path_taken":["M","?","?","M","M","E","?","?","T","E","R","$","R","M","R","BOSS","M","?","?","?","?","E","M","E","T","?","?","E","M","?","R","BOSS","M","$","M","$","M","R","M","E","T","M","?","R","?","E","R","BOSS"],"build_version":"2019-01-23","purchased_purges":1,"victory":true,"max_hp_per_floor":[80,80,80,80,80,80,80,80,80,80,80,80,80,80,80,80,80,80,80,80,80,80,80,80,80,80,80,90,90,90,90,90,90,90,90,90,90,90,90,90,90,90,90,90,90,90,90,90,90,90],"card_choices":[{"not_picked":["Havoc","Perfected Strike"],"picked":"Dual Wield","floor":1},{"not_picked":["Hemokinesis","Thunderclap"],"picked":"Armaments","floor":3},{"not_picked":["Pommel Strike","Bloodletting"],"picked":"Shockwave","floor":4},{"not_picked":["Feel No Pain","Armaments"],"picked":"Sword Boomerang","floor":5},{"not_picked":["Armaments","Bloodletting"],"picked":"Headbutt","floor":6},{"not_picked":["Offering","Second Wind"],"picked":"Pummel","floor":10},{"not_picked":["Combust","Iron Wave"],"picked":"Wild Strike","floor":14},{"not_picked":["Infernal Blade","Sentinel","Havoc"],"picked":"SKIP","floor":14},{"not_picked":["Exhume","Double Tap"],"picked":"Immolate","floor":16},{"not_picked":["Bloodletting","Sever Soul"],"picked":"Pommel Strike+1","floor":18},{"not_picked":["Power Through","Sword Boomerang","True Grit+1"],"picked":"SKIP","floor":18},{"not_picked":["Shrug It Off","Second Wind"],"picked":"Barricade","floor":19},{"not_picked":["Body Slam+1","Flex+1"],"picked":"Whirlwind","floor":19},{"not_picked":["Clothesline","Iron Wave"],"picked":"Burning Pact","floor":23},{"not_picked":["Anger+1","Burning Pact"],"picked":"Ghostly Armor+1","floor":24},{"not_picked":["Perfected Strike+1","Twin Strike","Thunderclap"],"picked":"SKIP","floor":24},{"not_picked":["Bloodletting","Dark Embrace"],"picked":"Clothesline","floor":25},{"not_picked":["Ghostly Armor","Cleave"],"picked":"Uppercut+1","floor":27},{"not_picked":["Entrench","Sever Soul","Havoc"],"picked":"SKIP","floor":27},{"not_picked":["Warcry","Entrench+1"],"picked":"Spot Weakness","floor":28},{"not_picked":["Body Slam","Power Through"],"picked":"Rampage+1","floor":29},{"not_picked":["Iron Wave","Thunderclap"],"picked":"Flame Barrier","floor":30},{"not_picked":["Sever Soul","Rupture","Twin Strike"],"picked":"SKIP","floor":30},{"not_picked":["Barricade","Fiend Fire"],"picked":"Impervious","floor":33},{"not_picked":["Pummel+1","Body Slam+1"],"picked":"Hemokinesis+1","floor":35},{"not_picked":["Feel No Pain+1","Armaments","Entrench"],"picked":"SKIP","floor":35},{"not_picked":["Havoc+1","Battle Trance"],"picked":"Heavy Blade","floor":37},{"not_picked":["Entrench","Corruption","Sever Soul"],"picked":"SKIP","floor":37},{"not_picked":["Power Through","Feel No Pain+1"],"picked":"Flex+1","floor":39},{"not_picked":["Searing Blow","Armaments","Power Through"],"picked":"SKIP","floor":39},{"not_picked":["Havoc+1","Thunderclap"],"picked":"Entrench+1","floor":41},{"not_picked":["Barricade","Anger","True Grit"],"picked":"SKIP","floor":41},{"not_picked":["Blood for Blood","Hemokinesis+1","Body Slam"],"picked":"SKIP","floor":42},{"not_picked":["Corruption+1","Dual Wield+1"],"picked":"Pommel Strike+1","floor":44},{"not_picked":["Rampage+1","Anger","Heavy Blade"],"picked":"SKIP","floor":44},{"not_picked":["Combust","Sever Soul+1","Entrench+1"],"picked":"SKIP","floor":45},{"not_picked":["Anger+1","Cleave","Body Slam+1"],"picked":"SKIP","floor":45},{"not_picked":["Havoc+1","Metallicize+1"],"picked":"Bloodletting","floor":48}],"player_experience":101562,"relics_obtained":[{"floor":6,"key":"Nunchaku"},{"floor":9,"key":"Torii"},{"floor":10,"key":"Prayer Wheel"},{"floor":17,"key":"PreservedInsect"},{"floor":17,"key":"Sundial"},{"floor":17,"key":"Peace Pipe"},{"floor":23,"key":"Shovel"},{"floor":25,"key":"Dead Branch"},{"floor":26,"key":"Ice Cream"},{"floor":28,"key":"FossilizedHelix"},{"floor":28,"key":"Pear"},{"floor":29,"key":"Pantograph"},{"floor":42,"key":"Oddly Smooth Stone"},{"floor":43,"key":"Mercury Hourglass"},{"floor":47,"key":"Charon\u0027s Ashes"},{"floor":48,"key":"Happy Flower"}],"event_choices":[{"damage_healed":0,"gold_gain":0,"player_choice":"1 cards matched","damage_taken":0,"max_hp_gain":0,"max_hp_loss":0,"event_name":"Match and Keep!","floor":2,"gold_loss":0,"cards_obtained":["Bash"]},{"damage_healed":0,"gold_gain":0,"player_choice":"Entered Light","damage_taken":16,"max_hp_gain":0,"max_hp_loss":0,"event_name":"Shining Light","floor":7,"gold_loss":0,"cards_upgraded":["Defend_R","Headbutt"]},{"damage_healed":0,"gold_gain":100,"player_choice":"Pray","damage_taken":0,"max_hp_gain":0,"max_hp_loss":0,"event_name":"Golden Shrine","floor":8,"gold_loss":0},{"damage_healed":0,"gold_gain":0,"player_choice":"Opened","damage_taken":0,"relics_obtained":["Dodecahedron"],"max_hp_gain":0,"max_hp_loss":0,"event_name":"The Mausoleum","floor":20,"gold_loss":0},{"damage_healed":0,"gold_gain":0,"player_choice":"Fight","damage_taken":0,"max_hp_gain":0,"max_hp_loss":0,"event_name":"Colosseum","floor":28,"gold_loss":0},{"damage_healed":0,"gold_gain":0,"player_choice":"Fought Nobs","damage_taken":0,"max_hp_gain":0,"max_hp_loss":0,"event_name":"Colosseum","floor":28,"gold_loss":0},{"damage_healed":0,"gold_gain":0,"player_choice":"Upgraded","damage_taken":0,"max_hp_gain":0,"max_hp_loss":0,"event_name":"Upgrade Shrine","floor":31,"gold_loss":0,"cards_upgraded":["Barricade"]},{"damage_healed":0,"gold_gain":0,"player_choice":"Fight","damage_taken":0,"max_hp_gain":0,"max_hp_loss":0,"event_name":"MindBloom","floor":47,"gold_loss":0}],"is_beta":false,"boss_relics":[{"not_picked":["Astrolabe","Runic Pyramid"],"picked":"Calling Bell"},{"not_picked":["Orrery","Runic Dome"],"picked":"Velvet Choker"}],"items_purged_floors":[22],"is_endless":false,"potions_floor_spawned":[1,16,23,25,27,28,29,30,37,39],"ascension_level":1}