{"gold_per_floor":[111,111,386,409,423,423,348,348,348,371,390,390,390,415,415,508,508,526,526,526],"floor_reached":20,"playtime":837,"items_purged":["Regret"],"score":312,"play_id":"2a7637f1-6315-4a1d-b8ff-dce7c1bc7a74","local_time":"20190207034108","is_ascension_mode":true,"campfire_choices":[{"data":"Zap","floor":6,"key":"SMITH"},{"floor":8,"key":"REST"},{"data":"Coolheaded","floor":12,"key":"SMITH"},{"data":"Dualcast","floor":15,"key":"SMITH"}],"neow_cost":"TEN_PERCENT_HP_LOSS","seed_source_timestamp":85757661086718,"circlet_count":0,"master_deck":["AscendersBane","Strike_B","Strike_B","Strike_B","Strike_B","Defend_B","Defend_B","Defend_B","Defend_B","Zap+1","Dualcast+1","Coolheaded+1","Coolheaded","Ball Lightning","Conserve Battery","Core Surge"],"relics":["Cracked Core","FossilizedHelix","Golden Idol","Mercury Hourglass","Inserter"],"potions_floor_usage":[16],"damage_taken":[{"damage":0,"enemies":"2 Louse","floor":1,"turns":2},{"damage":6,"enemies":"Cultist","floor":4,"turns":3},{"damage":0,"enemies":"Jaw Worm","floor":5,"turns":3},{"damage":10,"enemies":"Lots of Slimes","floor":10,"turns":3},{"damage":0,"enemies":"Looter","floor":11,"turns":3},{"damage":0,"enemies":"2 Fungi Beasts","floor":14,"turns":3},{"damage":4,"enemies":"Slime Boss","floor":16,"turns":9},{"damage":24,"enemies":"2 Thieves","floor":18,"turns":4},{"damage":35,"enemies":"3 Byrds","floor":20,"turns":3}],"seed_played":"-5704152088858602086","potions_obtained":[{"floor":1,"key":"Weak Potion"},{"floor":5,"key":"Energy Potion"},{"floor":13,"key":"Strength Potion"}],"is_trial":false,"path_per_floor":["M","?","?","M","M","R","$","R","T","M","M","R","?","M","R","B",null,"M","$","M"],"character_chosen":"DEFECT","items_purchased":[],"campfire_rested":1,"item_purchase_floors":[],"current_hp_per_floor":[64,42,42,36,36,36,36,55,55,45,45,45,45,45,45,41,58,34,34,0],"gold":526,"neow_bonus":"ONE_RARE_RELIC","is_prod":false,"is_daily":false,"chose_seed":false,"campfire_upgraded":3,"win_rate":0,"timestamp":1549500068,"path_taken":["M","?","?","M","M","R","$","R","T","M","?","R","?","M","R","BOSS","M","$","M"],"build_version":"2019-01-23","purchased_purges":1,"victory":false,"max_hp_per_floor":[64,64,64,64,64,64,64,64,64,64,64,64,64,64,64,64,64,64,64,64],"card_choices":[{"not_picked":["Storm","Hologram"],"picked":"Coolheaded","floor":1},{"not_picked":["Melter","Streamline","Hologram"],"picked":"SKIP","floor":4},{"not_picked":["Heatsinks","Barrage"],"picked":"Coolheaded","floor":5},{"not_picked":["Streamline","Beam Cell"],"picked":"Ball Lightning","floor":10},{"not_picked":["Reinforced Body","Hologram"],"picked":"Conserve Battery","floor":11},{"not_picked":["Conserve Battery","Hello World","Steam Power"],"picked":"SKIP","floor":14},{"not_picked":["Machine Learning","Creative AI"],"picked":"Core Surge","floor":16},{"not_picked":["Stack","Scrape","Redo+1"],"picked":"SKIP","floor":18}],"player_experience":932637,"relics_obtained":[{"floor":9,"key":"Mercury Hourglass"}],"event_choices":[{"damage_healed":0,"gold_gain":0,"player_choice":"Take Damage","damage_taken":22,"relics_obtained":["Golden Idol"],"max_hp_gain":0,"max_hp_loss":0,"event_name":"Golden Idol","floor":2,"gold_loss":0},{"damage_healed":0,"gold_gain":275,"player_choice":"Desecrate","damage_taken":0,"max_hp_gain":0,"max_hp_loss":0,"event_name":"Golden Shrine","floor":3,"gold_loss":0,"cards_obtained":["Regret"]},{"damage_healed":0,"gold_gain":0,"player_choice":"Got Potions","damage_taken":0,"max_hp_gain":0,"max_hp_loss":0,"event_name":"Lab","floor":13,"gold_loss":0}],"is_beta":false,"boss_relics":[{"not_picked":["Sozu","Astrolabe"],"picked":"Inserter"}],"items_purged_floors":[7],"is_endless":false,"potions_floor_spawned":[1,5,10],"killed_by":"3 Byrds","ascension_level":18}