{"gold_per_floor":[117,135,148,166,179,204,204,239,239,239,239,280,280,316,316,439,439,454,443,476,499,11,50,50,88,88,109,109,152,152,175,175,306,306,321,543,543,182,515,515,545,545,593,626,626,626,626,626,626,626,626,626,37,68,68],"floor_reached":56,"playtime":3871,"items_purged":["Thunderclap","Injury","Injury"],"score":1615,"play_id":"afa4a0dd-cf4c-4930-9c51-6156da2d0aaa","local_time":"20190514194409","is_ascension_mode":true,"campfire_choices":[{"floor":7.0,"key":"REST"},{"data":"Immolate","floor":10.0,"key":"SMITH"},{"floor":15.0,"key":"REST"},{"floor":24.0,"key":"REST"},{"floor":28.0,"key":"REST"},{"data":"Rupture","floor":30.0,"key":"SMITH"},{"floor":32.0,"key":"REST"},{"floor":40,"key":"REST"},{"data":"Seeing Red","floor":42,"key":"SMITH"},{"data":"Heavy Blade","floor":45,"key":"SMITH"},{"floor":46,"key":"RECALL"},{"data":"Offering","floor":49,"key":"SMITH"},{"floor":52,"key":"REST"}],"neow_cost":"NONE","seed_source_timestamp":0,"circlet_count":0,"master_deck":["Bash","Immolate+1","Rupture","True Grit+1","Offering+1","Clothesline","Headbutt","Armaments","Power Through+1","Heavy Blade+1","Brutality","Reaper+1","Rupture+1","Perfected Strike","Pommel Strike","Brutality","Bludgeon","Heavy Blade+1","Cleave","True Grit+1","Combust+1","Anger","Burning Pact+1","Flame Barrier+1","Seeing Red+1","Bloodletting+1","Double Tap","Disarm+1","Sentinel+1","Combust","Shrug It Off+1","Inflame","Disarm+1","Inflame","Warcry+1"],"special_seed":0,"relics":["Burning Blood","Bottled Lightning","The Courier","Ancient Tea Set","Omamori","Self Forming Clay","Pandora\u0027s Box","Red Mask","Magic Flower","Shuriken","WingedGreaves","Mercury Hourglass","Whetstone","Bottled Flame","Calling Bell","Art of War","Toxic Egg 2","Pocketwatch","Blood Vial","Dream Catcher","Mango","War Paint","Anchor","Vajra","Bag of Marbles","Champion Belt"],"potions_floor_usage":[50,54,55,55],"damage_taken":[{"damage":0.0,"enemies":"Cultist","floor":1.0,"turns":2.0},{"damage":0.0,"enemies":"2 Louse","floor":2.0,"turns":1.0},{"damage":0.0,"enemies":"Small Slimes","floor":3.0,"turns":3.0},{"damage":13.0,"enemies":"2 Fungi Beasts","floor":4.0,"turns":2.0},{"damage":25.0,"enemies":"Exordium Wildlife","floor":5.0,"turns":3.0},{"damage":24.0,"enemies":"Lagavulin","floor":6.0,"turns":6.0},{"damage":19.0,"enemies":"3 Sentries","floor":8.0,"turns":4.0},{"damage":18.0,"enemies":"Gremlin Nob","floor":12.0,"turns":5.0},{"damage":26.0,"enemies":"Lagavulin","floor":14.0,"turns":7.0},{"damage":32.0,"enemies":"The Guardian","floor":16.0,"turns":14.0},{"damage":31.0,"enemies":"Chosen","floor":18.0,"turns":5.0},{"damage":35.0,"enemies":"2 Thieves","floor":19.0,"turns":4.0},{"damage":9.0,"enemies":"Masked Bandits","floor":20.0,"turns":3.0},{"damage":15.0,"enemies":"Centurion and Healer","floor":21.0,"turns":3.0},{"damage":29.0,"enemies":"Gremlin Leader","floor":23.0,"turns":6.0},{"damage":32.0,"enemies":"Book of Stabbing","floor":25.0,"turns":5.0},{"damage":33.0,"enemies":"Cultist and Chosen","floor":27.0,"turns":5.0},{"damage":13.0,"enemies":"Gremlin Leader","floor":29.0,"turns":5.0},{"damage":27.0,"enemies":"Shelled Parasite and Fungi","floor":31.0,"turns":4.0},{"damage":53.0,"enemies":"Champ","floor":33.0,"turns":7.0},{"damage":33,"enemies":"3 Darklings","floor":35,"turns":3},{"damage":30,"enemies":"Nemesis","floor":41,"turns":5},{"damage":48,"enemies":"Giant Head","floor":44,"turns":6},{"damage":101,"enemies":"Donu and Deca","floor":50,"turns":7},{"damage":31,"enemies":"Shield and Spear","floor":54,"turns":4},{"damage":119,"enemies":"The Heart","floor":55,"turns":8}],"seed_played":"-6205584162091355599","potions_obtained":[{"floor":2.0,"key":"FearPotion"},{"floor":8.0,"key":"Fire Potion"},{"floor":12.0,"key":"Energy Potion"},{"floor":14.0,"key":"Weak Potion"},{"floor":16.0,"key":"Ancient Potion"},{"floor":20.0,"key":"SteroidPotion"},{"floor":25.0,"key":"Explosive Potion"},{"floor":27.0,"key":"Fruit Juice"},{"floor":33.0,"key":"Energy Potion"}],"is_trial":false,"path_per_floor":["M","M","M","M","M","E","R","E","T","R","?","E","?","E","R","B",null,"M","M","?","M","$","E","R","E","T","M","R","E","R","M","R","B",null,"M","?","?","$","?","R","E","R","T","E","R","R","?","T","R","B",null,"R","$","E","B",null],"character_chosen":"IRONCLAD","items_purchased":["Magic Flower","Shuriken","Sentinel+1","Blood Vial","Combust","Shrug It Off+1","Anchor","Vajra","Bag of Marbles","BloodPotion","Inflame"],"campfire_rested":7,"item_purchase_floors":[22,22,38,38,38,38,53,53,53,53,53],"current_hp_per_floor":[80,80,80,73,54,36,60,47,47,47,47,35,35,15,39,13,63,43,26,23,22,22,11,35,30,30,18,42,61,61,58,80,62,79,55,55,55,55,55,80,62,62,62,84,84,84,84,84,84,31,78,94,94,90,12],"gold":68,"neow_bonus":"ONE_RANDOM_RARE_CARD","is_prod":false,"is_daily":false,"chose_seed":false,"campfire_upgraded":5,"win_rate":0,"timestamp":1557881049,"path_taken":["M","M","M","M","M","E","R","E","T","R","?","E","?","E","R","BOSS","M","M","?","M","$","E","R","E","T","M","R","E","R","M","R","BOSS","M","?","?","$","?","R","E","R","T","E","R","R","?","?","R","BOSS","R","$","E","BOSS"],"build_version":"2019-01-23","purchased_purges":3,"victory":true,"max_hp_per_floor":[80,80,80,80,80,80,80,80,80,80,80,80,80,80,80,80,80,80,80,80,80,80,80,80,80,80,80,80,80,80,80,80,85,85,85,85,85,85,85,85,85,85,85,99,99,99,94,94,94,94,94,94,94,94,94],"card_choices":[{"not_picked":["Cleave","Wild Strike"],"picked":"Rupture","floor":1.0},{"not_picked":["Pommel Strike","Havoc"],"picked":"True Grit","floor":2.0},{"not_picked":["Havoc","Clothesline"],"picked":"Offering","floor":3.0},{"not_picked":["Iron Wave","Pommel Strike"],"picked":"Clothesline","floor":4.0},{"not_picked":["Dual Wield","Cleave"],"picked":"Headbutt","floor":5.0},{"not_picked":["Pommel Strike","Dual Wield"],"picked":"Armaments","floor":6.0},{"not_picked":["Wild Strike","Juggernaut"],"picked":"Power Through","floor":8.0},{"not_picked":["Pummel","Burning Pact"],"picked":"Heavy Blade","floor":12.0},{"not_picked":["Power Through","Sentinel"],"picked":"Metallicize","floor":14.0},{"not_picked":["Dark Embrace","Barricade"],"picked":"Brutality","floor":16.0},{"not_picked":["Clothesline","Perfected Strike","Sword Boomerang"],"picked":"SKIP","floor":18.0},{"not_picked":["Entrench","Perfected Strike+1"],"picked":"True Grit+1","floor":19.0},{"not_picked":["Impervious","Dual Wield"],"picked":"Combust+1","floor":20.0},{"not_picked":["Havoc","Feel No Pain"],"picked":"Anger","floor":21.0},{"not_picked":["Bludgeon","Thunderclap","Headbutt"],"picked":"SKIP","floor":23.0},{"not_picked":["Clothesline","Warcry"],"picked":"Burning Pact+1","floor":25.0},{"not_picked":["Brutality","Flex"],"picked":"Flame Barrier","floor":27.0},{"not_picked":["Pommel Strike","Second Wind+1"],"picked":"Seeing Red","floor":29.0},{"not_picked":["Wild Strike","Body Slam"],"picked":"Bloodletting+1","floor":31.0},{"not_picked":["Juggernaut","Bludgeon"],"picked":"Double Tap","floor":33.0},{"not_picked":["Shrug It Off+1","Armaments+1"],"picked":"Disarm+1","floor":35},{"not_picked":["Thunderclap","Heavy Blade"],"picked":"Inflame","floor":41},{"not_picked":["Impervious+1","Pummel+1"],"picked":"Disarm+1","floor":44},{"not_picked":["Rage+1","Sword Boomerang+1"],"picked":"Warcry+1","floor":54}],"player_experience":182793,"relics_obtained":[{"floor":6.0,"key":"Bottled Lightning"},{"floor":8.0,"key":"The Courier"},{"floor":9.0,"key":"Ancient Tea Set"},{"floor":12.0,"key":"Omamori"},{"floor":14.0,"key":"Self Forming Clay"},{"floor":20.0,"key":"Red Mask"},{"floor":23.0,"key":"WingedGreaves"},{"floor":25.0,"key":"Mercury Hourglass"},{"floor":26.0,"key":"Whetstone"},{"floor":29.0,"key":"Bottled Flame"},{"floor":34.0,"key":"Art of War"},{"floor":34.0,"key":"Toxic Egg 2"},{"floor":34.0,"key":"Pocketwatch"},{"floor":41,"key":"Dream Catcher"},{"floor":44,"key":"Mango"},{"floor":48,"key":"War Paint"},{"floor":54,"key":"Champion Belt"}],"event_choices":[{"damage_healed":0.0,"max_hp_gain":0.0,"max_hp_loss":0.0,"gold_gain":0.0,"event_name":"Golden Idol","player_choice":"Take Wound","floor":11.0,"gold_loss":0.0,"damage_taken":0.0,"relics_obtained":["Golden Idol"],"cards_obtained":["Injury"]},{"damage_healed":0.0,"max_hp_gain":0.0,"max_hp_loss":0.0,"gold_gain":0.0,"event_name":"Living Wall","player_choice":"Grow","floor":13.0,"gold_loss":0.0,"damage_taken":0.0,"cards_upgraded":["True Grit"]},{"damage_healed":0.0,"max_hp_gain":0.0,"max_hp_loss":0.0,"gold_gain":0.0,"event_name":"Masked Bandits","player_choice":"Fought Bandits","floor":20.0,"gold_loss":0.0,"damage_taken":0.0},{"damage_healed":0,"gold_gain":222,"player_choice":"Wore Mask","damage_taken":0,"max_hp_gain":0,"max_hp_loss":0,"event_name":"Tomb of Lord Red Mask","floor":36,"gold_loss":0},{"cards_removed":["Metallicize"],"damage_healed":0,"gold_gain":0,"player_choice":"Removed Power","damage_taken":0,"max_hp_gain":0,"max_hp_loss":0,"event_name":"Falling","floor":37,"gold_loss":0},{"damage_healed":0,"gold_gain":333,"player_choice":"Gave Idol","damage_taken":0,"max_hp_gain":0,"max_hp_loss":0,"event_name":"The Moai Head","floor":39,"relics_lost":["Golden Idol"],"gold_loss":0},{"damage_healed":0,"gold_gain":0,"player_choice":"Max HP","damage_taken":0,"max_hp_gain":0,"max_hp_loss":5,"event_name":"Winding Halls","floor":47,"gold_loss":0}],"is_beta":false,"boss_relics":[{"not_picked":["Mark of Pain","Lizard Tail"],"picked":"Pandora\u0027s Box"},{"not_picked":["Runic Pyramid","Runic Dome"],"picked":"Calling Bell"}],"items_purged_floors":[22,38,53],"is_endless":false,"potions_floor_spawned":[2,8,12,14,16,20,25,27,29,31,33,35,41],"ascension_level":5}