{"gold_per_floor":[118,118,118,130,146,146,160,192,192,192,212,240,257,277,277,277],"floor_reached":16,"playtime":806,"items_purged":[],"score":165,"play_id":"27bce061-eafd-466c-ad5a-b45003cba3da","local_time":"20190412154910","is_ascension_mode":true,"campfire_choices":[{"data":"Bouncing Flask","floor":6,"key":"SMITH"},{"floor":10,"key":"REST"},{"floor":15,"key":"REST"}],"neow_cost":"NONE","seed_source_timestamp":77317499756807,"circlet_count":0,"master_deck":["Defend_G","Defend_G","Defend_G+1","Defend_G","Defend_G","Strike_G","Strike_G","Strike_G","Strike_G","Strike_G","Survivor","Neutralize","Tools of the Trade+1","Bouncing Flask+1","Distraction","Backflip","Masterful Stab","Deflect","Deflect","Deadly Poison","Dodge and Roll","PiercingWail"],"relics":["Ring of the Snake","Bag of Preparation","Centennial Puzzle","Paper Crane"],"potions_floor_usage":[13,16],"damage_taken":[{"damage":0,"enemies":"Jaw Worm","floor":1,"turns":6},{"damage":0,"enemies":"2 Louse","floor":4,"turns":4},{"damage":0,"enemies":"Cultist","floor":5,"turns":4},{"damage":6,"enemies":"Red Slaver","floor":7,"turns":4},{"damage":25,"enemies":"Lagavulin","floor":8,"turns":6},{"damage":3,"enemies":"Looter","floor":11,"turns":2},{"damage":32,"enemies":"3 Sentries","floor":12,"turns":8},{"damage":0,"enemies":"Gremlin Gang","floor":13,"turns":5},{"damage":2,"enemies":"2 Fungi Beasts","floor":14,"turns":3},{"damage":35,"enemies":"Slime Boss","floor":16,"turns":7}],"seed_played":"-312425059607237706","potions_obtained":[{"floor":1,"key":"FearPotion"},{"floor":8,"key":"Poison Potion"},{"floor":12,"key":"FearPotion"},{"floor":14,"key":"SkillPotion"}],"is_trial":false,"path_per_floor":["M","?","$","M","M","R","M","E","T","R","M","E","M","M","R","B"],"character_chosen":"THE_SILENT","items_purchased":[],"campfire_rested":2,"item_purchase_floors":[],"current_hp_per_floor":[63,49,49,49,49,49,43,18,18,39,36,4,4,2,23,0],"gold":277,"neow_bonus":"ONE_RANDOM_RARE_CARD","is_prod":false,"is_daily":false,"chose_seed":false,"campfire_upgraded":1,"win_rate":0,"timestamp":1555102150,"path_taken":["M","?","$","M","M","R","M","E","T","R","M","E","M","M","R","BOSS"],"build_version":"2019-01-23","purchased_purges":0,"victory":false,"max_hp_per_floor":[70,70,70,70,70,70,70,70,70,70,70,70,70,70,70,70],"card_choices":[{"not_picked":["Deadly Poison","Poisoned Stab"],"picked":"Bouncing Flask","floor":1},{"not_picked":["Quick Slash","Poisoned Stab"],"picked":"Distraction","floor":4},{"not_picked":["Deadly Poison","Flechettes"],"picked":"Backflip","floor":5},{"not_picked":["Dagger Spray","Reflex"],"picked":"Masterful Stab","floor":7},{"not_picked":["Poisoned Stab","Blade Dance"],"picked":"Deflect","floor":8},{"not_picked":["All Out Attack","Doppelganger"],"picked":"Deflect","floor":11},{"not_picked":["Poisoned Stab","Storm of Steel"],"picked":"Deadly Poison","floor":12},{"not_picked":["Sucker Punch","Prepared"],"picked":"Dodge and Roll","floor":13},{"not_picked":["Flechettes","Bane"],"picked":"PiercingWail","floor":14}],"player_experience":419283,"relics_obtained":[{"floor":8,"key":"Bag of Preparation"},{"floor":9,"key":"Centennial Puzzle"},{"floor":12,"key":"Paper Crane"}],"event_choices":[{"damage_healed":0,"gold_gain":0,"player_choice":"Entered Light","damage_taken":14,"max_hp_gain":0,"max_hp_loss":0,"event_name":"Shining Light","floor":2,"gold_loss":0,"cards_upgraded":["Defend_G","Tools of the Trade"]}],"is_beta":false,"boss_relics":[],"items_purged_floors":[],"is_endless":false,"potions_floor_spawned":[1,8,12,14],"killed_by":"Slime Boss","ascension_level":9}