{"gold_per_floor":[117,134,134,134,150,182,182,202,225,253,263,263,276,301,301,372,372,387,387],"floor_reached":19,"playtime":10584,"items_purged":[],"score":378,"play_id":"01f01287-6d07-4a61-9adc-31fa259afe3e","local_time":"20190511195556","is_ascension_mode":true,"campfire_choices":[{"data":"Capacitor","floor":7,"key":"SMITH"},{"floor":12,"key":"REST"},{"floor":15,"key":"REST"}],"neow_cost":"NONE","seed_source_timestamp":14344714462785,"circlet_count":0,"master_deck":["AscendersBane","Strike_B","Strike_B","Strike_B","Strike_B","Defend_B","Defend_B","Defend_B","Defend_B+1","Zap+1","Dualcast","Glacier","Capacitor+1","Electrodynamics","Chill","Clumsy","Pain","Shame","Conserve Battery"],"relics":["Cracked Core","NeowsBlessing","War Paint","Dream Catcher","Ancient Tea Set","Regal Pillow","Oddly Smooth Stone","Calling Bell","Bronze Scales","Pantograph","Turnip"],"potions_floor_usage":[6,18,19],"damage_taken":[{"damage":0,"enemies":"Cultist","floor":1,"turns":1},{"damage":0,"enemies":"Jaw Worm","floor":2,"turns":1},{"damage":0,"enemies":"Small Slimes","floor":5,"turns":1},{"damage":19,"enemies":"3 Sentries","floor":6,"turns":10},{"damage":11,"enemies":"Looter","floor":8,"turns":4},{"damage":31,"enemies":"Lagavulin","floor":10,"turns":9},{"damage":0,"enemies":"2 Fungi Beasts","floor":11,"turns":2},{"damage":0,"enemies":"Lots of Slimes","floor":13,"turns":2},{"damage":17,"enemies":"3 Sentries","floor":14,"turns":3},{"damage":39,"enemies":"The Guardian","floor":16,"turns":18},{"damage":45,"enemies":"Shell Parasite","floor":18,"turns":9},{"damage":26,"enemies":"Chosen","floor":19,"turns":3}],"seed_played":"5428195006648749941","potions_obtained":[{"floor":2,"key":"Fruit Juice"},{"floor":10,"key":"EssenceOfSteel"},{"floor":11,"key":"FocusPotion"},{"floor":13,"key":"AttackPotion"}],"is_trial":false,"path_per_floor":["M","M","$","?","M","E","R","M","T","E","M","R","M","E","R","B",null,"M","M"],"character_chosen":"DEFECT","items_purchased":[],"campfire_rested":2,"item_purchase_floors":[],"current_hp_per_floor":[64,64,64,64,64,50,50,39,39,8,8,45,45,28,65,26,64,19,0],"gold":387,"neow_bonus":"THREE_ENEMY_KILL","is_prod":false,"is_daily":false,"chose_seed":false,"campfire_upgraded":1,"win_rate":0,"timestamp":1557593756,"path_taken":["M","?","$","?","M","E","R","M","T","E","M","R","?","E","R","BOSS","M","M"],"build_version":"2019-01-23","purchased_purges":0,"victory":false,"max_hp_per_floor":[71,71,71,71,71,76,76,76,76,76,76,76,76,76,76,76,76,76,76],"card_choices":[{"not_picked":["Gash","Cold Snap"],"picked":"Glacier","floor":1},{"not_picked":["Go for the Eyes","Turbo"],"picked":"Conserve Battery","floor":2},{"not_picked":["Consume","Redo"],"picked":"Capacitor","floor":5},{"not_picked":["Redo","Undo","Turbo"],"picked":"SKIP","floor":6},{"not_picked":["Gash","Compile Driver","Rebound"],"picked":"SKIP","floor":8},{"not_picked":["BootSequence","Steam"],"picked":"Electrodynamics","floor":10},{"not_picked":["Beam Cell","Compile Driver","Coolheaded"],"picked":"SKIP","floor":11},{"not_picked":["Beam Cell","Undo","Sweeping Beam"],"picked":"SKIP","floor":13},{"not_picked":["Amplify","Barrage","Streamline"],"picked":"SKIP","floor":14},{"not_picked":["Cold Snap","Melter"],"picked":"Chill","floor":15},{"not_picked":["Compile Driver+1","Hologram"],"picked":"Conserve Battery","floor":18}],"player_experience":1110926,"relics_obtained":[{"floor":6,"key":"Dream Catcher"},{"floor":9,"key":"Ancient Tea Set"},{"floor":10,"key":"Regal Pillow"},{"floor":14,"key":"Oddly Smooth Stone"},{"floor":17,"key":"Bronze Scales"},{"floor":17,"key":"Pantograph"},{"floor":17,"key":"Turnip"}],"event_choices":[{"cards_removed":["Conserve Battery"],"damage_healed":0,"gold_gain":0,"player_choice":"Gave Card","damage_taken":0,"relics_obtained":["War Paint"],"max_hp_gain":0,"max_hp_loss":0,"event_name":"WeMeetAgain","floor":4,"gold_loss":0}],"is_beta":false,"boss_relics":[{"not_picked":["Snecko Eye","Coffee Dripper"],"picked":"Calling Bell"}],"items_purged_floors":[],"is_endless":false,"potions_floor_spawned":[2,10,11,13,16],"killed_by":"Chosen","ascension_level":20}