{"gold_per_floor":[109,209,226,301,476,476,505,519,596,566,566,576,595,11,11,107,107,117,131,46,61,79,79,96,96,150,179,179,189,189,189,189,292,292,306,353,353,353,25,25,41,66,66,84,84,102,117,147,147,147,147,147,2,36,36],"floor_reached":55,"playtime":3202,"items_purged":[],"score":922,"play_id":"c24ed7df-e16e-4f47-933a-434e31a294e0","local_time":"20190425171245","is_ascension_mode":false,"campfire_choices":[{"data":"Neutralize","floor":6,"key":"SMITH"},{"data":"Adrenaline","floor":11,"key":"SMITH"},{"data":"Burst","floor":15,"key":"SMITH"},{"data":"Footwork","floor":23,"key":"SMITH"},{"data":"Cloak And Dagger","floor":25,"key":"SMITH"},{"data":"Well Laid Plans","floor":30,"key":"SMITH"},{"data":"Accuracy","floor":32,"key":"SMITH"},{"data":"Deadly Poison","floor":40,"key":"SMITH"},{"data":"After Image","floor":45,"key":"SMITH"},{"floor":49,"key":"RECALL"},{"data":"Infinite Blades","floor":52,"key":"SMITH"}],"neow_cost":"NONE","seed_source_timestamp":87790061426720,"circlet_count":0,"master_deck":["Defend_G+1","Defend_G+1","Defend_G+1","Defend_G+1","Defend_G+1","Strike_G+1","Strike_G+1","Strike_G+1","Strike_G+1","Strike_G+1","Survivor","Neutralize+1","Blur","Cloak And Dagger+1","Adrenaline+1","Prepared","Deflect","Accuracy+1","Deadly Poison+1","Burst+1","Sucker Punch","Corpse Explosion","Infinite Blades","Corpse Explosion","Backflip","Backflip+1","Footwork+1","Deadly Poison+1","Dodge and Roll","Well Laid Plans+1","Die Die Die+1","Dodge and Roll+1","Backflip+1","Footwork+1","Infinite Blades+1","After Image+1","Catalyst+1","Backflip+1","Choke+1","Phantasmal Killer+1","Cloak And Dagger+1"],"relics":["Ring of the Snake","NeowsBlessing","Regal Pillow","Sundial","Mummified Hand","Coffee Dripper","Dream Catcher","Smiling Mask","PreservedInsect","Molten Egg 2","Empty Cage","Du-Vu Doll","Paper Crane","Toxic Egg 2","Ancient Tea Set","Vajra","Oddly Smooth Stone"],"potions_floor_usage":[16,19,21,27,36,42,50,50,55],"damage_taken":[{"damage":0,"enemies":"Small Slimes","floor":1,"turns":1},{"damage":0,"enemies":"Cultist","floor":3,"turns":1},{"damage":0,"enemies":"Gremlin Nob","floor":7,"turns":1},{"damage":3,"enemies":"Jaw Worm","floor":8,"turns":8},{"damage":0,"enemies":"Looter","floor":10,"turns":4},{"damage":0,"enemies":"Blue Slaver","floor":12,"turns":4},{"damage":7,"enemies":"3 Louse","floor":13,"turns":6},{"damage":12,"enemies":"Hexaghost","floor":16,"turns":11},{"damage":0,"enemies":"Chosen","floor":18,"turns":4},{"damage":9,"enemies":"2 Thieves","floor":19,"turns":2},{"damage":0,"enemies":"Snake Plant","floor":21,"turns":5},{"damage":18,"enemies":"Snecko","floor":22,"turns":6},{"damage":0,"enemies":"Cultist and Chosen","floor":24,"turns":5},{"damage":28,"enemies":"Slavers","floor":27,"turns":4},{"damage":11,"enemies":"Shelled Parasite and Fungi","floor":29,"turns":6},{"damage":0,"enemies":"Automaton","floor":33,"turns":12},{"damage":0,"enemies":"3 Shapes","floor":35,"turns":5},{"damage":36,"enemies":"2 Orb Walkers","floor":36,"turns":4},{"damage":0,"enemies":"Orb Walker","floor":41,"turns":4},{"damage":0,"enemies":"Reptomancer","floor":42,"turns":6},{"damage":0,"enemies":"Maw","floor":44,"turns":8},{"damage":0,"enemies":"3 Darklings","floor":46,"turns":2},{"damage":0,"enemies":"Transient","floor":47,"turns":5},{"damage":0,"enemies":"Giant Head","floor":48,"turns":9},{"damage":28,"enemies":"Time Eater","floor":50,"turns":16},{"damage":20,"enemies":"Shield and Spear","floor":54,"turns":6},{"damage":56,"enemies":"The Heart","floor":55,"turns":5}],"seed_played":"-3637716656385825280","potions_obtained":[{"floor":1,"key":"GhostInAJar"},{"floor":12,"key":"SkillPotion"},{"floor":16,"key":"SkillPotion"},{"floor":21,"key":"LiquidBronze"},{"floor":29,"key":"Ancient Potion"},{"floor":33,"key":"SpeedPotion"},{"floor":35,"key":"SkillPotion"},{"floor":36,"key":"EssenceOfSteel"},{"floor":46,"key":"Weak Potion"}],"is_trial":false,"path_per_floor":["M","?","M","?","?","R","E","M","T","M","R","M","M","$","R","B",null,"M","M","?","M","M","R","M","R","T","E","?","M","R","?","R","B",null,"M","?","?","?","$","R","M","E","T","M","R","M","M","E","R","B",null,"R","$","E","B"],"character_chosen":"THE_SILENT","items_purchased":["Mummified Hand","Burst","Sucker Punch","Corpse Explosion","Infinite Blades","Paper Crane","Infinite Blades","Vajra"],"campfire_rested":0,"item_purchase_floors":[14,14,14,14,14,39,39,53],"current_hp_per_floor":[70,70,70,59,59,59,59,56,56,56,56,56,49,49,49,37,70,70,61,61,61,43,43,43,43,43,15,15,4,4,4,4,4,70,70,34,34,34,34,34,34,34,34,34,34,34,34,34,34,6,70,70,70,50,0],"gold":36,"neow_bonus":"THREE_ENEMY_KILL","is_prod":false,"is_daily":false,"chose_seed":false,"campfire_upgraded":10,"win_rate":0,"timestamp":1556230365,"path_taken":["M","?","?","?","?","R","E","M","T","M","R","M","M","$","R","BOSS","M","M","?","M","M","R","M","R","T","E","?","M","R","?","R","BOSS","M","?","?","?","$","R","M","E","T","?","R","M","M","E","R","BOSS","R","$","E","BOSS"],"build_version":"2019-01-23","purchased_purges":0,"victory":false,"max_hp_per_floor":[70,70,70,70,70,70,70,70,70,70,70,70,70,70,70,70,70,70,70,70,70,70,70,70,70,70,70,70,70,70,70,70,70,70,70,70,70,70,70,70,70,70,70,70,70,70,70,70,70,70,70,70,70,70,70],"card_choices":[{"not_picked":["Bane","Sucker Punch"],"picked":"Blur","floor":1},{"not_picked":["Setup","Flying Knee"],"picked":"Cloak And Dagger","floor":3},{"not_picked":["PiercingWail","Predator"],"picked":"Adrenaline","floor":7},{"not_picked":["Choke","Flying Knee"],"picked":"Prepared","floor":8},{"not_picked":["Blade Dance","Riddle With Holes"],"picked":"Deflect","floor":10},{"not_picked":["Prepared","Distraction"],"picked":"Accuracy","floor":12},{"not_picked":["Setup","Cloak And Dagger"],"picked":"Deadly Poison","floor":13},{"not_picked":["Die Die Die","Glass Knife"],"picked":"Corpse Explosion","floor":16},{"not_picked":["Endless Agony","Prepared"],"picked":"Backflip","floor":18},{"not_picked":["Dagger Throw","Backstab"],"picked":"Backflip+1","floor":19},{"not_picked":["Bane","Quick Slash","Finisher"],"picked":"SKIP","floor":21},{"not_picked":["Expertise","Underhanded Strike"],"picked":"Footwork","floor":22},{"not_picked":["Acrobatics","Underhanded Strike"],"picked":"Deadly Poison+1","floor":24},{"not_picked":["Acrobatics","Unload"],"picked":"Dodge and Roll","floor":27},{"not_picked":["Blade Dance","Tactician+1"],"picked":"Well Laid Plans","floor":29},{"not_picked":["Malaise","Wraith Form v2"],"picked":"Die Die Die+1","floor":33},{"not_picked":["Slice+1","Acrobatics+1"],"picked":"Dodge and Roll+1","floor":35},{"not_picked":["Poisoned Stab+1","Sucker Punch+1"],"picked":"Backflip+1","floor":36},{"not_picked":["Slice+1","Blade Dance"],"picked":"After Image","floor":41},{"not_picked":["Terror+1","Escape Plan+1"],"picked":"Catalyst","floor":42},{"not_picked":["Predator+1","Dagger Throw+1","Finisher+1"],"picked":"SKIP","floor":44},{"not_picked":["Slice+1","Tactician+1"],"picked":"Backflip+1","floor":46},{"not_picked":["Underhanded Strike+1","Dagger Throw+1"],"picked":"Choke+1","floor":47},{"not_picked":["Slice+1","Finisher+1"],"picked":"Phantasmal Killer+1","floor":48},{"not_picked":["Deadly Poison+1","Blur+1"],"picked":"Cloak And Dagger+1","floor":54}],"player_experience":506869,"relics_obtained":[{"floor":7,"key":"Regal Pillow"},{"floor":9,"key":"Sundial"},{"floor":26,"key":"Smiling Mask"},{"floor":27,"key":"PreservedInsect"},{"floor":36,"key":"Du-Vu Doll"},{"floor":42,"key":"Toxic Egg 2"},{"floor":48,"key":"Ancient Tea Set"},{"floor":54,"key":"Oddly Smooth Stone"}],"event_choices":[{"damage_healed":0,"gold_gain":100,"player_choice":"Pray","damage_taken":0,"max_hp_gain":0,"max_hp_loss":0,"event_name":"Golden Shrine","floor":2,"gold_loss":0},{"damage_healed":0,"gold_gain":75,"player_choice":"Gather Gold","damage_taken":11,"max_hp_gain":0,"max_hp_loss":0,"event_name":"World of Goop","floor":4,"gold_loss":0},{"damage_healed":0,"gold_gain":175,"player_choice":"AGREE","damage_taken":0,"max_hp_gain":0,"max_hp_loss":0,"event_name":"Liars Game","floor":5,"gold_loss":0,"cards_obtained":["Doubt"]},{"damage_healed":0,"gold_gain":0,"player_choice":"Obtained Relic","damage_taken":0,"relics_obtained":["Dream Catcher"],"max_hp_gain":0,"max_hp_loss":0,"event_name":"Addict","floor":20,"gold_loss":85},{"damage_healed":0,"gold_gain":0,"player_choice":"Simplicity","damage_taken":0,"max_hp_gain":0,"max_hp_loss":0,"event_name":"Back to Basics","floor":28,"gold_loss":0,"cards_upgraded":["Defend_G","Defend_G","Defend_G","Defend_G","Defend_G","Strike_G","Strike_G","Strike_G","Strike_G","Strike_G"]},{"damage_healed":0,"gold_gain":0,"player_choice":"Opened","damage_taken":0,"relics_obtained":["Molten Egg 2"],"max_hp_gain":0,"max_hp_loss":0,"event_name":"The Mausoleum","floor":31,"gold_loss":0,"cards_obtained":["Writhe"]},{"damage_healed":0,"gold_gain":0,"player_choice":"Fight","damage_taken":0,"max_hp_gain":0,"max_hp_loss":0,"event_name":"Mysterious Sphere","floor":36,"gold_loss":0},{"damage_healed":0,"gold_gain":0,"player_choice":"Ignored","damage_taken":0,"max_hp_gain":0,"max_hp_loss":0,"event_name":"Tomb of Lord Red Mask","floor":37,"gold_loss":0},{"damage_healed":0,"gold_gain":0,"player_choice":"Copied","damage_taken":0,"max_hp_gain":0,"max_hp_loss":0,"event_name":"Duplicator","floor":38,"gold_loss":0,"cards_obtained":["Footwork"]}],"is_beta":false,"boss_relics":[{"not_picked":["Cursed Key","Snecko Eye"],"picked":"Coffee Dripper"},{"not_picked":["Tiny House","Lizard Tail"],"picked":"Empty Cage"}],"items_purged_floors":[],"is_endless":false,"potions_floor_spawned":[1,12,16,21,29,33,35,36,46,47],"killed_by":"The Heart","ascension_level":0}