{"gold_per_floor":[111,111,121,138,154,184,184,201,226,238,262,292,321,358,370,455,467,489,516,528,540],"floor_reached":21,"playtime":1816,"items_purged":[],"score":390,"play_id":"3cb1e85e-598b-41e3-8f98-8ec2de893c39","local_time":"20190530044116","is_ascension_mode":true,"campfire_choices":[{"floor":7,"key":"REST"},{"floor":10,"key":"REST"},{"floor":15,"key":"REST"}],"neow_cost":"NONE","seed_source_timestamp":195489001017823,"circlet_count":0,"master_deck":["AscendersBane","Strike_B","Defend_B","Defend_B","Defend_B","Defend_B","Zap","Dualcast","Chill+1","Buffer+1","Tempest+1","White Noise","Cold Snap","Thunder Strike","Core Surge","Ball Lightning","Auto Shields","Self Repair","Creative AI","White Noise+1","Capacitor"],"relics":["Astrolabe","Happy Flower","MawBank","Boot","Sozu"],"potions_floor_usage":[21],"damage_taken":[{"damage":0,"enemies":"Cultist","floor":1,"turns":3},{"damage":7,"enemies":"Jaw Worm","floor":3,"turns":4},{"damage":2,"enemies":"Small Slimes","floor":4,"turns":3},{"damage":2,"enemies":"2 Fungi Beasts","floor":5,"turns":2},{"damage":27,"enemies":"3 Sentries","floor":6,"turns":7},{"damage":17,"enemies":"Exordium Wildlife","floor":8,"turns":6},{"damage":8,"enemies":"Blue Slaver","floor":11,"turns":4},{"damage":0,"enemies":"Large Slime","floor":12,"turns":6},{"damage":0,"enemies":"Looter","floor":13,"turns":4},{"damage":6,"enemies":"Lagavulin","floor":14,"turns":6},{"damage":38,"enemies":"Slime Boss","floor":16,"turns":8},{"damage":19,"enemies":"Shell Parasite","floor":18,"turns":7},{"damage":13,"enemies":"Spheric Guardian","floor":19,"turns":6},{"damage":58,"enemies":"Masked Bandits","floor":21,"turns":5}],"seed_played":"7429682865423376556","potions_obtained":[{"floor":3,"key":"Energy Potion"},{"floor":6,"key":"FearPotion"},{"floor":8,"key":"AttackPotion"},{"floor":14,"key":"FairyPotion"}],"is_trial":false,"path_per_floor":["M","$","M","M","M","E","R","M","T","R","M","M","M","E","R","B",null,"M","M","$","?"],"character_chosen":"DEFECT","items_purchased":[],"campfire_rested":3,"item_purchase_floors":[],"current_hp_per_floor":[64,64,57,55,53,26,47,30,30,51,43,43,43,37,58,27,60,41,28,28,0],"gold":540,"neow_bonus":"BOSS_RELIC","is_prod":false,"is_daily":false,"chose_seed":false,"campfire_upgraded":0,"win_rate":0,"timestamp":1559180476,"path_taken":["M","?","M","M","M","E","R","M","T","R","M","?","M","E","R","BOSS","M","M","$","?"],"build_version":"2019-01-23","purchased_purges":0,"victory":false,"max_hp_per_floor":[71,71,71,71,71,71,71,71,71,71,71,71,71,71,71,71,71,71,71,71,71],"card_choices":[{"not_picked":["Turbo","Stack"],"picked":"White Noise","floor":1},{"not_picked":["Hello World","Tempest"],"picked":"Cold Snap","floor":3},{"not_picked":["Stack","Sweeping Beam"],"picked":"Thunder Strike","floor":4},{"not_picked":["Rip and Tear","Gash","Steam Power"],"picked":"SKIP","floor":5},{"not_picked":["Heatsinks","Steam"],"picked":"Core Surge","floor":6},{"not_picked":["Redo","Gash"],"picked":"Ball Lightning","floor":8},{"not_picked":["Force Field","Reprogram"],"picked":"Auto Shields","floor":11},{"not_picked":["Steam","Heatsinks","Redo"],"picked":"SKIP","floor":12},{"not_picked":["Conserve Battery","Chill","Cold Snap"],"picked":"SKIP","floor":13},{"not_picked":["Go for the Eyes","Conserve Battery"],"picked":"Self Repair","floor":14},{"not_picked":["Core Surge","Meteor Strike"],"picked":"Creative AI","floor":16},{"not_picked":["Capacitor","Sweeping Beam"],"picked":"White Noise+1","floor":18},{"not_picked":["Leap+1","Sweeping Beam+1"],"picked":"Capacitor","floor":19}],"player_experience":1139044,"relics_obtained":[{"floor":6,"key":"Happy Flower"},{"floor":9,"key":"MawBank"},{"floor":14,"key":"Boot"}],"event_choices":[{"damage_healed":0,"gold_gain":0,"player_choice":"Fought Bandits","damage_taken":0,"max_hp_gain":0,"max_hp_loss":0,"event_name":"Masked Bandits","floor":21,"gold_loss":0}],"is_beta":false,"boss_relics":[{"not_picked":["Runic Pyramid","Busted Crown"],"picked":"Sozu"}],"items_purged_floors":[],"is_endless":false,"potions_floor_spawned":[3,6,8,13,14],"killed_by":"Masked Bandits","ascension_level":20}