{"gold_per_floor":[119,131,151,39,39,39,52,52,52,67,67,87,114,114,114,217,217,228,248,148,148,248,248,275,275,330,342,164,179,504,514,514,616,616,633,633,648,419,329,329,361,374,424,424,424,92,112,132,132,132,132,132,32,65,65],"floor_reached":55,"playtime":3853,"items_purged":["Strike_R","Strike_R","Strike_R","Strike_R","Strike_R"],"score":983,"play_id":"4d577e07-623a-4b0e-b5e4-9d25b11339e9","local_time":"20190520161852","is_ascension_mode":true,"campfire_choices":[{"data":"Infernal Blade","floor":6.0,"key":"SMITH"},{"data":"Rampage","floor":8.0,"key":"SMITH"},{"data":"Bash","floor":11.0,"key":"SMITH"},{"data":"Uppercut","floor":15.0,"key":"SMITH"},{"data":"Infernal Blade","floor":23.0,"key":"SMITH"},{"data":"Exhume","floor":25.0,"key":"SMITH"},{"floor":32.0,"key":"REST"},{"data":"Barricade","floor":40.0,"key":"SMITH"},{"floor":44.0,"key":"RECALL"},{"data":"Feel No Pain","floor":49.0,"key":"SMITH"},{"floor":52.0,"key":"DIG"}],"neow_cost":"NONE","seed_source_timestamp":88701716496700,"circlet_count":0,"master_deck":["Defend_R","Defend_R","Defend_R","Defend_R","Bash+1","Clash+1","Infernal Blade+1","Twin Strike","Rampage+1","Carnage+1","Clash","Feel No Pain+1","Uppercut+1","Exhume+1","Intimidate","Infernal Blade+1","Disarm+1","True Grit+1","Exhume+1","Havoc+1","Battle Trance+1","Warcry+1","Barricade+1","Entrench+1","Warcry+1","Exhume+1","Infernal Blade+1","PanicButton+1","Intimidate+1","Good Instincts+1","Disarm+1","Spot Weakness+1","Power Through+1"],"special_seed":0,"relics":["Burning Blood","Mercury Hourglass","Ornamental Fan","Runic Cube","Gambling Chip","Toxic Egg 2","PreservedInsect","Art of War","Old Coin","Eternal Feather","Shuriken","Shovel","Whetstone","Dodecahedron","Kunai"],"potions_floor_usage":[55,55],"damage_taken":[{"damage":3.0,"enemies":"Jaw Worm","floor":1.0,"turns":5.0},{"damage":0.0,"enemies":"2 Louse","floor":2.0,"turns":2.0},{"damage":4.0,"enemies":"Small Slimes","floor":3.0,"turns":3.0},{"damage":0.0,"enemies":"Exordium Wildlife","floor":7.0,"turns":2.0},{"damage":12.0,"enemies":"Large Slime","floor":10.0,"turns":3.0},{"damage":6.0,"enemies":"Lots of Slimes","floor":12.0,"turns":3.0},{"damage":13.0,"enemies":"Lagavulin","floor":13.0,"turns":5.0},{"damage":26.0,"enemies":"Hexaghost","floor":16.0,"turns":7.0},{"damage":2.0,"enemies":"Chosen","floor":18.0,"turns":3.0},{"damage":11.0,"enemies":"3 Byrds","floor":19.0,"turns":4.0},{"damage":10.0,"enemies":"Colosseum Slavers","floor":22.0,"turns":3.0},{"damage":26.0,"enemies":"Colosseum Nobs","floor":22.0,"turns":5.0},{"damage":6.0,"enemies":"Gremlin Leader","floor":24.0,"turns":6.0},{"damage":15.0,"enemies":"Sentry and Sphere","floor":27.0,"turns":4.0},{"damage":10.0,"enemies":"Shelled Parasite and Fungi","floor":29.0,"turns":4.0},{"damage":0.0,"enemies":"Slavers","floor":30.0,"turns":3.0},{"damage":3.0,"enemies":"Centurion and Healer","floor":31.0,"turns":4.0},{"damage":28.0,"enemies":"Champ","floor":33.0,"turns":7.0},{"damage":19.0,"enemies":"3 Shapes","floor":35.0,"turns":5.0},{"damage":20.0,"enemies":"3 Darklings","floor":37.0,"turns":7.0},{"damage":37.0,"enemies":"Giant Head","floor":41.0,"turns":7.0},{"damage":9.0,"enemies":"Spire Growth","floor":42.0,"turns":6.0},{"damage":8.0,"enemies":"Sphere and 2 Shapes","floor":47.0,"turns":5.0},{"damage":0.0,"enemies":"Jaw Worm Horde","floor":48.0,"turns":3.0},{"damage":22.0,"enemies":"Time Eater","floor":50.0,"turns":20.0},{"damage":72.0,"enemies":"Shield and Spear","floor":54.0,"turns":10.0},{"damage":25,"enemies":"The Heart","floor":55,"turns":5}],"seed_played":"-4731703725803498079","potions_obtained":[{"floor":3.0,"key":"PowerPotion"},{"floor":7.0,"key":"Block Potion"},{"floor":10.0,"key":"Energy Potion"},{"floor":12.0,"key":"EssenceOfSteel"},{"floor":19.0,"key":"Regen Potion"},{"floor":22.0,"key":"EssenceOfSteel"},{"floor":27.0,"key":"PowerPotion"},{"floor":30.0,"key":"PowerPotion"},{"floor":35.0,"key":"Explosive Potion"},{"floor":42.0,"key":"EssenceOfSteel"},{"floor":48.0,"key":"Weak Potion"}],"is_trial":false,"path_per_floor":["M","M","M","$","?","R","M","R","T","M","R","M","E","?","R","B",null,"M","M","$","?","?","R","E","R","T","M","$","M","E","M","R","B",null,"M","?","M","$","?","R","E","M","T","R","?","$","M","M","R","B",null,"R","$","E","B"],"character_chosen":"IRONCLAD","items_purchased":["Rampage","Havoc+1","Exhume+1","Intimidate+1","Good Instincts+1","Dexterity Potion","Energy Potion"],"campfire_rested":1,"item_purchase_floors":[4,28,38,46,46,53,53],"current_hp_per_floor":[83,88,88,88,88,88,88,88,88,82,82,82,75,68,68,48,78,82,77,77,77,53,53,53,53,53,44,44,52,58,61,87,65,82,69,69,55,55,55,70,39,36,36,51,51,51,49,55,73,57,80,88,88,22,0],"gold":65,"neow_bonus":"TEN_PERCENT_HP_BONUS","is_prod":false,"is_daily":false,"chose_seed":false,"campfire_upgraded":8,"win_rate":0,"timestamp":1558387132,"path_taken":["M","M","M","$","?","R","M","R","T","M","R","M","E","?","R","BOSS","M","M","$","?","?","R","E","R","T","M","$","M","E","?","R","BOSS","M","?","M","$","?","R","E","?","T","R","?","$","M","M","R","BOSS","R","$","E","BOSS"],"build_version":"2019-01-23","purchased_purges":5,"victory":false,"max_hp_per_floor":[88,88,88,88,88,88,88,88,88,88,88,88,88,88,88,88,88,88,88,88,88,88,88,88,88,88,88,88,88,88,88,88,88,88,88,88,88,88,88,88,88,88,88,88,88,88,88,88,88,88,88,88,88,88,88],"card_choices":[{"not_picked":["Clothesline","Second Wind"],"picked":"Clash","floor":1.0},{"not_picked":["Perfected Strike","Combust"],"picked":"Infernal Blade","floor":2.0},{"not_picked":["Bloodletting","Cleave"],"picked":"Twin Strike","floor":3.0},{"not_picked":["Thunderclap","Heavy Blade"],"picked":"Carnage","floor":7.0},{"not_picked":["Anger","Fire Breathing"],"picked":"Clash","floor":10.0},{"not_picked":["Warcry","Second Wind"],"picked":"Feel No Pain","floor":12.0},{"not_picked":["Wild Strike","Fire Breathing"],"picked":"Uppercut","floor":13.0},{"not_picked":["Dark Embrace","Reaper"],"picked":"Exhume","floor":16.0},{"not_picked":["Perfected Strike","Clash"],"picked":"Intimidate","floor":18.0},{"not_picked":["Heavy Blade+1","Twin Strike+1"],"picked":"Infernal Blade","floor":19.0},{"not_picked":["Burning Pact","Combust"],"picked":"Disarm","floor":22.0},{"not_picked":["Body Slam","Flex+1"],"picked":"True Grit+1","floor":24.0},{"not_picked":["Perfected Strike+1","Clothesline"],"picked":"Exhume+1","floor":27.0},{"not_picked":["Second Wind+1","Havoc+1"],"picked":"Battle Trance+1","floor":29.0},{"not_picked":["Second Wind+1","Pommel Strike","Armaments+1"],"picked":"SKIP","floor":30.0},{"not_picked":["Reckless Charge","Sever Soul"],"picked":"Warcry+1","floor":31.0},{"not_picked":["Double Tap+1","Immolate"],"picked":"Barricade","floor":33.0},{"not_picked":["Perfected Strike","Pommel Strike"],"picked":"Entrench+1","floor":35.0},{"not_picked":["Sword Boomerang+1","True Grit+1"],"picked":"Warcry+1","floor":37.0},{"not_picked":["Body Slam","Anger"],"picked":"Infernal Blade+1","floor":41.0},{"not_picked":["Perfected Strike","Flex+1","Barricade"],"picked":"SKIP","floor":42.0},{"not_picked":["Flash of Steel","Deep Breath+1"],"picked":"PanicButton+1","floor":45.0},{"not_picked":["Havoc+1","Carnage+1"],"picked":"Disarm+1","floor":47.0},{"not_picked":["Dual Wield+1","Thunderclap"],"picked":"Spot Weakness+1","floor":48.0},{"not_picked":["Spot Weakness+1","Fiend Fire"],"picked":"Power Through+1","floor":54.0}],"player_experience":199994,"relics_obtained":[{"floor":13.0,"key":"Mercury Hourglass"},{"floor":22.0,"key":"Gambling Chip"},{"floor":22.0,"key":"Toxic Egg 2"},{"floor":24.0,"key":"PreservedInsect"},{"floor":26.0,"key":"Art of War"},{"floor":30.0,"key":"Old Coin"},{"floor":41.0,"key":"Shovel"},{"floor":43.0,"key":"Whetstone"},{"floor":52.0,"key":"Dodecahedron"},{"floor":54.0,"key":"Kunai"}],"event_choices":[{"damage_healed":0.0,"max_hp_gain":0.0,"max_hp_loss":0.0,"gold_gain":0.0,"event_name":"The Cleric","player_choice":"Leave","floor":5.0,"gold_loss":0.0,"damage_taken":0.0},{"damage_healed":0.0,"max_hp_gain":0.0,"max_hp_loss":0.0,"gold_gain":0.0,"event_name":"Scrap Ooze","player_choice":"Success","floor":14.0,"gold_loss":0.0,"damage_taken":7.0,"relics_obtained":["Ornamental Fan"]},{"damage_healed":0.0,"max_hp_gain":0.0,"max_hp_loss":0.0,"gold_gain":0.0,"event_name":"Vampires","player_choice":"Ignored","floor":21.0,"gold_loss":0.0,"damage_taken":0.0},{"damage_healed":0.0,"max_hp_gain":0.0,"max_hp_loss":0.0,"gold_gain":0.0,"event_name":"Colosseum","player_choice":"Fight","floor":22.0,"gold_loss":0.0,"damage_taken":0.0},{"damage_healed":0.0,"max_hp_gain":0.0,"max_hp_loss":0.0,"gold_gain":0.0,"event_name":"Colosseum","player_choice":"Fought Nobs","floor":22.0,"gold_loss":0.0,"damage_taken":0.0},{"damage_healed":0.0,"max_hp_gain":0.0,"max_hp_loss":0.0,"gold_gain":0.0,"event_name":"Tomb of Lord Red Mask","player_choice":"Ignored","floor":36.0,"gold_loss":0.0,"damage_taken":0.0},{"damage_healed":0.0,"max_hp_gain":0.0,"max_hp_loss":0.0,"gold_gain":0.0,"event_name":"WeMeetAgain","player_choice":"Paid Gold","floor":39.0,"gold_loss":90.0,"damage_taken":0.0,"relics_obtained":["Shuriken"]},{"damage_healed":0.0,"max_hp_gain":0.0,"max_hp_loss":0.0,"gold_gain":0.0,"event_name":"SensoryStone","player_choice":"Memory 1","floor":45.0,"gold_loss":0.0,"damage_taken":0.0}],"is_beta":false,"boss_relics":[{"not_picked":["Philosopher\u0027s Stone","Lizard Tail"],"picked":"Runic Cube"},{"not_picked":["Calling Bell","Astrolabe"],"picked":"Eternal Feather"}],"items_purged_floors":[4,20,28,38,46],"is_endless":false,"potions_floor_spawned":[3,7,10,12,19,22,27,30,35,42,48],"killed_by":"The Heart","ascension_level":6}