{"gold_per_floor":[115,115,134,153,170,197,77,77,152,213,231,231,231,263,263,366,366,306,306,306,39,57,83,83,108,134,163,163,177,177,7,7,106,106,116,0,0,12,22,22,39,39,111,162,188,188,188],"floor_reached":47,"playtime":3427,"items_purged":["Writhe","Parasite","Static Discharge"],"score":597,"play_id":"8de2e79e-335c-4e1d-83b1-507036e018ce","local_time":"20190506193431","is_ascension_mode":true,"campfire_choices":[{"data":"Creative AI","floor":8,"key":"SMITH"},{"data":"Defragment","floor":12,"key":"SMITH"},{"data":"Hologram","floor":15,"key":"SMITH"},{"data":"Double Energy","floor":24,"key":"SMITH"},{"floor":28,"key":"REST"},{"floor":32,"key":"REST"},{"data":"Seek","floor":40,"key":"SMITH"},{"data":"Defragment","floor":42,"key":"SMITH"},{"data":"Amplify","floor":46,"key":"SMITH"}],"neow_cost":"NONE","seed_source_timestamp":1572474722172300,"circlet_count":0,"master_deck":["Zap+1","Dualcast","Glacier","Hologram+1","Steam+1","Creative AI+1","Compile Driver","Defragment+1","Doom and Gloom+1","Ball Lightning+1","Buffer","Seek+1","Double Energy+1","White Noise","Steam","Amplify+1","Blizzard+1","Stack","Cold Snap+1","Reboot","Loop","Flash of Steel+1","Rip and Tear+1","Chaos+1","Go for the Eyes+1","Beam Cell+1","Machine Learning","Barrage+1","Glacier+1","Defragment+1"],"relics":["Cracked Core","Dead Branch","Molten Egg 2","War Paint","Gambling Chip","Pandora\u0027s Box","Blood Vial","Singing Bowl","Sundial","Oddly Smooth Stone","Kunai","Velvet Choker","Red Mask","Unceasing Top","Orichalcum"],"potions_floor_usage":[18,27,30,33,33,45],"damage_taken":[{"damage":0,"enemies":"2 Louse","floor":1,"turns":3},{"damage":5,"enemies":"Cultist","floor":3,"turns":4},{"damage":0,"enemies":"Small Slimes","floor":4,"turns":4},{"damage":5,"enemies":"2 Fungi Beasts","floor":5,"turns":4},{"damage":10,"enemies":"3 Sentries","floor":6,"turns":11},{"damage":10,"enemies":"3 Sentries","floor":10,"turns":6},{"damage":9,"enemies":"Looter","floor":11,"turns":3},{"damage":17,"enemies":"Gremlin Nob","floor":14,"turns":5},{"damage":9,"enemies":"Slime Boss","floor":16,"turns":6},{"damage":0,"enemies":"2 Thieves","floor":18,"turns":4},{"damage":19,"enemies":"3 Byrds","floor":22,"turns":5},{"damage":0,"enemies":"Gremlin Leader","floor":23,"turns":5},{"damage":6,"enemies":"Book of Stabbing","floor":25,"turns":7},{"damage":69,"enemies":"Gremlin Leader","floor":27,"turns":6},{"damage":13,"enemies":"Snake Plant","floor":29,"turns":4},{"damage":4,"enemies":"Centurion and Healer","floor":30,"turns":2},{"damage":20,"enemies":"Collector","floor":33,"turns":10},{"damage":15,"enemies":"3 Darklings","floor":35,"turns":7},{"damage":29,"enemies":"3 Shapes","floor":38,"turns":3},{"damage":0,"enemies":"Maw","floor":39,"turns":7},{"damage":0,"enemies":"Sphere and 2 Shapes","floor":41,"turns":8},{"damage":15,"enemies":"2 Orb Walkers","floor":44,"turns":5},{"damage":0,"enemies":"Giant Head","floor":45,"turns":12},{"damage":36,"enemies":"Reptomancer","floor":47,"turns":2}],"seed_played":"-8241540687009678621","potions_obtained":[{"floor":1,"key":"Weak Potion"},{"floor":5,"key":"FairyPotion"},{"floor":14,"key":"SmokeBomb"},{"floor":16,"key":"Block Potion"},{"floor":23,"key":"Regen Potion"},{"floor":27,"key":"Ancient Potion"},{"floor":29,"key":"Ancient Potion"},{"floor":39,"key":"GamblersBrew"},{"floor":44,"key":"Block Potion"},{"floor":45,"key":"PowerPotion"}],"is_trial":false,"path_per_floor":["M","?","M","M","M","E","$","R","T","?","M","R","?","E","R","B",null,"M","?","?","$","M","E","R","E","T","E","R","M","M","$","R","B",null,"M","?","$","M","M","R","M","R","T","?","E","R","E"],"character_chosen":"DEFECT","items_purchased":["Compile Driver","Loop","Flash of Steel+1","Beam Cell+1"],"campfire_rested":2,"item_purchase_floors":[7,21,21,31],"current_hp_per_floor":[75,75,70,70,65,55,55,55,55,45,36,36,54,37,37,28,75,75,75,75,72,53,57,57,53,53,9,31,20,18,18,40,22,76,63,63,63,36,38,38,40,40,40,29,33,33,0],"gold":188,"neow_bonus":"UPGRADE_CARD","is_prod":false,"is_daily":false,"chose_seed":false,"campfire_upgraded":7,"win_rate":0,"timestamp":1557189271,"path_taken":["M","?","?","M","M","E","$","R","T","?","M","R","?","E","R","BOSS","M","?","?","$","M","E","R","E","T","E","R","M","?","$","R","BOSS","M","?","$","M","M","R","M","R","T","?","E","R","E"],"build_version":"2019-01-23","purchased_purges":3,"victory":false,"max_hp_per_floor":[75,75,75,75,75,75,75,75,75,75,75,75,75,75,75,75,75,75,75,75,72,72,74,74,74,74,76,76,76,76,76,76,76,76,78,78,78,78,78,78,78,78,78,80,82,82,82],"card_choices":[{"not_picked":["Coolheaded","Heatsinks"],"picked":"Glacier","floor":1},{"not_picked":["White Noise","Gash"],"picked":"Static Discharge","floor":3},{"not_picked":["Turbo","Aggregate"],"picked":"Hologram","floor":4},{"not_picked":["Reprogram","Barrage"],"picked":"Steam","floor":5},{"not_picked":["Reinforced Body","Hello World"],"picked":"Creative AI","floor":6},{"not_picked":["Barrage+1","Hologram"],"picked":"Defragment","floor":10},{"not_picked":["Hello World","Compile Driver+1"],"picked":"Doom and Gloom+1","floor":11},{"not_picked":["Compile Driver+1","Fusion"],"picked":"Ball Lightning+1","floor":14},{"not_picked":["Hyperbeam+1","Core Surge+1"],"picked":"Buffer","floor":16},{"not_picked":["Lockon+1","Turbo"],"picked":"Cold Snap+1","floor":18},{"not_picked":["Melter+1","Rebound+1"],"picked":"Rip and Tear+1","floor":22},{"not_picked":["Skim","BootSequence","Glacier"],"picked":"Singing Bowl","floor":23},{"not_picked":["Leap","Reinforced Body+1"],"picked":"Chaos+1","floor":25},{"not_picked":["Gash+1","Core Surge+1","Doom and Gloom+1"],"picked":"Singing Bowl","floor":27},{"not_picked":["Chill+1","Hologram"],"picked":"Go for the Eyes+1","floor":29},{"not_picked":["Meteor Strike+1","Seek"],"picked":"Machine Learning","floor":33},{"not_picked":["Force Field","Static Discharge+1","Beam Cell+1"],"picked":"Singing Bowl","floor":35},{"not_picked":["Chill+1","Genetic Algorithm"],"picked":"Barrage+1","floor":38},{"not_picked":["Steam Power","Stack"],"picked":"Glacier+1","floor":39},{"not_picked":["Conserve Battery","Barrage+1"],"picked":"Defragment","floor":41},{"not_picked":["BootSequence","Coolheaded","Redo+1"],"picked":"Singing Bowl","floor":44},{"not_picked":["Loop","Compile Driver+1","All For One+1"],"picked":"Singing Bowl","floor":45}],"player_experience":130307,"relics_obtained":[{"floor":6,"key":"Dead Branch"},{"floor":9,"key":"Molten Egg 2"},{"floor":10,"key":"War Paint"},{"floor":14,"key":"Gambling Chip"},{"floor":23,"key":"Singing Bowl"},{"floor":25,"key":"Sundial"},{"floor":26,"key":"Oddly Smooth Stone"},{"floor":27,"key":"Kunai"},{"floor":44,"key":"Unceasing Top"},{"floor":45,"key":"Orichalcum"}],"event_choices":[{"damage_healed":0,"gold_gain":0,"player_choice":"1 cards matched","damage_taken":0,"max_hp_gain":0,"max_hp_loss":0,"event_name":"Match and Keep!","floor":2,"gold_loss":0,"cards_obtained":["Writhe"]},{"damage_healed":0,"gold_gain":0,"player_choice":"Searched \u00272\u0027 times","damage_taken":0,"max_hp_gain":0,"max_hp_loss":0,"event_name":"Dead Adventurer","floor":10,"gold_loss":0},{"damage_healed":18,"gold_gain":0,"player_choice":"Healed and dodged fight","damage_taken":0,"max_hp_gain":0,"max_hp_loss":0,"event_name":"Mushrooms","floor":13,"gold_loss":0,"cards_obtained":["Parasite"]},{"damage_healed":0,"gold_gain":0,"player_choice":"Opened","damage_taken":0,"relics_obtained":["Blood Vial"],"max_hp_gain":0,"max_hp_loss":0,"event_name":"The Mausoleum","floor":19,"gold_loss":0},{"damage_healed":0,"gold_gain":0,"cards_transformed":["Chaos"],"player_choice":"Transformed","damage_taken":0,"max_hp_gain":0,"max_hp_loss":0,"event_name":"Transmorgrifier","floor":20,"gold_loss":0,"cards_obtained":["Reboot"]},{"damage_healed":0,"gold_gain":0,"player_choice":"Paid","damage_taken":0,"relics_obtained":["Red Mask"],"max_hp_gain":0,"max_hp_loss":0,"event_name":"Tomb of Lord Red Mask","floor":36,"gold_loss":116},{"damage_healed":0,"gold_gain":0,"player_choice":"Fight","damage_taken":0,"max_hp_gain":0,"max_hp_loss":0,"event_name":"Mysterious Sphere","floor":44,"gold_loss":0}],"is_beta":false,"boss_relics":[{"not_picked":["FrozenCore","Orrery"],"picked":"Pandora\u0027s Box"},{"not_picked":["Cursed Key","Coffee Dripper"],"picked":"Velvet Choker"}],"items_purged_floors":[7,21,31],"is_endless":false,"potions_floor_spawned":[1,5,14,16,23,27,29,30,39,44,45],"killed_by":"Reptomancer","ascension_level":1}