{"gold_per_floor":[113,132,132,143,68,68,97,97,97,97,117,167,181,208,208,208],"floor_reached":16,"playtime":868,"items_purged":["Pain"],"score":220,"play_id":"de3fd0be-3296-40ed-b3fc-0a2f500a7e00","local_time":"20190511201751","is_ascension_mode":true,"campfire_choices":[{"floor":6,"key":"REST"},{"floor":8,"key":"REST"},{"floor":10,"key":"REST"},{"floor":15,"key":"REST"}],"neow_cost":"NONE","seed_source_timestamp":25393396265503,"circlet_count":0,"master_deck":["AscendersBane","Strike_B","Strike_B","Strike_B","Strike_B","Defend_B","Defend_B","Defend_B","Defend_B","Zap","Dualcast","Conserve Battery","Capacitor","Steam","Self Repair"],"relics":["Lizard Tail","WarpedTongs","FossilizedHelix","Incense Burner","Question Card"],"potions_floor_usage":[11,14,16,16],"damage_taken":[{"damage":23,"enemies":"Small Slimes","floor":1,"turns":4},{"damage":5,"enemies":"Cultist","floor":2,"turns":5},{"damage":0,"enemies":"2 Louse","floor":4,"turns":2},{"damage":122,"enemies":"Gremlin Nob","floor":7,"turns":8},{"damage":31,"enemies":"Gremlin Gang","floor":11,"turns":8},{"damage":0,"enemies":"Large Slime","floor":13,"turns":6},{"damage":3,"enemies":"3 Sentries","floor":14,"turns":9},{"damage":52,"enemies":"Slime Boss","floor":16,"turns":14}],"seed_played":"-8408377059734857165","potions_obtained":[{"floor":7,"key":"Block Potion"},{"floor":11,"key":"Poison Potion"},{"floor":13,"key":"Fire Potion"},{"floor":14,"key":"Block Potion"}],"is_trial":false,"path_per_floor":["M","M","?","M","$","R","E","R","T","R","M","?","M","E","R","B"],"character_chosen":"DEFECT","items_purchased":[],"campfire_rested":4,"item_purchase_floors":[],"current_hp_per_floor":[41,36,36,36,36,57,2,23,23,44,13,13,23,30,51,0],"gold":208,"neow_bonus":"BOSS_RELIC","is_prod":false,"is_daily":false,"chose_seed":false,"campfire_upgraded":0,"win_rate":0,"timestamp":1557595071,"path_taken":["M","M","?","M","?","R","E","R","T","R","?","?","M","E","R","BOSS"],"build_version":"2019-01-23","purchased_purges":1,"victory":false,"max_hp_per_floor":[71,71,71,71,71,71,71,71,71,71,71,71,71,71,71,71],"card_choices":[{"not_picked":["Streamline","Hologram"],"picked":"Conserve Battery","floor":1},{"not_picked":["Redo","Self Repair"],"picked":"Capacitor","floor":2},{"not_picked":["Tempest","Streamline","Leap"],"picked":"SKIP","floor":4},{"not_picked":["Scrape","Turbo"],"picked":"Steam","floor":7},{"not_picked":["Cold Snap","Chill"],"picked":"Self Repair","floor":11},{"not_picked":["Redo","Recycle","Coolheaded"],"picked":"SKIP","floor":13},{"not_picked":["Go for the Eyes","Redo","Rebound"],"picked":"SKIP","floor":14}],"player_experience":1121510,"relics_obtained":[{"floor":7,"key":"FossilizedHelix"},{"floor":9,"key":"Incense Burner"},{"floor":14,"key":"Question Card"}],"event_choices":[{"damage_healed":0,"gold_gain":0,"player_choice":"Rummage","damage_taken":0,"relics_obtained":["WarpedTongs"],"max_hp_gain":0,"max_hp_loss":0,"event_name":"Accursed Blacksmith","floor":3,"gold_loss":0,"cards_obtained":["Pain"]},{"damage_healed":0,"gold_gain":50,"player_choice":"Pray","damage_taken":0,"max_hp_gain":0,"max_hp_loss":0,"event_name":"Golden Shrine","floor":12,"gold_loss":0}],"is_beta":false,"boss_relics":[],"items_purged_floors":[5],"is_endless":false,"potions_floor_spawned":[7,11,13,14],"killed_by":"Slime Boss","ascension_level":20}