{"gold_per_floor":[110,35,58,58,73,73,90,90,90,109,109,34,34,14,14,91,91,31,31,31,31,0,0,0,0,0,0,0,0],"floor_reached":29,"playtime":1116,"items_purged":["Decay"],"score":415,"play_id":"ce79d9d1-5a60-411b-bffd-c495e7e68cbd","local_time":"20190227175832","is_ascension_mode":true,"campfire_choices":[{"data":"Noxious Fumes","floor":6,"key":"SMITH"},{"floor":8,"key":"REST"},{"data":"Skewer","floor":13,"key":"SMITH"},{"data":"Neutralize","floor":15,"key":"SMITH"},{"floor":23,"key":"REST"},{"floor":25,"key":"REST"}],"neow_cost":"NONE","seed_source_timestamp":215750717999262,"circlet_count":0,"master_deck":["AscendersBane","Defend_G","Defend_G","Defend_G","Defend_G","Defend_G","Strike_G","Strike_G","Strike_G","Survivor","Neutralize+1","Noxious Fumes+1","Skewer+1","All Out Attack","Terror"],"relics":["Ring of the Snake","Potion Belt","Torii","Mercury Hourglass","Ectoplasm","Bottled Tornado"],"potions_floor_usage":[16,16,29,29],"damage_taken":[{"damage":1,"enemies":"2 Louse","floor":1,"turns":3},{"damage":13,"enemies":"Jaw Worm","floor":5,"turns":7},{"damage":6,"enemies":"Small Slimes","floor":7,"turns":5},{"damage":13,"enemies":"Red Slaver","floor":10,"turns":6},{"damage":3,"enemies":"Exordium Thugs","floor":14,"turns":4},{"damage":16,"enemies":"Hexaghost","floor":16,"turns":10},{"damage":9,"enemies":"2 Thieves","floor":18,"turns":3},{"damage":22,"enemies":"Chosen","floor":21,"turns":5},{"damage":21,"enemies":"Snecko","floor":24,"turns":5},{"damage":9,"enemies":"Chosen and Byrds","floor":28,"turns":5},{"damage":25,"enemies":"Gremlin Leader","floor":29,"turns":5}],"seed_played":"-2536710469908057072","potions_obtained":[{"floor":5,"key":"Weak Potion"},{"floor":7,"key":"EssenceOfSteel"},{"floor":16,"key":"Energy Potion"},{"floor":24,"key":"Fire Potion"},{"floor":28,"key":"Swift Potion"}],"is_trial":false,"path_per_floor":["M","?","T","?","M","R","M","R","T","M","T","$","R","M","R","B",null,"M","?","?","M","?","R","M","R","T","$","M","E"],"character_chosen":"THE_SILENT","items_purchased":[],"campfire_rested":3,"item_purchase_floors":[],"current_hp_per_floor":[58,58,58,58,45,45,39,58,58,45,45,45,45,42,42,26,56,47,47,29,7,7,28,7,28,28,28,19,0],"gold":0,"neow_bonus":"REMOVE_CARD","is_prod":false,"is_daily":false,"chose_seed":false,"campfire_upgraded":3,"win_rate":0,"timestamp":1551279512,"path_taken":["M","?","?","?","M","R","M","R","T","?","?","$","R","M","R","BOSS","M","?","?","M","?","R","M","R","T","?","M","E"],"build_version":"2019-01-23","purchased_purges":1,"victory":false,"max_hp_per_floor":[66,66,66,66,66,66,66,66,66,66,66,66,66,66,66,66,66,66,66,71,71,71,71,71,71,71,71,71,71],"card_choices":[{"not_picked":["Sucker Punch","Cloak And Dagger"],"picked":"Noxious Fumes","floor":1},{"not_picked":["Masterful Stab","Poisoned Stab","Outmaneuver"],"picked":"SKIP","floor":5},{"not_picked":["Dodge and Roll","Deadly Poison","Quick Slash"],"picked":"SKIP","floor":7},{"not_picked":["Dodge and Roll","Poisoned Stab"],"picked":"Skewer","floor":10},{"not_picked":["Expertise","Sucker Punch","Dodge and Roll"],"picked":"SKIP","floor":14},{"not_picked":["Underhanded Strike","Flying Knee"],"picked":"All Out Attack","floor":18},{"not_picked":["Flying Knee+1","Distraction","Dagger Spray"],"picked":"SKIP","floor":21},{"not_picked":["Prepared","Dagger Spray"],"picked":"Terror","floor":24},{"not_picked":["Quick Slash","Deflect","Caltrops"],"picked":"SKIP","floor":28}],"player_experience":996948,"relics_obtained":[{"floor":3,"key":"Potion Belt"},{"floor":9,"key":"Torii"},{"floor":11,"key":"Mercury Hourglass"},{"floor":26,"key":"Bottled Tornado"}],"event_choices":[{"cards_removed":["Strike_G"],"damage_healed":0,"gold_gain":0,"player_choice":"Card Removal","damage_taken":0,"max_hp_gain":0,"max_hp_loss":0,"event_name":"The Cleric","floor":2,"gold_loss":75},{"damage_healed":0,"gold_gain":0,"player_choice":"Cursed","damage_taken":0,"max_hp_gain":0,"max_hp_loss":0,"event_name":"Wheel of Change","floor":4,"gold_loss":0,"cards_obtained":["Decay"]},{"damage_healed":0,"gold_gain":0,"player_choice":"Ignored","damage_taken":0,"max_hp_gain":0,"max_hp_loss":0,"event_name":"Ghosts","floor":19,"gold_loss":0},{"damage_healed":0,"gold_gain":0,"player_choice":"Shed Blood","damage_taken":23,"max_hp_gain":5,"max_hp_loss":0,"event_name":"Forgotten Altar","floor":20,"gold_loss":0},{"damage_healed":0,"gold_gain":0,"player_choice":"Paid Fearfully","damage_taken":0,"max_hp_gain":0,"max_hp_loss":0,"event_name":"Masked Bandits","floor":22,"gold_loss":31}],"is_beta":false,"boss_relics":[{"not_picked":["Runic Dome","Tiny House"],"picked":"Ectoplasm"}],"items_purged_floors":[12],"is_endless":false,"potions_floor_spawned":[5,7,16,24,28],"killed_by":"Gremlin Leader","ascension_level":19}