{"gold_per_floor":[110,110,110,128,139,171,171,143,197,210,224,241,271,271],"floor_reached":14,"playtime":277,"items_purged":[],"score":138,"play_id":"55c1a626-eba9-4000-8885-31131d842cf9","local_time":"20190302135501","is_ascension_mode":true,"campfire_choices":[{"data":"Neutralize","floor":7,"key":"SMITH"}],"neow_cost":"NONE","seed_source_timestamp":147907657799250,"circlet_count":0,"master_deck":["Defend_G","Defend_G","Defend_G","Defend_G","Defend_G","Strike_G","Strike_G","Strike_G","Strike_G","Strike_G","Survivor","Neutralize+1","Dagger Spray","Deadly Poison","Deadly Poison","Slice","Noxious Fumes","Blur","Bane","Backflip","Slice"],"relics":["Ring of the Snake","NeowsBlessing","Vajra","The Courier","Pen Nib","Ice Cream"],"potions_floor_usage":[6,13,14],"damage_taken":[{"damage":0,"enemies":"Small Slimes","floor":1,"turns":1},{"damage":0,"enemies":"Jaw Worm","floor":4,"turns":1},{"damage":0,"enemies":"Cultist","floor":5,"turns":1},{"damage":18,"enemies":"Lagavulin","floor":6,"turns":7},{"damage":0,"enemies":"Exordium Wildlife","floor":10,"turns":3},{"damage":10,"enemies":"3 Louse","floor":11,"turns":3},{"damage":5,"enemies":"2 Fungi Beasts","floor":12,"turns":3},{"damage":24,"enemies":"3 Sentries","floor":13,"turns":5},{"damage":10,"enemies":"Gremlin Gang","floor":14,"turns":1}],"seed_played":"-8513037351760148586","potions_obtained":[{"floor":1,"key":"Strength Potion"},{"floor":4,"key":"GhostInAJar"},{"floor":12,"key":"LiquidBronze"}],"is_trial":false,"path_per_floor":["M","?","?","M","M","E","R","$","T","M","M","M","E","M"],"character_chosen":"THE_SILENT","items_purchased":["Noxious Fumes"],"campfire_rested":0,"item_purchase_floors":[8],"current_hp_per_floor":[63,63,60,60,60,42,42,42,42,42,32,27,3,0],"gold":271,"neow_bonus":"THREE_ENEMY_KILL","is_prod":false,"is_daily":false,"chose_seed":false,"campfire_upgraded":1,"win_rate":0,"timestamp":1551556501,"path_taken":["M","?","?","?","M","E","R","$","T","?","M","M","E","M"],"build_version":"2019-01-23","purchased_purges":0,"victory":false,"max_hp_per_floor":[70,70,70,70,70,70,70,70,70,70,70,70,70,70],"card_choices":[{"not_picked":["Setup","Blur"],"picked":"Dagger Spray","floor":1},{"not_picked":["Eviscerate","Flying Knee"],"picked":"Deadly Poison","floor":4},{"not_picked":["Sucker Punch","Caltrops"],"picked":"Deadly Poison","floor":5},{"not_picked":["Dagger Throw","Blur"],"picked":"Slice","floor":6},{"not_picked":["Envenom","Dodge and Roll"],"picked":"Blur","floor":10},{"not_picked":["Quick Slash","Prepared"],"picked":"Bane","floor":11},{"not_picked":["Infinite Blades","Dash"],"picked":"Backflip","floor":12},{"not_picked":["Flying Knee","Distraction"],"picked":"Slice","floor":13}],"player_experience":231155,"relics_obtained":[{"floor":6,"key":"The Courier"},{"floor":9,"key":"Pen Nib"},{"floor":13,"key":"Ice Cream"}],"event_choices":[{"damage_healed":0,"gold_gain":0,"player_choice":"Leave","damage_taken":0,"max_hp_gain":0,"max_hp_loss":0,"event_name":"The Cleric","floor":2,"gold_loss":0},{"damage_healed":0,"gold_gain":0,"player_choice":"Success","damage_taken":3,"relics_obtained":["Vajra"],"max_hp_gain":0,"max_hp_loss":0,"event_name":"Scrap Ooze","floor":3,"gold_loss":0}],"is_beta":false,"boss_relics":[],"items_purged_floors":[],"is_endless":false,"potions_floor_spawned":[1,4,12],"killed_by":"Gremlin Gang","ascension_level":7}