{"gold_per_floor":[114,124,124,138,148,148,148,148,148,148,168,179,179,193,193,267,267,285,296,311,40,40,60,60,40,65,65],"floor_reached":27,"playtime":1143,"items_purged":[],"score":393,"play_id":"fccdf204-6887-449c-9c4d-f2d5d4b16860","local_time":"20190207040338","is_ascension_mode":true,"campfire_choices":[{"data":"Zap","floor":6,"key":"SMITH"},{"data":"Dualcast","floor":8,"key":"SMITH"},{"floor":13,"key":"REST"},{"floor":15,"key":"REST"},{"floor":24,"key":"REST"}],"neow_cost":"NONE","seed_source_timestamp":86800891300584,"circlet_count":0,"master_deck":["AscendersBane","Strike_B","Strike_B","Strike_B","Strike_B","Defend_B","Defend_B","Defend_B","Defend_B","Zap+1","Dualcast+1","Ball Lightning","Lockon","Self Repair","Steam","Defragment","Auto Shields","Electrodynamics","Defragment","Reinforced Body","Echo Form","Cold Snap","White Noise","Doubt"],"relics":["Cracked Core","Prayer Wheel","Cursed Key","Runic Capacitor","Bag of Marbles"],"potions_floor_usage":[16,16,19,23,27,27],"damage_taken":[{"damage":9,"enemies":"Jaw Worm","floor":1,"turns":4},{"damage":0,"enemies":"2 Louse","floor":2,"turns":3},{"damage":0,"enemies":"Cultist","floor":4,"turns":2},{"damage":29,"enemies":"Lots of Slimes","floor":5,"turns":3},{"damage":7,"enemies":"3 Louse","floor":11,"turns":3},{"damage":19,"enemies":"Large Slime","floor":12,"turns":5},{"damage":11,"enemies":"Looter","floor":14,"turns":3},{"damage":8,"enemies":"Hexaghost","floor":16,"turns":9},{"damage":48,"enemies":"Shell Parasite","floor":18,"turns":6},{"damage":11,"enemies":"Spheric Guardian","floor":19,"turns":3},{"damage":0,"enemies":"Centurion and Healer","floor":20,"turns":5},{"damage":33,"enemies":"Snake Plant","floor":23,"turns":4},{"damage":50,"enemies":"Slavers","floor":27,"turns":3}],"seed_played":"1552841270262465134","potions_obtained":[{"floor":2,"key":"Weak Potion"},{"floor":12,"key":"Poison Potion"},{"floor":16,"key":"Swift Potion"},{"floor":18,"key":"AttackPotion"},{"floor":23,"key":"EssenceOfSteel"},{"floor":25,"key":"FocusPotion"}],"is_trial":false,"path_per_floor":["M","M","?","M","M","R","?","R","T","$","M","M","R","M","R","B",null,"M","M","M","$","?","M","R","?","T","E"],"character_chosen":"DEFECT","items_purchased":["Runic Capacitor","Cold Snap"],"campfire_rested":3,"item_purchase_floors":[21,21],"current_hp_per_floor":[62,62,67,67,38,38,38,38,38,38,31,12,36,32,56,55,76,35,31,38,38,38,12,36,36,36,0],"gold":65,"neow_bonus":"TEN_PERCENT_HP_BONUS","is_prod":false,"is_daily":false,"chose_seed":false,"campfire_upgraded":2,"win_rate":0,"timestamp":1549501418,"path_taken":["M","M","?","M","M","R","?","R","T","?","M","?","R","?","R","BOSS","M","M","M","$","?","M","R","?","T","E"],"build_version":"2019-01-23","purchased_purges":0,"victory":false,"max_hp_per_floor":[78,78,83,83,83,83,83,83,83,83,83,83,83,83,83,83,83,83,83,83,83,83,83,83,83,83,83],"card_choices":[{"not_picked":["Streamline","Hologram"],"picked":"Ball Lightning","floor":1},{"not_picked":["Skim","Turbo","Stack"],"picked":"SKIP","floor":2},{"not_picked":["Doom and Gloom","Go for the Eyes","Chaos"],"picked":"SKIP","floor":4},{"not_picked":["Rip and Tear","Doom and Gloom"],"picked":"Lockon","floor":5},{"not_picked":["Conserve Battery","Beam Cell"],"picked":"Self Repair","floor":11},{"not_picked":["Double Energy","Barrage"],"picked":"Steam","floor":11},{"not_picked":["Hologram","Rainbow"],"picked":"Defragment","floor":12},{"not_picked":["Rebound","Doom and Gloom"],"picked":"Auto Shields","floor":12},{"not_picked":["Barrage","Conserve Battery","Hologram"],"picked":"SKIP","floor":14},{"not_picked":["Coolheaded","Barrage","Turbo"],"picked":"SKIP","floor":14},{"not_picked":["Reboot","All For One"],"picked":"Electrodynamics","floor":16},{"not_picked":["Redo","Rebound","Gash"],"picked":"SKIP","floor":18},{"not_picked":["Compile Driver","Ball Lightning","Reprogram"],"picked":"SKIP","floor":18},{"not_picked":["Cold Snap","Rebound+1"],"picked":"Defragment","floor":19},{"not_picked":["Hologram","Conserve Battery"],"picked":"Reinforced Body","floor":19},{"not_picked":["Rebound","Loop"],"picked":"Echo Form","floor":20},{"not_picked":["Go for the Eyes","Leap","Steam+1"],"picked":"SKIP","floor":20},{"not_picked":["Leap","Steam Power"],"picked":"White Noise","floor":23},{"not_picked":["Steam","Genetic Algorithm","Rip and Tear"],"picked":"SKIP","floor":23}],"player_experience":933655,"relics_obtained":[{"floor":9,"key":"Prayer Wheel"},{"floor":26,"key":"Bag of Marbles"}],"event_choices":[{"damage_healed":0,"gold_gain":0,"player_choice":"Donut","damage_taken":0,"max_hp_gain":5,"max_hp_loss":0,"event_name":"Big Fish","floor":3,"gold_loss":0},{"damage_healed":0,"gold_gain":0,"player_choice":"Ignored","damage_taken":0,"max_hp_gain":0,"max_hp_loss":0,"event_name":"Liars Game","floor":7,"gold_loss":0},{"damage_healed":0,"gold_gain":0,"player_choice":"Ignored","damage_taken":0,"max_hp_gain":0,"max_hp_loss":0,"event_name":"Beggar","floor":22,"gold_loss":0},{"damage_healed":0,"gold_gain":0,"player_choice":"Bought 1 Potion","damage_taken":0,"max_hp_gain":0,"max_hp_loss":0,"event_name":"The Woman in Blue","floor":25,"gold_loss":0}],"is_beta":false,"boss_relics":[{"not_picked":["Ectoplasm","Calling Bell"],"picked":"Cursed Key"}],"items_purged_floors":[],"is_endless":false,"potions_floor_spawned":[2,12,16,18,23],"killed_by":"Slavers","ascension_level":18}