{"gold_per_floor":[115,115,131,131,142,173,173,188,213,213,228,228,248,258,258,356,356,366,366,224,236,88,88,104,104,174,206,221,221,252,277,277,373,373,393,353,87,104,118,137,137,154,154,154,254,272,272],"floor_reached":47,"playtime":1980,"items_purged":["Shame"],"score":730,"play_id":"f6fabf4c-b0d8-40d4-8c7f-a8ada90c12a0","local_time":"20190419194017","is_ascension_mode":true,"campfire_choices":[{"data":"Crippling Poison","floor":7,"key":"SMITH"},{"data":"Footwork","floor":10,"key":"SMITH"},{"data":"PiercingWail","floor":15,"key":"SMITH"},{"data":"Catalyst","floor":23,"key":"SMITH"},{"data":"Neutralize","floor":25,"key":"SMITH"},{"floor":29,"key":"REST"},{"floor":32,"key":"REST"}],"neow_cost":"NONE","seed_source_timestamp":83661467766927,"circlet_count":0,"master_deck":["Defend_G","Defend_G","Defend_G","Defend_G","Defend_G","Strike_G","Strike_G","Strike_G","Strike_G","Survivor","Neutralize+1","Dagger Spray","Crippling Poison+1","Footwork+1","Prepared","Backflip","Die Die Die","PiercingWail+1","Die Die Die","Prepared+1","Catalyst+1","Footwork+1","Caltrops+1","Backflip","PiercingWail","Deadly Poison+1","Malaise","Deadly Poison+1","Blur","Crippling Poison","Dagger Spray+1","PiercingWail","Dark Shackles","Parasite","Escape Plan","Writhe","Bouncing Flask"],"relics":["Ring of the Snake","NeowsBlessing","FaceOfCleric","Bag of Marbles","Lantern","Lizard Tail","Vajra","Snake Skull","Bottled Tornado","Pen Nib","Red Mask","Meat on the Bone","Black Star","ClockworkSouvenir","Shovel"],"potions_floor_usage":[16,18,27,27,33,47],"damage_taken":[{"damage":0,"enemies":"Small Slimes","floor":1,"turns":1},{"damage":0,"enemies":"2 Louse","floor":3,"turns":1},{"damage":0,"enemies":"Cultist","floor":5,"turns":1},{"damage":30,"enemies":"3 Sentries","floor":6,"turns":12},{"damage":0,"enemies":"Large Slime","floor":8,"turns":7},{"damage":0,"enemies":"Gremlin Gang","floor":11,"turns":1},{"damage":5,"enemies":"Blue Slaver","floor":13,"turns":3},{"damage":0,"enemies":"2 Fungi Beasts","floor":14,"turns":1},{"damage":44,"enemies":"The Guardian","floor":16,"turns":14},{"damage":5,"enemies":"Chosen","floor":18,"turns":8},{"damage":11,"enemies":"2 Thieves","floor":21,"turns":3},{"damage":5,"enemies":"Cultist and Chosen","floor":24,"turns":5},{"damage":6,"enemies":"Book of Stabbing","floor":27,"turns":5},{"damage":17,"enemies":"3 Cultists","floor":28,"turns":4},{"damage":26,"enemies":"Masked Bandits","floor":30,"turns":4},{"damage":15,"enemies":"Gremlin Leader","floor":31,"turns":8},{"damage":56,"enemies":"Automaton","floor":33,"turns":16},{"damage":1,"enemies":"3 Darklings","floor":35,"turns":3},{"damage":29,"enemies":"Orb Walker","floor":38,"turns":5},{"damage":18,"enemies":"Sphere and 2 Shapes","floor":39,"turns":6},{"damage":7,"enemies":"3 Darklings","floor":40,"turns":3},{"damage":16,"enemies":"Writhing Mass","floor":42,"turns":8},{"damage":8,"enemies":"Mind Bloom Boss Battle","floor":45,"turns":10},{"damage":33,"enemies":"Jaw Worm Horde","floor":46,"turns":6},{"damage":45,"enemies":"Nemesis","floor":47,"turns":6}],"seed_played":"-989177704839587055","potions_obtained":[{"floor":5,"key":"FearPotion"},{"floor":6,"key":"Block Potion"},{"floor":8,"key":"Swift Potion"},{"floor":13,"key":"LiquidBronze"},{"floor":16,"key":"GhostInAJar"},{"floor":21,"key":"LiquidBronze"},{"floor":27,"key":"Weak Potion"},{"floor":30,"key":"FearPotion"},{"floor":35,"key":"Ancient Potion"},{"floor":39,"key":"Regen Potion"}],"is_trial":false,"path_per_floor":["M","?","M","?","M","E","R","M","T","R","M","?","M","M","R","B",null,"M","?","$","M","$","R","M","R","T","E","M","R","?","E","R","B",null,"M","?","$","M","M","M","?","M","T","?","?","M","E"],"character_chosen":"THE_SILENT","items_purchased":["Catalyst","Snake Skull","ClockworkSouvenir","Blur"],"campfire_rested":2,"item_purchase_floors":[20,22,37,37],"current_hp_per_floor":[63,56,56,56,57,28,28,29,29,29,30,74,70,71,71,28,65,61,61,61,51,51,51,47,47,47,42,26,50,25,11,36,39,74,74,74,74,46,41,47,47,44,44,67,60,40,0],"gold":272,"neow_bonus":"THREE_ENEMY_KILL","is_prod":false,"is_daily":false,"chose_seed":false,"campfire_upgraded":5,"win_rate":0,"timestamp":1555720817,"path_taken":["M","?","M","?","M","E","R","M","T","R","?","?","?","M","R","BOSS","M","?","$","M","$","R","M","R","T","E","M","R","?","E","R","BOSS","M","?","$","M","M","?","?","M","T","?","?","?","E"],"build_version":"2019-01-23","purchased_purges":1,"victory":false,"max_hp_per_floor":[70,70,70,70,71,72,72,73,73,73,74,74,75,76,76,77,77,78,78,78,79,79,79,80,80,80,81,82,82,83,84,84,85,85,86,86,86,87,88,89,89,90,90,90,91,92,92],"card_choices":[{"not_picked":["Underhanded Strike","Backflip"],"picked":"Dagger Spray","floor":1},{"not_picked":["Catalyst","Dash"],"picked":"Crippling Poison","floor":3},{"not_picked":["Crippling Poison","Dodge and Roll"],"picked":"Footwork","floor":5},{"not_picked":["Dash","Leg Sweep"],"picked":"Prepared","floor":6},{"not_picked":["Poisoned Stab","Outmaneuver","Choke"],"picked":"SKIP","floor":8},{"not_picked":["Acrobatics","Cloak And Dagger"],"picked":"Backflip","floor":11},{"not_picked":["Dodge and Roll","Dagger Throw"],"picked":"Die Die Die","floor":13},{"not_picked":["Deflect","Underhanded Strike"],"picked":"PiercingWail","floor":14},{"not_picked":["Phantasmal Killer","Night Terror"],"picked":"Die Die Die","floor":16},{"not_picked":["Poisoned Stab+1","Infinite Blades"],"picked":"Prepared+1","floor":18},{"not_picked":["Prepared","Outmaneuver","Calculated Gamble+1"],"picked":"SKIP","floor":21},{"not_picked":["Dodge and Roll","Slice"],"picked":"Footwork","floor":24},{"not_picked":["Prepared","Well Laid Plans"],"picked":"Caltrops+1","floor":27},{"not_picked":["Bane","Doppelganger"],"picked":"Backflip","floor":28},{"not_picked":["Bane","Dagger Spray"],"picked":"PiercingWail","floor":30},{"not_picked":["Quick Slash","Sucker Punch+1"],"picked":"Deadly Poison+1","floor":31},{"not_picked":["Unload","Venomology"],"picked":"Malaise","floor":33},{"not_picked":["Dodge and Roll+1","Riddle With Holes+1"],"picked":"Deadly Poison+1","floor":35},{"not_picked":["Deadly Poison","Bane+1"],"picked":"Crippling Poison","floor":38},{"not_picked":["Masterful Stab+1","Outmaneuver"],"picked":"Dagger Spray+1","floor":39},{"not_picked":["Acrobatics+1","Underhanded Strike"],"picked":"PiercingWail","floor":40},{"not_picked":["Finesse","Panache"],"picked":"Dark Shackles","floor":41},{"not_picked":["Setup+1","Quick Slash+1"],"picked":"Escape Plan","floor":42},{"not_picked":["Well Laid Plans+1","Concentrate+1"],"picked":"Bouncing Flask","floor":45},{"not_picked":["Underhanded Strike","Blade Dance+1","Calculated Gamble+1"],"picked":"SKIP","floor":46}],"player_experience":450062,"relics_obtained":[{"floor":6,"key":"Bag of Marbles"},{"floor":9,"key":"Lantern"},{"floor":26,"key":"Bottled Tornado"},{"floor":27,"key":"Pen Nib"},{"floor":30,"key":"Red Mask"},{"floor":31,"key":"Meat on the Bone"},{"floor":45,"key":"Shovel"}],"event_choices":[{"cards_removed":["Strike_G"],"damage_healed":0,"gold_gain":0,"player_choice":"Card Removal","damage_taken":7,"max_hp_gain":0,"max_hp_loss":0,"event_name":"Golden Wing","floor":2,"gold_loss":0},{"damage_healed":0,"gold_gain":0,"player_choice":"Trade","damage_taken":0,"relics_obtained":["FaceOfCleric"],"max_hp_gain":0,"max_hp_loss":0,"event_name":"FaceTrader","floor":4,"gold_loss":0},{"damage_healed":44,"gold_gain":0,"player_choice":"Full Heal","damage_taken":0,"max_hp_gain":0,"max_hp_loss":0,"event_name":"Wheel of Change","floor":12,"gold_loss":0},{"damage_healed":0,"gold_gain":0,"player_choice":"Stole Relic","damage_taken":0,"relics_obtained":["Vajra"],"max_hp_gain":0,"max_hp_loss":0,"event_name":"Addict","floor":19,"gold_loss":0,"cards_obtained":["Shame"]},{"damage_healed":0,"gold_gain":0,"player_choice":"Fought Bandits","damage_taken":0,"max_hp_gain":0,"max_hp_loss":0,"event_name":"Masked Bandits","floor":30,"gold_loss":0},{"damage_healed":0,"gold_gain":0,"player_choice":"Upgrade","damage_taken":0,"max_hp_gain":0,"max_hp_loss":0,"event_name":"Designer","floor":36,"gold_loss":40,"cards_upgraded":["Footwork"]},{"damage_healed":0,"gold_gain":0,"player_choice":"Memory 1","damage_taken":0,"max_hp_gain":0,"max_hp_loss":0,"event_name":"SensoryStone","floor":41,"gold_loss":0},{"damage_healed":23,"gold_gain":0,"player_choice":"Writhe","damage_taken":0,"max_hp_gain":0,"max_hp_loss":0,"event_name":"Winding Halls","floor":44,"gold_loss":0,"cards_obtained":["Writhe"]},{"damage_healed":0,"gold_gain":0,"player_choice":"Fight","damage_taken":0,"max_hp_gain":0,"max_hp_loss":0,"event_name":"MindBloom","floor":45,"gold_loss":0}],"is_beta":false,"boss_relics":[{"not_picked":["Velvet Choker","Snecko Eye"],"picked":"Lizard Tail"},{"not_picked":["Empty Cage","Fusion Hammer"],"picked":"Black Star"}],"items_purged_floors":[20],"is_endless":false,"potions_floor_spawned":[5,6,8,13,16,21,27,30,35,39,42],"killed_by":"Nemesis","ascension_level":9}