{"gold_per_floor":[117,117,46,62,62,74,105,117,129,157,198,210],"floor_reached":12,"playtime":863,"items_purged":[],"score":119,"play_id":"c50953f3-c390-4b1f-a3b6-2c95f0c4d231","local_time":"20181127013846","is_ascension_mode":true,"campfire_choices":[{"data":"Dualcast","floor":6,"key":"SMITH"},{"data":"Capacitor","floor":8,"key":"SMITH"}],"neow_cost":"PERCENT_DAMAGE","seed_source_timestamp":0,"circlet_count":0,"master_deck":["AscendersBane","Strike_B","Strike_B","Strike_B","Strike_B","Defend_B","Defend_B","Defend_B","Defend_B","Zap+1","Dualcast+1","Cold Snap","Self Repair","Capacitor+1","Coolheaded","Skim"],"special_seed":0,"relics":["Cracked Core","Girya","MawBank","Dodecahedron","Odd Mushroom"],"potions_floor_usage":[],"damage_taken":[{"damage":5,"enemies":"Small Slimes","floor":1,"turns":3},{"damage":7,"enemies":"Jaw Worm","floor":4,"turns":3},{"damage":0,"enemies":"Cultist","floor":7,"turns":3},{"damage":8,"enemies":"Looter","floor":10,"turns":3},{"damage":24,"enemies":"The Mushroom Lair","floor":11,"turns":5},{"damage":18,"enemies":"Exordium Thugs","floor":12,"turns":4}],"seed_played":"3912343703590679214","potions_obtained":[{"floor":4,"key":"Swift Potion"},{"floor":11,"key":"Strength Potion"}],"is_trial":false,"path_per_floor":["M","?","$","M","?","R","M","R","T","M","?","M"],"character_chosen":"DEFECT","items_purchased":["Self Repair"],"campfire_rested":0,"item_purchase_floors":[3],"current_hp_per_floor":[41,41,41,41,41,41,48,48,48,40,16,0],"gold":210,"neow_bonus":"ONE_RARE_RELIC","is_prod":false,"is_daily":false,"chose_seed":false,"campfire_upgraded":2,"win_rate":0,"timestamp":1543271926,"path_taken":["M","?","$","M","?","R","M","R","T","?","?","M"],"build_version":"2018-11-15","purchased_purges":0,"victory":false,"max_hp_per_floor":[71,71,71,71,71,71,71,71,71,71,71,71],"card_choices":[{"not_picked":["Conserve Battery","Sweeping Beam"],"picked":"Cold Snap","floor":1},{"not_picked":["Genetic Algorithm","Streamline","Storm"],"picked":"SKIP","floor":4},{"not_picked":["Barrage","Sweeping Beam"],"picked":"Capacitor","floor":7},{"not_picked":["Steam","Heatsinks"],"picked":"Coolheaded","floor":10},{"not_picked":["Recycle","Consume"],"picked":"Skim","floor":11}],"player_experience":759755,"relics_obtained":[{"floor":9,"key":"Dodecahedron"},{"floor":11,"key":"Odd Mushroom"}],"event_choices":[{"damage_healed":0,"gold_gain":0,"player_choice":"Grow","damage_taken":0,"max_hp_gain":0,"max_hp_loss":0,"event_name":"Living Wall","floor":2,"gold_loss":0,"cards_upgraded":["Zap"]},{"damage_healed":0,"gold_gain":0,"player_choice":"Gave Potion","damage_taken":0,"relics_obtained":["MawBank"],"max_hp_gain":0,"max_hp_loss":0,"event_name":"WeMeetAgain","floor":5,"gold_loss":0},{"damage_healed":0,"gold_gain":0,"player_choice":"Fought Mushrooms","damage_taken":0,"max_hp_gain":0,"max_hp_loss":0,"event_name":"Mushrooms","floor":11,"gold_loss":0}],"is_beta":false,"boss_relics":[],"items_purged_floors":[],"is_endless":false,"potions_floor_spawned":[4,11],"killed_by":"Exordium Thugs","ascension_level":15}