{"gold_per_floor":[366,366,43,43,62,62,93,106,154,167,167],"floor_reached":11,"playtime":295,"items_purged":[],"score":106,"play_id":"037f3139-dc84-4336-9f20-bf61f5aeaf6c","local_time":"20190412162916","is_ascension_mode":true,"campfire_choices":[{"floor":6,"key":"REST"}],"neow_cost":"PERCENT_DAMAGE","seed_source_timestamp":80234670259671,"circlet_count":0,"master_deck":["Defend_G","Defend_G","Defend_G","Defend_G","Defend_G","Strike_G","Strike_G","Strike_G","Strike_G","Strike_G","Survivor","Neutralize","Dagger Spray","Bouncing Flask","Corpse Explosion","Slice","Dagger Throw","Escape Plan"],"relics":["Ring of the Snake","Frozen Egg 2","Golden Idol","Omamori","Ancient Tea Set"],"potions_floor_usage":[],"damage_taken":[{"damage":1,"enemies":"Jaw Worm","floor":1,"turns":7},{"damage":2,"enemies":"Small Slimes","floor":5,"turns":4},{"damage":37,"enemies":"Lagavulin","floor":7,"turns":6},{"damage":0,"enemies":"Cultist","floor":8,"turns":3},{"damage":0,"enemies":"Large Slime","floor":10,"turns":4},{"damage":24,"enemies":"Gremlin Nob","floor":11,"turns":3}],"seed_played":"2879629995397697413","potions_obtained":[],"is_trial":false,"path_per_floor":["M","?","$","?","M","R","E","M","T","M","E"],"character_chosen":"THE_SILENT","items_purchased":["Frozen Egg 2","Bouncing Flask"],"campfire_rested":1,"item_purchase_floors":[3,3],"current_hp_per_floor":[44,49,49,31,29,51,14,14,14,14,0],"gold":167,"neow_bonus":"TWO_FIFTY_GOLD","is_prod":false,"is_daily":false,"chose_seed":false,"campfire_upgraded":0,"win_rate":0,"timestamp":1555104556,"path_taken":["M","?","$","?","M","R","E","M","T","M","E"],"build_version":"2019-01-23","purchased_purges":0,"victory":false,"max_hp_per_floor":[70,75,75,75,75,75,75,75,75,75,75],"card_choices":[{"not_picked":["Bane","Outmaneuver"],"picked":"Dagger Spray","floor":1},{"not_picked":["Dagger Spray","Poisoned Stab"],"picked":"Corpse Explosion","floor":5},{"not_picked":["Deadly Poison","Finisher"],"picked":"Slice","floor":7},{"not_picked":["Choke","Quick Slash"],"picked":"Dagger Throw","floor":8},{"not_picked":["Sucker Punch","Outmaneuver"],"picked":"Escape Plan","floor":10}],"player_experience":421770,"relics_obtained":[{"floor":7,"key":"Omamori"},{"floor":9,"key":"Ancient Tea Set"}],"event_choices":[{"damage_healed":0,"gold_gain":0,"player_choice":"Donut","damage_taken":0,"max_hp_gain":5,"max_hp_loss":0,"event_name":"Big Fish","floor":2,"gold_loss":0},{"damage_healed":0,"gold_gain":0,"player_choice":"Take Damage","damage_taken":18,"relics_obtained":["Golden Idol"],"max_hp_gain":0,"max_hp_loss":0,"event_name":"Golden Idol","floor":4,"gold_loss":0}],"is_beta":false,"boss_relics":[],"items_purged_floors":[],"is_endless":false,"potions_floor_spawned":[],"killed_by":"Gremlin Nob","ascension_level":9}