{"gold_per_floor":[20,40,40,40,40,75,75,105,105,105,120,131,143,143],"floor_reached":14,"playtime":777,"items_purged":[],"score":175,"play_id":"30f57899-98dc-477e-ae41-1981b78f358f","local_time":"20181126001355","is_ascension_mode":true,"campfire_choices":[{"data":"Defragment","floor":7,"key":"SMITH"},{"floor":10,"key":"REST"}],"neow_cost":"NO_GOLD","seed_source_timestamp":0,"circlet_count":0,"master_deck":["AscendersBane","Strike_B","Strike_B","Defend_B","Defend_B","Defend_B","Defend_B","Zap","Dualcast","Defragment+1","Stack","Streamline","Regret","Heatsinks","Self Repair"],"special_seed":0,"relics":["Cracked Core","Gremlin Horn","Pear","Vajra","Bird Faced Urn"],"potions_floor_usage":[6,8,14],"damage_taken":[{"damage":3,"enemies":"2 Louse","floor":1,"turns":4},{"damage":1,"enemies":"Cultist","floor":2,"turns":3},{"damage":32,"enemies":"3 Sentries","floor":6,"turns":7},{"damage":35,"enemies":"Lagavulin","floor":8,"turns":5},{"damage":5,"enemies":"Small Slimes","floor":11,"turns":3},{"damage":1,"enemies":"Exordium Wildlife","floor":12,"turns":2},{"damage":20,"enemies":"Large Slime","floor":13,"turns":5},{"damage":10,"enemies":"Gremlin Gang","floor":14,"turns":1}],"seed_played":"-6047369292025307201","potions_obtained":[{"floor":1,"key":"FocusPotion"},{"floor":4,"key":"SmokeBomb"},{"floor":4,"key":"Swift Potion"},{"floor":6,"key":"Swift Potion"},{"floor":12,"key":"Ancient Potion"}],"is_trial":false,"path_per_floor":["M","M","?","?","$","E","R","E","T","R","M","M","M","M"],"character_chosen":"DEFECT","items_purchased":[],"campfire_rested":1,"item_purchase_floors":[],"current_hp_per_floor":[61,60,60,60,60,38,38,3,3,27,24,23,7,0],"gold":143,"neow_bonus":"TRANSFORM_TWO_CARDS","is_prod":false,"is_daily":false,"chose_seed":false,"campfire_upgraded":1,"win_rate":0,"timestamp":1543180435,"path_taken":["M","M","?","?","$","E","R","E","T","R","M","M","?","M"],"build_version":"2018-11-15","purchased_purges":0,"victory":false,"max_hp_per_floor":[71,71,71,71,71,81,81,81,81,81,81,81,81,81],"card_choices":[{"not_picked":["FTL","Turbo"],"picked":"Streamline","floor":1},{"not_picked":["Tempest","Steam Power","Undo"],"picked":"SKIP","floor":2},{"not_picked":["Sunder","Stack","Conserve Battery"],"picked":"SKIP","floor":6},{"not_picked":["Undo","Rebound","Compile Driver"],"picked":"SKIP","floor":8},{"not_picked":["Hologram","Leap"],"picked":"Heatsinks","floor":11},{"not_picked":["Hologram","Hello World","Turbo"],"picked":"SKIP","floor":12},{"not_picked":["Sweeping Beam","Rebound"],"picked":"Self Repair","floor":13}],"player_experience":740639,"relics_obtained":[{"floor":6,"key":"Pear"},{"floor":8,"key":"Vajra"},{"floor":9,"key":"Bird Faced Urn"}],"event_choices":[{"damage_healed":0,"gold_gain":0,"player_choice":"Box","damage_taken":0,"relics_obtained":["Gremlin Horn"],"max_hp_gain":0,"max_hp_loss":0,"event_name":"Big Fish","floor":3,"gold_loss":0,"cards_obtained":["Regret"]},{"damage_healed":0,"gold_gain":0,"player_choice":"Got Potions","damage_taken":0,"max_hp_gain":0,"max_hp_loss":0,"event_name":"Lab","floor":4,"gold_loss":0}],"is_beta":false,"boss_relics":[],"items_purged_floors":[],"is_endless":false,"potions_floor_spawned":[1,6,12],"killed_by":"Gremlin Gang","ascension_level":15}