{"gold_per_floor":[118,118,36,36,55,55,81,81,108,136,136,136,152,2,2,104,104,117,87,12,30,30,64,64,64,89,89,118,118,118,148,148,253,253,270,280,280,295,295,330,330,330,355,355,455,455,468,40,40,40,40,40,40,72,72],"floor_reached":55,"playtime":2540,"items_purged":["Strike_B","Strike_B"],"score":813,"play_id":"0d7ed2d2-a1f3-4c94-8a9e-ac5a22f43d2b","local_time":"20190513143502","is_ascension_mode":true,"campfire_choices":[{"floor":6,"key":"REST"},{"data":"Self Repair","floor":8,"key":"SMITH"},{"floor":12,"key":"REST"},{"floor":15,"key":"REST"},{"floor":24,"key":"REST"},{"floor":27,"key":"REST"},{"data":"Zap","floor":30,"key":"SMITH"},{"floor":32,"key":"REST"},{"floor":41,"key":"RECALL"},{"data":"Seek","floor":44,"key":"SMITH"},{"data":"Consume","floor":46,"key":"SMITH"},{"data":"White Noise","floor":49,"key":"SMITH"},{"data":"Capacitor","floor":52,"key":"SMITH"}],"neow_cost":"NONE","seed_source_timestamp":242632124514600,"circlet_count":0,"master_deck":["Strike_B+1","Defend_B","Defend_B+1","Defend_B+1","Defend_B","Zap+1","Dualcast","Compile Driver","Consume+1","Self Repair+1","Chill","Static Discharge","Capacitor+1","Leap","Seek+1","Capacitor+1","Steam+1","Electrodynamics","Cold Snap","Barrage","White Noise+1","Master of Strategy","Coolheaded+1","Coolheaded+1","White Noise+1","Thunder Strike"],"relics":["Cracked Core","Ginger","Pen Nib","Bag of Marbles","Lantern","DataDisk","Runic Dome","Ancient Tea Set","Pantograph","Smiling Mask","Blood Vial","Bronze Scales","Coffee Dripper","PreservedInsect","Anchor","Girya","Calipers","War Paint"],"potions_floor_usage":[7,7,16,16,19,23,40,42,47,54],"damage_taken":[{"damage":7,"enemies":"Jaw Worm","floor":1,"turns":3},{"damage":0,"enemies":"2 Louse","floor":5,"turns":2},{"damage":29,"enemies":"Lagavulin","floor":7,"turns":6},{"damage":32,"enemies":"Gremlin Nob","floor":10,"turns":5},{"damage":2,"enemies":"Cultist","floor":13,"turns":3},{"damage":31,"enemies":"Hexaghost","floor":16,"turns":9},{"damage":20,"enemies":"Shell Parasite","floor":18,"turns":7},{"damage":9,"enemies":"2 Thieves","floor":19,"turns":2},{"damage":5,"enemies":"Shelled Parasite and Fungi","floor":21,"turns":7},{"damage":45,"enemies":"Gremlin Leader","floor":23,"turns":11},{"damage":22,"enemies":"Book of Stabbing","floor":28,"turns":5},{"damage":51,"enemies":"Slavers","floor":31,"turns":10},{"damage":35,"enemies":"Automaton","floor":33,"turns":11},{"damage":6,"enemies":"3 Shapes","floor":35,"turns":3},{"damage":16,"enemies":"3 Darklings","floor":36,"turns":2},{"damage":20,"enemies":"Sphere and 2 Shapes","floor":38,"turns":4},{"damage":26,"enemies":"Reptomancer","floor":40,"turns":6},{"damage":0,"enemies":"Writhing Mass","floor":42,"turns":1},{"damage":0,"enemies":"Mind Bloom Boss Battle","floor":45,"turns":7},{"damage":20,"enemies":"Transient","floor":47,"turns":5},{"damage":13,"enemies":"Awakened One","floor":50,"turns":14},{"damage":46,"enemies":"Shield and Spear","floor":54,"turns":7},{"damage":76,"enemies":"The Heart","floor":55,"turns":3}],"seed_played":"-6377519346725653887","potions_obtained":[{"floor":1,"key":"Energy Potion"},{"floor":5,"key":"Energy Potion"},{"floor":7,"key":"EssenceOfSteel"},{"floor":13,"key":"AttackPotion"},{"floor":18,"key":"SmokeBomb"},{"floor":21,"key":"SpeedPotion"},{"floor":33,"key":"SmokeBomb"},{"floor":35,"key":"Block Potion"},{"floor":38,"key":"Explosive Potion"},{"floor":47,"key":"EssenceOfSteel"}],"is_trial":false,"path_per_floor":["M","?","$","?","M","R","E","R","T","E","?","R","M","$","R","B",null,"M","M","$","M","?","E","R","?","T","R","E","T","R","E","R","B",null,"M","M","?","M","?","E","R","M","T","R","?","R","M","$","R","B",null,"R","$","E","B"],"character_chosen":"DEFECT","items_purchased":["Self Repair","DataDisk","Calipers","White Noise"],"campfire_rested":6,"item_purchase_floors":[3,14,48,48],"current_hp_per_floor":[68,53,53,28,35,57,35,35,35,13,13,35,43,43,65,34,75,65,56,56,61,61,26,48,48,48,70,58,58,58,19,41,43,75,75,69,69,61,61,47,47,59,59,59,75,75,65,65,65,62,75,75,75,39,0],"gold":72,"neow_bonus":"THREE_CARDS","is_prod":false,"is_daily":false,"chose_seed":false,"campfire_upgraded":6,"win_rate":0,"timestamp":1557776102,"path_taken":["M","?","$","?","M","R","E","R","T","E","?","R","M","$","R","BOSS","M","M","$","?","?","E","R","?","T","R","E","?","R","E","R","BOSS","M","M","?","?","?","E","R","M","T","R","?","R","M","$","R","BOSS","R","$","E","BOSS"],"build_version":"2019-01-23","purchased_purges":2,"victory":false,"max_hp_per_floor":[75,75,75,75,75,75,75,75,75,75,75,75,75,75,75,75,75,75,75,75,75,75,75,75,75,75,75,75,75,75,75,75,75,75,75,75,75,75,75,75,75,75,75,75,75,75,75,75,75,75,75,75,75,75,75],"card_choices":[{"not_picked":["Turbo","Steam"],"picked":"Compile Driver","floor":0},{"not_picked":["BootSequence","Chaos"],"picked":"Consume","floor":1},{"not_picked":["White Noise","Rip and Tear"],"picked":"Chill","floor":5},{"not_picked":["Beam Cell","Fusion"],"picked":"Static Discharge","floor":7},{"not_picked":["Storm","Steam"],"picked":"Capacitor","floor":10},{"not_picked":["BootSequence","Beam Cell"],"picked":"Leap","floor":13},{"not_picked":["Reboot","All For One"],"picked":"Seek","floor":16},{"not_picked":["Redo","Gash","Chill"],"picked":"SKIP","floor":18},{"not_picked":["Beam Cell","Loop+1"],"picked":"Capacitor+1","floor":21},{"not_picked":["Compile Driver","Stack"],"picked":"Steam","floor":23},{"not_picked":["Scrape","Redo","Gash+1"],"picked":"SKIP","floor":28},{"not_picked":["Heatsinks","Streamline","Static Discharge+1"],"picked":"SKIP","floor":31},{"not_picked":["Rainbow","Amplify"],"picked":"Electrodynamics","floor":33},{"not_picked":["Compile Driver","Blizzard+1"],"picked":"Cold Snap","floor":35},{"not_picked":["Chill","Conserve Battery"],"picked":"Barrage","floor":36},{"not_picked":["Gash+1","Sunder+1"],"picked":"White Noise+1","floor":38},{"not_picked":["Impatience","Forethought"],"picked":"Master of Strategy","floor":39},{"not_picked":["Rainbow","Streamline+1"],"picked":"Coolheaded+1","floor":40},{"not_picked":["Sweeping Beam+1","Barrage+1"],"picked":"Coolheaded+1","floor":45},{"not_picked":["Compile Driver","Scrape","Chill+1"],"picked":"SKIP","floor":47},{"not_picked":["Beam Cell+1","Turbo+1"],"picked":"Thunder Strike","floor":54}],"player_experience":177324,"relics_obtained":[{"floor":7,"key":"Pen Nib"},{"floor":9,"key":"Bag of Marbles"},{"floor":10,"key":"Lantern"},{"floor":23,"key":"Ancient Tea Set"},{"floor":26,"key":"Smiling Mask"},{"floor":28,"key":"Blood Vial"},{"floor":31,"key":"Bronze Scales"},{"floor":40,"key":"PreservedInsect"},{"floor":43,"key":"Anchor"},{"floor":45,"key":"Girya"},{"floor":54,"key":"War Paint"}],"event_choices":[{"damage_healed":0,"gold_gain":0,"player_choice":"Entered Light","damage_taken":15,"max_hp_gain":0,"max_hp_loss":0,"event_name":"Shining Light","floor":2,"gold_loss":0,"cards_upgraded":["Strike_B","Defend_B"]},{"damage_healed":0,"gold_gain":0,"player_choice":"Success","damage_taken":25,"relics_obtained":["Ginger"],"max_hp_gain":0,"max_hp_loss":0,"event_name":"Scrap Ooze","floor":4,"gold_loss":0},{"cards_removed":["Strike_B"],"damage_healed":0,"gold_gain":0,"player_choice":"Purged","damage_taken":0,"max_hp_gain":0,"max_hp_loss":0,"event_name":"Purifier","floor":11,"gold_loss":0},{"damage_healed":0,"gold_gain":0,"player_choice":"Ignored","damage_taken":0,"max_hp_gain":0,"max_hp_loss":0,"event_name":"Vampires","floor":22,"gold_loss":0},{"damage_healed":0,"gold_gain":0,"player_choice":"Opened","damage_taken":0,"relics_obtained":["Pantograph"],"max_hp_gain":0,"max_hp_loss":0,"event_name":"The Mausoleum","floor":25,"gold_loss":0},{"damage_healed":0,"gold_gain":0,"player_choice":"Bought 0 Potions","damage_taken":0,"max_hp_gain":0,"max_hp_loss":0,"event_name":"The Woman in Blue","floor":37,"gold_loss":0},{"damage_healed":0,"gold_gain":0,"player_choice":"Memory 1","damage_taken":0,"max_hp_gain":0,"max_hp_loss":0,"event_name":"SensoryStone","floor":39,"gold_loss":0},{"damage_healed":0,"gold_gain":0,"player_choice":"Fight","damage_taken":0,"max_hp_gain":0,"max_hp_loss":0,"event_name":"MindBloom","floor":45,"gold_loss":0}],"is_beta":false,"boss_relics":[{"not_picked":["Lizard Tail","Pandora\u0027s Box"],"picked":"Runic Dome"},{"not_picked":["Snecko Eye","Inserter"],"picked":"Coffee Dripper"}],"items_purged_floors":[20,48],"is_endless":false,"potions_floor_spawned":[1,5,7,13,18,21,33,35,38,42,47],"killed_by":"The Heart","ascension_level":3}