{"gold_per_floor":[117,132,145,30,50,81,81,111,111,124,136,136,136,60,60,159,159,169,182,182,193,193,193,203,203,203,229,246,260,260,273,273,273],"floor_reached":33,"playtime":1690,"items_purged":[],"score":320,"play_id":"f19fdbca-1a8c-4ad1-a782-3af5d9073ffc","local_time":"20190501192906","is_ascension_mode":true,"campfire_choices":[{"data":"Searing Blow","floor":7,"key":"SMITH"},{"data":"Searing Blow+1","floor":12,"key":"SMITH"},{"data":"Searing Blow+2","floor":15,"key":"SMITH"},{"data":"Searing Blow+4","floor":23,"key":"SMITH"},{"data":"Searing Blow+5","floor":30,"key":"SMITH"},{"data":"Searing Blow+6","floor":32,"key":"SMITH"}],"neow_cost":"NONE","seed_source_timestamp":1141797199753100,"circlet_count":0,"master_deck":["Strike_R","Strike_R","Strike_R","Strike_R","Defend_R","Defend_R","Bash","Cleave","Infernal Blade","Headbutt","Dropkick","Shrug It Off","Searing Blow+7","Infernal Blade","Inflame","Twin Strike","Shrug It Off","Dropkick","Demon Form","Impervious+1","Headbutt+1","Flex+1","Intimidate+1","Flex","Heavy Blade","Spot Weakness"],"relics":["Burning Blood","Bag of Preparation","Darkstone Periapt","Mango","Mercury Hourglass","Astrolabe","Self Forming Clay","Singing Bowl"],"potions_floor_usage":[3,16,18,21,28,29,33],"damage_taken":[{"damage":5,"enemies":"2 Louse","floor":1,"turns":2},{"damage":1,"enemies":"Cultist","floor":2,"turns":3},{"damage":0,"enemies":"Jaw Worm","floor":3,"turns":1},{"damage":0,"enemies":"Lots of Slimes","floor":5,"turns":1},{"damage":23,"enemies":"Lagavulin","floor":6,"turns":5},{"damage":14,"enemies":"Gremlin Nob","floor":8,"turns":3},{"damage":0,"enemies":"3 Louse","floor":10,"turns":1},{"damage":0,"enemies":"Gremlin Gang","floor":11,"turns":1},{"damage":45,"enemies":"Hexaghost","floor":16,"turns":7},{"damage":23,"enemies":"Spheric Guardian","floor":18,"turns":4},{"damage":25,"enemies":"Shell Parasite","floor":19,"turns":5},{"damage":37,"enemies":"Snake Plant","floor":21,"turns":3},{"damage":21,"enemies":"Snecko","floor":24,"turns":4},{"damage":27,"enemies":"Book of Stabbing","floor":27,"turns":3},{"damage":7,"enemies":"Sentry and Sphere","floor":28,"turns":4},{"damage":4,"enemies":"Centurion and Healer","floor":29,"turns":5},{"damage":24,"enemies":"Shelled Parasite and Fungi","floor":31,"turns":3},{"damage":69,"enemies":"Automaton","floor":33,"turns":10}],"seed_played":"-7562402474463099136","potions_obtained":[{"floor":1,"key":"Fire Potion"},{"floor":8,"key":"PowerPotion"},{"floor":16,"key":"SkillPotion"},{"floor":19,"key":"Fire Potion"},{"floor":24,"key":"SkillPotion"},{"floor":28,"key":"EssenceOfSteel"},{"floor":31,"key":"SteroidPotion"}],"is_trial":false,"path_per_floor":["M","M","M","$","M","E","R","E","T","M","M","R","?","$","R","B",null,"M","M","?","M","$","R","M","?","T","E","M","M","R","M","R","B"],"character_chosen":"IRONCLAD","items_purchased":["Dropkick","Shrug It Off","Dropkick"],"campfire_rested":0,"item_purchase_floors":[4,4,14],"current_hp_per_floor":[80,80,80,80,80,63,63,69,69,75,81,81,72,72,72,33,94,77,58,58,27,27,27,12,94,94,75,74,78,78,60,60,0],"gold":273,"neow_bonus":"RANDOM_COMMON_RELIC","is_prod":false,"is_daily":false,"chose_seed":false,"campfire_upgraded":6,"win_rate":0,"timestamp":1556756946,"path_taken":["M","M","M","$","M","E","R","E","T","M","M","R","?","?","R","BOSS","M","M","?","?","$","R","M","?","T","E","?","M","R","M","R","BOSS"],"build_version":"2019-01-23","purchased_purges":0,"victory":false,"max_hp_per_floor":[80,80,80,80,80,80,80,94,94,94,94,94,94,94,94,94,94,94,94,94,94,94,94,94,94,94,96,96,98,98,98,98,98],"card_choices":[{"not_picked":["Burning Pact","Flex"],"picked":"Cleave","floor":1},{"not_picked":["Twin Strike","Thunderclap"],"picked":"Infernal Blade","floor":2},{"not_picked":["Sever Soul","Shockwave"],"picked":"Headbutt","floor":3},{"not_picked":["True Grit","Burning Pact"],"picked":"Searing Blow","floor":5},{"not_picked":["Second Wind","Thunderclap"],"picked":"Infernal Blade","floor":6},{"not_picked":["Entrench","Heavy Blade"],"picked":"Inflame","floor":8},{"not_picked":["Flame Barrier","Fire Breathing"],"picked":"Twin Strike","floor":10},{"not_picked":["Searing Blow","Clothesline"],"picked":"Shrug It Off","floor":11},{"not_picked":["Bludgeon","Limit Break"],"picked":"Demon Form","floor":16},{"not_picked":["Warcry","Sever Soul"],"picked":"Flex+1","floor":18},{"not_picked":["Twin Strike","Intimidate","Headbutt"],"picked":"SKIP","floor":19},{"not_picked":["Anger","Corruption"],"picked":"Intimidate+1","floor":21},{"not_picked":["Iron Wave","Corruption+1"],"picked":"Flex","floor":24},{"not_picked":["Armaments","Headbutt","Metallicize"],"picked":"Singing Bowl","floor":27},{"not_picked":["Hemokinesis","Second Wind+1"],"picked":"Heavy Blade","floor":28},{"not_picked":["Havoc","Dual Wield","Infernal Blade+1"],"picked":"Singing Bowl","floor":29},{"not_picked":["Corruption","Sword Boomerang"],"picked":"Spot Weakness","floor":31}],"player_experience":88043,"relics_obtained":[{"floor":6,"key":"Darkstone Periapt"},{"floor":8,"key":"Mango"},{"floor":9,"key":"Mercury Hourglass"},{"floor":26,"key":"Self Forming Clay"},{"floor":27,"key":"Singing Bowl"}],"event_choices":[{"damage_healed":0,"gold_gain":0,"player_choice":"Damaged","damage_taken":9,"max_hp_gain":0,"max_hp_loss":0,"event_name":"Wheel of Change","floor":13,"gold_loss":0},{"damage_healed":0,"gold_gain":0,"player_choice":"Upgraded","damage_taken":0,"max_hp_gain":0,"max_hp_loss":0,"event_name":"Upgrade Shrine","floor":20,"gold_loss":0,"cards_upgraded":["Searing Blow"]},{"cards_removed":["Metallicize"],"damage_healed":82,"gold_gain":0,"player_choice":"Offered Uncommon","damage_taken":0,"max_hp_gain":0,"max_hp_loss":0,"event_name":"Bonfire Elementals","floor":25,"gold_loss":0}],"is_beta":false,"boss_relics":[{"not_picked":["Runic Cube","Tiny House"],"picked":"Astrolabe"}],"items_purged_floors":[],"is_endless":false,"potions_floor_spawned":[1,8,16,19,24,28,31],"killed_by":"Automaton","ascension_level":1}