{"gold_per_floor":[118,130,148,148,161,161,177,127,173,198,221,221,221,236,236,361,361,375,137,151,176,176,190,204,204],"floor_reached":25,"playtime":2084,"items_purged":[],"score":199,"play_id":"83bc5eb8-5b8e-451d-9dc2-71cad7526bb8","local_time":"20190426195815","is_ascension_mode":false,"campfire_choices":[{"data":"Dualcast","floor":6,"key":"SMITH"},{"data":"Zap","floor":12,"key":"SMITH"},{"data":"Hello World","floor":15,"key":"SMITH"}],"neow_cost":"NONE","seed_source_timestamp":711093623327500,"circlet_count":0,"master_deck":["Strike_B","Strike_B","Strike_B","Defend_B","Zap+1","Dualcast+1","Conserve Battery","Loop","Hello World+1","BootSequence","Lockon","Stack","FTL","All For One","Hello World+1","Scrape+1","Creative AI+1","White Noise","Discovery","Scrape","FTL","Gash","Conserve Battery+1","Writhe","Steam","Reprogram"],"relics":["Cracked Core","NeowsBlessing","Golden Idol","Pen Nib","Bronze Scales","Astrolabe","Gremlin Horn"],"potions_floor_usage":[21],"damage_taken":[{"damage":0,"enemies":"2 Louse","floor":1,"turns":1},{"damage":0,"enemies":"Jaw Worm","floor":2,"turns":1},{"damage":0,"enemies":"Small Slimes","floor":3,"turns":1},{"damage":14,"enemies":"Red Slaver","floor":5,"turns":3},{"damage":7,"enemies":"Exordium Wildlife","floor":7,"turns":4},{"damage":2,"enemies":"Blue Slaver","floor":10,"turns":3},{"damage":3,"enemies":"Lots of Slimes","floor":14,"turns":4},{"damage":9,"enemies":"Hexaghost","floor":16,"turns":9},{"damage":5,"enemies":"Shell Parasite","floor":18,"turns":4},{"damage":3,"enemies":"3 Byrds","floor":20,"turns":3},{"damage":11,"enemies":"Snecko","floor":21,"turns":4},{"damage":23,"enemies":"Sentry and Sphere","floor":23,"turns":4},{"damage":5,"enemies":"Chosen and Byrds","floor":24,"turns":3},{"damage":30,"enemies":"Gremlin Leader","floor":25,"turns":4}],"seed_played":"-1025666091196210651","potions_obtained":[{"floor":7,"key":"SpeedPotion"},{"floor":10,"key":"Energy Potion"},{"floor":13,"key":"Energy Potion"},{"floor":16,"key":"Poison Potion"}],"is_trial":false,"path_per_floor":["M","M","M","?","M","R","M","?","T","M","T","R","?","M","R","B",null,"M","$","M","M","?","M","M","E"],"character_chosen":"DEFECT","items_purchased":["Discovery","Scrape","FTL"],"campfire_rested":0,"item_purchase_floors":[19,19,19],"current_hp_per_floor":[75,75,75,69,55,55,48,48,48,46,46,46,46,43,43,34,69,64,64,61,50,50,27,22,0],"gold":204,"neow_bonus":"THREE_ENEMY_KILL","is_prod":false,"is_daily":false,"chose_seed":false,"campfire_upgraded":3,"win_rate":0.0,"timestamp":1556326695,"path_taken":["M","M","M","?","M","R","M","?","T","M","?","R","?","M","R","BOSS","M","$","M","M","?","M","M","E"],"build_version":"2019-01-23","purchased_purges":0,"victory":false,"max_hp_per_floor":[75,75,75,69,69,69,69,69,69,69,69,69,69,69,69,69,69,69,69,69,69,69,69,69,69],"card_choices":[{"not_picked":["Ball Lightning","Scrape"],"picked":"Conserve Battery","floor":1},{"not_picked":["Compile Driver","Beam Cell"],"picked":"Loop","floor":2},{"not_picked":["Loop","Darkness"],"picked":"Hello World","floor":3},{"not_picked":["Chaos","White Noise"],"picked":"BootSequence","floor":5},{"not_picked":["Leap","Cold Snap"],"picked":"Lockon","floor":7},{"not_picked":["Auto Shields","Steam"],"picked":"Stack","floor":10},{"not_picked":["Go for the Eyes","Compile Driver"],"picked":"FTL","floor":14},{"not_picked":["Amplify","Buffer"],"picked":"All For One","floor":16},{"not_picked":["Redo","Double Energy"],"picked":"White Noise","floor":18},{"not_picked":["Sweeping Beam","Stack+1"],"picked":"Gash","floor":20},{"not_picked":["Compile Driver+1","Streamline"],"picked":"Conserve Battery+1","floor":21},{"not_picked":["Go for the Eyes","Cold Snap+1"],"picked":"Steam","floor":23},{"not_picked":["Stack","Barrage"],"picked":"Reprogram","floor":24}],"player_experience":2737,"relics_obtained":[{"floor":9,"key":"Pen Nib"},{"floor":11,"key":"Bronze Scales"}],"event_choices":[{"damage_healed":0,"gold_gain":0,"player_choice":"Lose Max HP","damage_taken":0,"relics_obtained":["Golden Idol"],"max_hp_gain":0,"max_hp_loss":6,"event_name":"Golden Idol","floor":4,"gold_loss":0},{"cards_removed":["Strike_B"],"damage_healed":0,"gold_gain":0,"player_choice":"Card Removal","damage_taken":0,"max_hp_gain":0,"max_hp_loss":0,"event_name":"The Cleric","floor":8,"gold_loss":50},{"damage_healed":0,"gold_gain":0,"player_choice":"Got Potions","damage_taken":0,"max_hp_gain":0,"max_hp_loss":0,"event_name":"Lab","floor":13,"gold_loss":0},{"damage_healed":0,"gold_gain":0,"player_choice":"Opened","damage_taken":0,"relics_obtained":["Gremlin Horn"],"max_hp_gain":0,"max_hp_loss":0,"event_name":"The Mausoleum","floor":22,"gold_loss":0,"cards_obtained":["Writhe"]}],"is_beta":false,"boss_relics":[{"not_picked":["Calling Bell","White Beast Statue"],"picked":"Astrolabe"}],"items_purged_floors":[],"is_endless":false,"potions_floor_spawned":[7,10,16,20],"killed_by":"Gremlin Leader","ascension_level":0}