{"gold_per_floor":[116,116,116,134,147,147,157,157,184,194,210,210,223,223,223,297,297,317,317,317,336,336,336,251,251,251,251,262,272,197,197],"floor_reached":31,"playtime":1259,"items_purged":[],"score":540,"play_id":"acc08198-2c93-4d53-b22f-3dbd1a92bb1c","local_time":"20190306195417","is_ascension_mode":true,"campfire_choices":[{"data":"Defragment","floor":6.0,"key":"SMITH"},{"data":"Zap","floor":8.0,"key":"SMITH"},{"floor":12.0,"key":"REST"},{"floor":15.0,"key":"REST"},{"floor":23.0,"key":"REST"},{"floor":25.0,"key":"REST"}],"neow_cost":"NONE","seed_source_timestamp":0,"circlet_count":0,"master_deck":["AscendersBane","Strike_B+1","Strike_B+1","Zap+1","Dualcast","Defragment+1","White Noise","BootSequence","Defragment","Creative AI","Multi-Cast","Force Field","Self Repair","Defragment"],"special_seed":0,"relics":["Cracked Core","Whetstone","Fusion Hammer","Oddly Smooth Stone","Prayer Wheel"],"potions_floor_usage":[31],"damage_taken":[{"damage":6.0,"enemies":"Cultist","floor":1.0,"turns":3.0},{"damage":0.0,"enemies":"2 Louse","floor":4.0,"turns":3.0},{"damage":2.0,"enemies":"Jaw Worm","floor":5.0,"turns":2.0},{"damage":4.0,"enemies":"3 Louse","floor":7.0,"turns":4.0},{"damage":12.0,"enemies":"2 Fungi Beasts","floor":10.0,"turns":3.0},{"damage":15.0,"enemies":"Exordium Thugs","floor":11.0,"turns":4.0},{"damage":8.0,"enemies":"Blue Slaver","floor":13.0,"turns":3.0},{"damage":0.0,"enemies":"Slime Boss","floor":16.0,"turns":5.0},{"damage":0.0,"enemies":"Chosen","floor":18.0,"turns":5.0},{"damage":30.0,"enemies":"Shell Parasite","floor":21.0,"turns":4.0},{"damage":5.0,"enemies":"Centurion and Healer","floor":28.0,"turns":5.0},{"damage":40.0,"enemies":"3 Cultists","floor":29.0,"turns":5.0},{"damage":23,"enemies":"Shelled Parasite and Fungi","floor":31,"turns":2}],"seed_played":"-5100558056115581751","potions_obtained":[{"floor":1.0,"key":"PowerPotion"},{"floor":5.0,"key":"Swift Potion"},{"floor":21.0,"key":"AttackPotion"},{"floor":29.0,"key":"Regen Potion"}],"is_trial":false,"path_per_floor":["M","?","?","M","M","R","M","R","T","M","M","R","M","?","R","B",null,"M","?","?","M","?","R","?","R","T","?","M","M","?","M"],"character_chosen":"DEFECT","items_purchased":[],"campfire_rested":4,"item_purchase_floors":[],"current_hp_per_floor":[58,37,37,37,35,35,31,31,31,19,4,25,17,12,33,33,62,62,62,42,12,12,34,34,56,56,56,58,18,18,0],"gold":197,"neow_bonus":"REMOVE_CARD","is_prod":false,"is_daily":false,"chose_seed":false,"campfire_upgraded":2,"win_rate":0,"timestamp":1551891257,"path_taken":["M","?","?","M","M","R","?","R","T","M","M","R","?","?","R","BOSS","M","?","?","?","?","R","?","R","T","?","M","M","?","M"],"build_version":"2019-01-23","purchased_purges":0,"victory":false,"max_hp_per_floor":[71,71,71,71,71,71,71,71,71,71,71,71,71,71,71,71,71,71,71,76,76,76,76,76,76,76,76,76,76,76,76],"card_choices":[{"not_picked":["Double Energy","Heatsinks","Hello World"],"picked":"SKIP","floor":1.0},{"not_picked":["Coolheaded","Compile Driver","Streamline"],"picked":"SKIP","floor":4.0},{"not_picked":["Coolheaded","Conserve Battery"],"picked":"Defragment","floor":5.0},{"not_picked":["Tempest","Streamline"],"picked":"White Noise","floor":7.0},{"not_picked":["Sweeping Beam","Go for the Eyes","Hyperbeam"],"picked":"SKIP","floor":10.0},{"not_picked":["Streamline","Stack"],"picked":"BootSequence","floor":11.0},{"not_picked":["Self Repair","Cold Snap"],"picked":"Defragment","floor":13.0},{"not_picked":["Meteor Strike","Multi-Cast"],"picked":"Creative AI","floor":16.0},{"not_picked":["Turbo","Compile Driver","Tempest"],"picked":"SKIP","floor":18.0},{"not_picked":["Melter","Coolheaded"],"picked":"Self Repair","floor":21.0},{"not_picked":["Ball Lightning","Redo"],"picked":"Defragment","floor":28.0},{"not_picked":["Rebound","Redo","Leap"],"picked":"SKIP","floor":28.0},{"not_picked":["Compile Driver","Stack","Multi-Cast"],"picked":"SKIP","floor":29.0},{"not_picked":["Darkness","Rebound","Go for the Eyes"],"picked":"SKIP","floor":29.0}],"player_experience":1022115,"relics_obtained":[{"floor":9.0,"key":"Whetstone"},{"floor":26.0,"key":"Prayer Wheel"}],"event_choices":[{"damage_healed":0.0,"max_hp_gain":0.0,"max_hp_loss":0.0,"gold_gain":0.0,"event_name":"Shining Light","player_choice":"Entered Light","floor":2.0,"gold_loss":0.0,"damage_taken":21.0,"cards_upgraded":["Strike_B","Strike_B"]},{"cards_removed":["Strike_B"],"damage_healed":0.0,"max_hp_gain":0.0,"max_hp_loss":0.0,"gold_gain":0.0,"event_name":"Wheel of Change","player_choice":"Card Removal","floor":3.0,"gold_loss":0.0,"damage_taken":0.0},{"damage_healed":0.0,"max_hp_gain":0.0,"max_hp_loss":0.0,"gold_gain":0.0,"event_name":"Scrap Ooze","player_choice":"Fled","floor":14.0,"gold_loss":0.0,"damage_taken":5.0},{"damage_healed":0.0,"max_hp_gain":0.0,"max_hp_loss":0.0,"gold_gain":0.0,"cards_transformed":["Defend_B","Defend_B"],"event_name":"Drug Dealer","player_choice":"Became Test Subject","floor":19.0,"gold_loss":0.0,"damage_taken":0.0,"cards_obtained":["Multi-Cast","Force Field"]},{"damage_healed":0.0,"max_hp_gain":5.0,"max_hp_loss":0.0,"gold_gain":0.0,"event_name":"Forgotten Altar","player_choice":"Shed Blood","floor":20.0,"gold_loss":0.0,"damage_taken":25.0},{"damage_healed":0.0,"max_hp_gain":0.0,"max_hp_loss":0.0,"gold_gain":0.0,"event_name":"Vampires","player_choice":"Ignored","floor":22.0,"gold_loss":0.0,"damage_taken":0.0},{"damage_healed":0.0,"max_hp_gain":0.0,"max_hp_loss":0.0,"gold_gain":0.0,"event_name":"Addict","player_choice":"Obtained Relic","floor":24.0,"gold_loss":85.0,"damage_taken":0.0,"relics_obtained":["Oddly Smooth Stone"]},{"cards_removed":["Defend_B"],"damage_healed":0.0,"max_hp_gain":0.0,"max_hp_loss":0.0,"gold_gain":0.0,"event_name":"Back to Basics","player_choice":"Elegance","floor":27.0,"gold_loss":0.0,"damage_taken":0.0},{"cards_removed":["Defend_B"],"damage_healed":0.0,"max_hp_gain":0.0,"max_hp_loss":0.0,"gold_gain":0.0,"event_name":"Beggar","player_choice":"Gave Gold","floor":30.0,"gold_loss":75.0,"damage_taken":0.0}],"is_beta":false,"boss_relics":[{"not_picked":["Runic Pyramid","Tiny House"],"picked":"Fusion Hammer"}],"items_purged_floors":[],"is_endless":false,"potions_floor_spawned":[1,5,10,21,28,29],"killed_by":"Shelled Parasite and Fungi","ascension_level":19}