{"gold_per_floor":[109,109,124,134,152,185,185,203,228,238,271,51,76,76],"floor_reached":14,"playtime":741,"items_purged":[],"score":204,"play_id":"0145494b-670b-45d4-884f-da2b08180334","local_time":"20190613003008","is_ascension_mode":true,"campfire_choices":[{"floor":7,"key":"REST"}],"neow_cost":"NONE","seed_source_timestamp":17208860559301,"circlet_count":0,"master_deck":["AscendersBane","Strike_B","Strike_B","Strike_B","Defend_B","Defend_B","Defend_B","Defend_B","Zap","Dualcast","Capacitor","Glacier","Ball Lightning","Cold Snap"],"relics":["Runic Dome","Vajra","Regal Pillow","DataDisk","ClockworkSouvenir","Odd Mushroom"],"potions_floor_usage":[6,11],"damage_taken":[{"damage":7,"enemies":"Jaw Worm","floor":1,"turns":4},{"damage":2,"enemies":"Cultist","floor":3,"turns":4},{"damage":4,"enemies":"2 Louse","floor":4,"turns":3},{"damage":1,"enemies":"Large Slime","floor":5,"turns":8},{"damage":37,"enemies":"Gremlin Nob","floor":6,"turns":6},{"damage":2,"enemies":"Exordium Wildlife","floor":8,"turns":4},{"damage":2,"enemies":"2 Fungi Beasts","floor":10,"turns":4},{"damage":11,"enemies":"Lagavulin","floor":11,"turns":8},{"damage":21,"enemies":"The Mushroom Lair","floor":13,"turns":5},{"damage":13,"enemies":"3 Sentries","floor":14,"turns":7}],"seed_played":"-6723487550116159549","potions_obtained":[{"floor":4,"key":"Energy Potion"},{"floor":5,"key":"SkillPotion"},{"floor":8,"key":"Regen Potion"}],"is_trial":false,"path_per_floor":["M","?","M","M","M","E","R","M","T","M","E","$","?","E"],"character_chosen":"DEFECT","items_purchased":["ClockworkSouvenir"],"campfire_rested":1,"item_purchase_floors":[12],"current_hp_per_floor":[57,57,55,51,50,13,34,32,32,30,34,34,13,0],"gold":76,"neow_bonus":"BOSS_RELIC","is_prod":false,"is_daily":false,"chose_seed":false,"campfire_upgraded":0,"win_rate":0,"timestamp":1560375008,"path_taken":["M","?","M","M","M","E","R","M","T","?","E","?","?","E"],"build_version":"2019-01-23","purchased_purges":0,"victory":false,"max_hp_per_floor":[71,71,71,71,71,71,71,71,71,71,71,71,71,71],"card_choices":[{"not_picked":["Steam","Heatsinks"],"picked":"Capacitor","floor":1},{"not_picked":["Sweeping Beam","Compile Driver"],"picked":"Glacier","floor":3},{"not_picked":["Steam Power","Turbo","Auto Shields"],"picked":"SKIP","floor":4},{"not_picked":["Cold Snap","Fusion"],"picked":"Ball Lightning","floor":5},{"not_picked":["Gash","FTL","Static Discharge"],"picked":"SKIP","floor":6},{"not_picked":["Reprogram","Gash","Rebound"],"picked":"SKIP","floor":8},{"not_picked":["Fusion","Ball Lightning","Stack"],"picked":"SKIP","floor":10},{"not_picked":["Beam Cell","Rip and Tear","Hologram"],"picked":"SKIP","floor":11},{"not_picked":["Barrage","Beam Cell"],"picked":"Cold Snap","floor":13}],"player_experience":1143919,"relics_obtained":[{"floor":6,"key":"Vajra"},{"floor":9,"key":"Regal Pillow"},{"floor":11,"key":"DataDisk"},{"floor":13,"key":"Odd Mushroom"}],"event_choices":[{"cards_removed":["Strike_B"],"damage_healed":0,"gold_gain":0,"player_choice":"Purged","damage_taken":0,"max_hp_gain":0,"max_hp_loss":0,"event_name":"Purifier","floor":2,"gold_loss":0},{"damage_healed":0,"gold_gain":0,"player_choice":"Fought Mushrooms","damage_taken":0,"max_hp_gain":0,"max_hp_loss":0,"event_name":"Mushrooms","floor":13,"gold_loss":0}],"is_beta":false,"boss_relics":[],"items_purged_floors":[],"is_endless":false,"potions_floor_spawned":[4,5,8,10],"killed_by":"3 Sentries","ascension_level":20}