{"gold_per_floor":[110,110,127,146,162,193,204,379,379,393,343,353,309,320,320,320],"floor_reached":16,"playtime":536,"items_purged":[],"score":143,"play_id":"73e58ed5-acc7-4169-b114-5810b8e1de3b","local_time":"20190303211344","is_ascension_mode":true,"campfire_choices":[{"floor":15,"key":"REST"}],"neow_cost":"PERCENT_DAMAGE","seed_source_timestamp":260371215344288,"circlet_count":0,"master_deck":["Defend_G","Defend_G","Defend_G","Defend_G","Defend_G","Strike_G","Strike_G","Strike_G","Strike_G","Strike_G","Survivor","Neutralize","Burst","Poisoned Stab","Backflip","Caltrops","Backstab","Heel Hook","Distraction","Bouncing Flask","Poisoned Stab"],"relics":["Ring of the Snake","Thread and Needle"],"potions_floor_usage":[5,14],"damage_taken":[{"damage":0,"enemies":"Small Slimes","floor":1,"turns":3},{"damage":0,"enemies":"2 Louse","floor":3,"turns":3},{"damage":1,"enemies":"Jaw Worm","floor":4,"turns":6},{"damage":6,"enemies":"3 Louse","floor":5,"turns":4},{"damage":40,"enemies":"Gremlin Nob","floor":6,"turns":4},{"damage":0,"enemies":"Large Slime","floor":7,"turns":7},{"damage":0,"enemies":"Red Slaver","floor":10,"turns":5},{"damage":3,"enemies":"Lots of Slimes","floor":12,"turns":4},{"damage":7,"enemies":"Large Slime","floor":14,"turns":7},{"damage":46,"enemies":"Slime Boss","floor":16,"turns":5}],"seed_played":"-4670869537635492513","potions_obtained":[{"floor":1,"key":"GhostInAJar"},{"floor":4,"key":"GamblersBrew"},{"floor":12,"key":"Regen Potion"}],"is_trial":false,"path_per_floor":["M","?","M","M","M","E","M","?","T","M","?","M","?","M","R","B"],"character_chosen":"THE_SILENT","items_purchased":[],"campfire_rested":1,"item_purchase_floors":[],"current_hp_per_floor":[45,68,68,67,61,21,21,21,21,21,21,18,18,23,44,0],"gold":320,"neow_bonus":"THREE_RARE_CARDS","is_prod":false,"is_daily":false,"chose_seed":false,"campfire_upgraded":0,"win_rate":0,"timestamp":1551669224,"path_taken":["M","?","M","M","M","E","M","?","T","M","?","M","?","?","R","BOSS"],"build_version":"2019-01-23","purchased_purges":0,"victory":false,"max_hp_per_floor":[70,70,70,70,70,70,70,70,70,70,70,70,70,70,70,70],"card_choices":[{"not_picked":["Bullet Time","A Thousand Cuts"],"picked":"Burst","floor":0},{"not_picked":["Acrobatics","Accuracy"],"picked":"Poisoned Stab","floor":1},{"not_picked":["Quick Slash","Accuracy"],"picked":"Backflip","floor":3},{"not_picked":["Flying Knee","Dagger Spray"],"picked":"Caltrops","floor":4},{"not_picked":["Escape Plan","Blade Dance"],"picked":"Backstab","floor":5},{"not_picked":["Tactician","Poisoned Stab"],"picked":"Heel Hook","floor":6},{"not_picked":["All Out Attack","Deadly Poison"],"picked":"Distraction","floor":7},{"not_picked":["All Out Attack","Slice","Cloak And Dagger"],"picked":"SKIP","floor":10},{"not_picked":["A Thousand Cuts","Distraction"],"picked":"Bouncing Flask","floor":12},{"not_picked":["PiercingWail","Cloak And Dagger"],"picked":"Poisoned Stab","floor":14}],"player_experience":249447,"relics_obtained":[{"floor":6,"key":"Thread and Needle"}],"event_choices":[{"damage_healed":23,"gold_gain":0,"player_choice":"Banana","damage_taken":0,"max_hp_gain":0,"max_hp_loss":0,"event_name":"Big Fish","floor":2,"gold_loss":0},{"damage_healed":0,"gold_gain":175,"player_choice":"AGREE","damage_taken":0,"max_hp_gain":0,"max_hp_loss":0,"event_name":"Liars Game","floor":8,"gold_loss":0,"cards_obtained":["Doubt"]},{"cards_removed":["Doubt"],"damage_healed":0,"gold_gain":0,"player_choice":"Card Removal","damage_taken":0,"max_hp_gain":0,"max_hp_loss":0,"event_name":"The Cleric","floor":11,"gold_loss":50},{"damage_healed":0,"gold_gain":0,"player_choice":"Left Gold","damage_taken":0,"max_hp_gain":0,"max_hp_loss":0,"event_name":"World of Goop","floor":13,"gold_loss":44}],"is_beta":false,"boss_relics":[],"items_purged_floors":[],"is_endless":false,"potions_floor_spawned":[1,4,12],"killed_by":"Slime Boss","ascension_level":7}