{"gold_per_floor":[219,2,18,29,29,29,29,56,356,367,401,401,473,496,496,592,592,605,197,197,207,122,152,152,152,198,230,330,343,354,371,371,475,475,488,588,588,347,357,390,403,420,420,420,420,445,459,469,469,469],"floor_reached":51,"playtime":3755,"items_purged":["Strike_G"],"score":1331,"play_id":"c5dfb6a7-e1b1-409e-9989-d9f160a1447e","local_time":"20190612213044","is_ascension_mode":true,"campfire_choices":[{"data":"Noxious Fumes","floor":6,"key":"SMITH"},{"floor":12,"key":"REST"},{"data":"Survivor","floor":15,"key":"SMITH"},{"data":"After Image","floor":24,"key":"SMITH"},{"data":"Catalyst","floor":32,"key":"SMITH"},{"data":"1","floor":45,"key":"LIFT"},{"data":"2","floor":49,"key":"LIFT"}],"neow_cost":"NONE","seed_source_timestamp":81616726533900,"circlet_count":0,"master_deck":["Defend_G+1","Defend_G+1","Defend_G+1","Defend_G+1","Strike_G+1","Strike_G+1","Strike_G+1","Survivor+1","Neutralize+1","Noxious Fumes+1","Poisoned Stab+1","Acrobatics+1","Adrenaline+1","Dagger Throw+1","Dash+1","After Image+1","Well Laid Plans","Leg Sweep+1","Catalyst+1","Footwork+1"],"relics":["Ring of the Snake","Blood Vial","Calipers","Molten Egg 2","Old Coin","Singing Bowl","Mercury Hourglass","Whetstone","Coffee Dripper","Matryoshka","Thread and Needle","Snake Skull","Bronze Scales","Anchor","War Paint","Incense Burner","Bottled Tornado","Empty Cage","Girya","Question Card","Strawberry","Dream Catcher","Bird Faced Urn","Dodecahedron"],"potions_floor_usage":[10,41,46],"damage_taken":[{"damage":1,"enemies":"Jaw Worm","floor":1,"turns":6},{"damage":0,"enemies":"2 Louse","floor":3,"turns":3},{"damage":7,"enemies":"Cultist","floor":4,"turns":4},{"damage":19,"enemies":"Gremlin Nob","floor":8,"turns":5},{"damage":10,"enemies":"Large Slime","floor":10,"turns":8},{"damage":5,"enemies":"Lagavulin","floor":11,"turns":6},{"damage":0,"enemies":"Hexaghost","floor":16,"turns":8},{"damage":0,"enemies":"Chosen","floor":18,"turns":4},{"damage":20,"enemies":"3 Byrds","floor":21,"turns":4},{"damage":0,"enemies":"Book of Stabbing","floor":23,"turns":6},{"damage":0,"enemies":"Slavers","floor":27,"turns":4},{"damage":0,"enemies":"Colosseum Slavers","floor":28,"turns":4},{"damage":0,"enemies":"Colosseum Nobs","floor":28,"turns":4},{"damage":0,"enemies":"Centurion and Healer","floor":29,"turns":4},{"damage":0,"enemies":"Shelled Parasite and Fungi","floor":30,"turns":4},{"damage":0,"enemies":"Sentry and Sphere","floor":31,"turns":5},{"damage":0,"enemies":"Automaton","floor":33,"turns":8},{"damage":0,"enemies":"Orb Walker","floor":35,"turns":3},{"damage":0,"enemies":"Mind Bloom Boss Battle","floor":36,"turns":6},{"damage":0,"enemies":"3 Shapes","floor":39,"turns":4},{"damage":0,"enemies":"Giant Head","floor":40,"turns":8},{"damage":0,"enemies":"Jaw Worm Horde","floor":41,"turns":5},{"damage":0,"enemies":"3 Darklings","floor":42,"turns":4},{"damage":0,"enemies":"Reptomancer","floor":46,"turns":6},{"damage":0,"enemies":"Sphere and 2 Shapes","floor":47,"turns":4},{"damage":0,"enemies":"Spire Growth","floor":48,"turns":4},{"damage":0,"enemies":"Time Eater","floor":50,"turns":14}],"seed_played":"-2042421747078951639","potions_obtained":[{"floor":3,"key":"SkillPotion"},{"floor":10,"key":"FearPotion"},{"floor":16,"key":"EssenceOfSteel"},{"floor":21,"key":"SpeedPotion"},{"floor":37,"key":"Fire Potion"},{"floor":37,"key":"SkillPotion"}],"is_trial":false,"path_per_floor":["M","$","M","M","?","R","?","E","T","M","E","R","T","T","R","B",null,"M","$","?","M","?","E","R","?","T","E","?","M","M","M","R","B",null,"M","?","?","$","M","E","M","M","T","?","R","E","M","M","R","B",null],"character_chosen":"THE_SILENT","items_purchased":["Noxious Fumes","Blood Vial","Matryoshka","Well Laid Plans","Question Card"],"campfire_rested":1,"item_purchase_floors":[2,2,19,19,38],"current_hp_per_floor":[69,69,70,63,63,63,30,13,13,5,2,23,23,23,23,25,70,72,72,72,52,52,54,54,54,54,58,62,66,70,74,74,78,82,84,86,86,86,88,97,99,101,101,101,101,103,105,107,107,107],"gold":469,"neow_bonus":"HUNDRED_GOLD","is_prod":false,"is_daily":false,"chose_seed":false,"campfire_upgraded":4,"win_rate":0,"timestamp":1560367844,"path_taken":["M","$","M","M","?","R","?","E","T","M","E","R","?","?","R","BOSS","M","$","?","M","?","E","R","?","T","E","?","?","M","M","R","BOSS","M","?","?","$","M","E","M","?","T","?","R","E","?","M","R","BOSS"],"build_version":"2019-01-23","purchased_purges":1,"victory":true,"max_hp_per_floor":[70,70,70,70,70,70,70,70,70,70,70,70,70,70,70,70,70,72,72,72,72,72,72,72,72,72,74,74,76,78,80,80,82,82,84,86,86,86,88,97,99,101,101,101,101,103,105,107,107,107],"card_choices":[{"not_picked":["Blade Dance","Underhanded Strike","Dodge and Roll"],"picked":"SKIP","floor":1},{"not_picked":["Calculated Gamble","Blade Dance"],"picked":"Poisoned Stab","floor":3},{"not_picked":["Deflect","Skewer"],"picked":"Acrobatics","floor":4},{"not_picked":["Choke","Concentrate"],"picked":"Adrenaline","floor":8},{"not_picked":["Deadly Poison","Deflect"],"picked":"Dagger Throw+1","floor":10},{"not_picked":["Skewer+1","Poisoned Stab+1"],"picked":"Dash+1","floor":11},{"not_picked":["Wraith Form v2","Doppelganger"],"picked":"After Image","floor":16},{"not_picked":["Masterful Stab+1","Outmaneuver","Sucker Punch+1"],"picked":"Singing Bowl","floor":18},{"not_picked":["Dagger Throw+1","Masterful Stab+1"],"picked":"Leg Sweep","floor":21},{"not_picked":["Riddle With Holes+1","Acrobatics+1"],"picked":"Catalyst","floor":23},{"not_picked":["Tactician+1","Leg Sweep","Choke+1"],"picked":"Singing Bowl","floor":27},{"not_picked":["Deadly Poison","Dagger Throw+1"],"picked":"Footwork+1","floor":28},{"not_picked":["Night Terror","Dodge and Roll","Distraction+1"],"picked":"Singing Bowl","floor":29},{"not_picked":["PiercingWail","Blade Dance","Flying Knee+1"],"picked":"Singing Bowl","floor":30},{"not_picked":["Prepared+1","Masterful Stab+1","Cloak And Dagger+1"],"picked":"Singing Bowl","floor":31},{"not_picked":["Night Terror","Tools of the Trade","Burst"],"picked":"Singing Bowl","floor":33},{"not_picked":["Dagger Spray+1","Acrobatics","Infinite Blades+1"],"picked":"Singing Bowl","floor":35},{"not_picked":["PiercingWail+1","Dagger Spray+1","Escape Plan+1"],"picked":"Singing Bowl","floor":36},{"not_picked":["Prepared+1","Deadly Poison+1","Predator+1","PiercingWail"],"picked":"Singing Bowl","floor":39},{"not_picked":["Blur","Dagger Spray+1","Terror","Cloak And Dagger"],"picked":"Singing Bowl","floor":40},{"not_picked":["Dagger Spray+1","Slice+1","Setup","Blade Dance+1"],"picked":"Singing Bowl","floor":41},{"not_picked":["Reflex","Outmaneuver+1","Grand Finale+1","Bane+1"],"picked":"Singing Bowl","floor":42},{"not_picked":["Eviscerate+1","Flying Knee+1","Outmaneuver+1","Setup"],"picked":"Singing Bowl","floor":46},{"not_picked":["Outmaneuver+1","Deadly Poison","Caltrops","Acrobatics+1"],"picked":"Singing Bowl","floor":47},{"not_picked":["Unload+1","Underhanded Strike+1","Reflex","Endless Agony+1"],"picked":"Singing Bowl","floor":48}],"player_experience":258209,"relics_obtained":[{"floor":8,"key":"Molten Egg 2"},{"floor":9,"key":"Old Coin"},{"floor":11,"key":"Singing Bowl"},{"floor":13,"key":"Mercury Hourglass"},{"floor":14,"key":"Whetstone"},{"floor":23,"key":"Snake Skull"},{"floor":26,"key":"Bronze Scales"},{"floor":26,"key":"Anchor"},{"floor":27,"key":"War Paint"},{"floor":28,"key":"Incense Burner"},{"floor":28,"key":"Bottled Tornado"},{"floor":36,"key":"Girya"},{"floor":40,"key":"Strawberry"},{"floor":43,"key":"Dream Catcher"},{"floor":43,"key":"Bird Faced Urn"},{"floor":46,"key":"Dodecahedron"}],"event_choices":[{"damage_healed":0,"gold_gain":0,"player_choice":"Grow","damage_taken":0,"max_hp_gain":0,"max_hp_loss":0,"event_name":"Living Wall","floor":5,"gold_loss":0,"cards_upgraded":["Neutralize"]},{"damage_healed":0,"gold_gain":0,"player_choice":"Success","damage_taken":33,"relics_obtained":["Calipers"],"max_hp_gain":0,"max_hp_loss":0,"event_name":"Scrap Ooze","floor":7,"gold_loss":0},{"damage_healed":0,"gold_gain":0,"player_choice":"Simplicity","damage_taken":0,"max_hp_gain":0,"max_hp_loss":0,"event_name":"Back to Basics","floor":20,"gold_loss":0,"cards_upgraded":["Defend_G","Defend_G","Defend_G","Defend_G","Defend_G","Strike_G","Strike_G","Strike_G"]},{"damage_healed":0,"gold_gain":0,"player_choice":"Obtained Relic","damage_taken":0,"relics_obtained":["Thread and Needle"],"max_hp_gain":0,"max_hp_loss":0,"event_name":"Addict","floor":22,"gold_loss":85},{"damage_healed":0,"gold_gain":0,"player_choice":"Ignored","damage_taken":0,"max_hp_gain":0,"max_hp_loss":0,"event_name":"Cursed Tome","floor":25,"gold_loss":0},{"damage_healed":0,"gold_gain":0,"player_choice":"Fight","damage_taken":0,"max_hp_gain":0,"max_hp_loss":0,"event_name":"Colosseum","floor":28,"gold_loss":0},{"damage_healed":0,"gold_gain":0,"player_choice":"Fought Nobs","damage_taken":0,"max_hp_gain":0,"max_hp_loss":0,"event_name":"Colosseum","floor":28,"gold_loss":0},{"damage_healed":0,"gold_gain":0,"player_choice":"Fight","damage_taken":0,"max_hp_gain":0,"max_hp_loss":0,"event_name":"MindBloom","floor":36,"gold_loss":0},{"damage_healed":0,"gold_gain":0,"player_choice":"Got Potions","damage_taken":0,"max_hp_gain":0,"max_hp_loss":0,"event_name":"Lab","floor":37,"gold_loss":0},{"damage_healed":0,"gold_gain":0,"player_choice":"Forge","damage_taken":0,"max_hp_gain":0,"max_hp_loss":0,"event_name":"Accursed Blacksmith","floor":44,"gold_loss":0,"cards_upgraded":["Adrenaline"]}],"is_beta":false,"boss_relics":[{"not_picked":["Lizard Tail","Calling Bell"],"picked":"Coffee Dripper"},{"not_picked":["Cursed Key","Sozu"],"picked":"Empty Cage"}],"items_purged_floors":[19],"is_endless":false,"potions_floor_spawned":[3,8,10,16,21,28,29,30,31,36,39,40,47,48],"ascension_level":3}