{"gold_per_floor":[115,40,51,71,85,85,85,85,112,143,143,160,160,160,160,160],"floor_reached":16,"playtime":705,"items_purged":[],"score":190,"play_id":"fc12d4b5-7f51-45c2-85db-01cb7344bc30","local_time":"20181213065856","is_ascension_mode":true,"campfire_choices":[{"floor":6,"key":"REST"},{"data":"Cloak And Dagger","floor":8,"key":"SMITH"},{"data":"Neutralize","floor":11,"key":"SMITH"},{"floor":13,"key":"REST"},{"data":"Dodge and Roll","floor":15,"key":"SMITH"}],"neow_cost":"NONE","seed_source_timestamp":101391446860496,"circlet_count":0,"master_deck":["AscendersBane","Defend_G","Defend_G","Defend_G","Defend_G","Defend_G","Strike_G","Strike_G","Survivor","Neutralize+1","Dagger Spray","Cloak And Dagger+1","Infinite Blades","Dodge and Roll+1"],"relics":["Eternal Feather","Anchor","Juzu Bracelet"],"potions_floor_usage":[10],"damage_taken":[{"damage":1,"enemies":"Small Slimes","floor":1,"turns":6},{"damage":3,"enemies":"2 Louse","floor":3,"turns":2},{"damage":6,"enemies":"Cultist","floor":4,"turns":4},{"damage":46,"enemies":"Exordium Wildlife","floor":5,"turns":7},{"damage":29,"enemies":"Lagavulin","floor":10,"turns":8},{"damage":0,"enemies":"Blue Slaver","floor":12,"turns":4},{"damage":44,"enemies":"The Guardian","floor":16,"turns":15}],"seed_played":"-8881373183713181763","potions_obtained":[{"floor":5,"key":"Strength Potion"}],"is_trial":false,"path_per_floor":["M","?","M","M","M","R","?","R","T","E","R","M","R","?","R","B"],"character_chosen":"THE_SILENT","items_purchased":[],"campfire_rested":2,"item_purchase_floors":[],"current_hp_per_floor":[58,58,55,49,3,31,31,37,37,8,14,14,42,35,41,0],"gold":160,"neow_bonus":"BOSS_RELIC","is_prod":false,"is_daily":false,"chose_seed":false,"campfire_upgraded":3,"win_rate":0,"timestamp":1544673536,"path_taken":["M","?","M","M","M","R","?","R","T","E","R","M","R","?","R","BOSS"],"build_version":"2018-12-06","purchased_purges":0,"victory":false,"max_hp_per_floor":[66,66,66,66,66,66,66,66,66,66,66,66,66,66,66,66],"card_choices":[{"not_picked":["Acrobatics","Dagger Throw"],"picked":"Dagger Spray","floor":1},{"not_picked":["Slice","Catalyst","Poisoned Stab"],"picked":"SKIP","floor":3},{"not_picked":["Slice","Reflex"],"picked":"Cloak And Dagger","floor":4},{"not_picked":["Prepared","Sucker Punch"],"picked":"Infinite Blades","floor":5},{"not_picked":["Flying Knee","Bane","Blade Dance"],"picked":"SKIP","floor":10},{"not_picked":["Eviscerate","Flying Knee"],"picked":"Dodge and Roll","floor":12}],"player_experience":859143,"relics_obtained":[{"floor":9,"key":"Anchor"},{"floor":10,"key":"Juzu Bracelet"}],"event_choices":[{"cards_removed":["Strike_G"],"damage_healed":0,"gold_gain":0,"player_choice":"Card Removal","damage_taken":0,"max_hp_gain":0,"max_hp_loss":0,"event_name":"The Cleric","floor":2,"gold_loss":75},{"cards_removed":["Strike_G"],"damage_healed":0,"gold_gain":0,"player_choice":"Purged","damage_taken":0,"max_hp_gain":0,"max_hp_loss":0,"event_name":"Purifier","floor":7,"gold_loss":0},{"cards_removed":["Strike_G"],"damage_healed":0,"gold_gain":0,"player_choice":"Card Removal","damage_taken":7,"max_hp_gain":0,"max_hp_loss":0,"event_name":"Golden Wing","floor":14,"gold_loss":0}],"is_beta":false,"boss_relics":[],"items_purged_floors":[],"is_endless":false,"potions_floor_spawned":[5],"killed_by":"The Guardian","ascension_level":18}