{"gold_per_floor":[119,44,44,44,62,97,13,44,67,67,78,105,120,120,120,216,216,236,236,219,244,268,301,301,322,347,347,397,421,435,57,57,57],"floor_reached":33,"playtime":2041,"items_purged":["Strike_B"],"score":640,"play_id":"0716903d-b8b8-4dd3-a23a-aad910f9b5d5","local_time":"20190207055259","is_ascension_mode":true,"campfire_choices":[{"floor":10,"key":"REST"},{"data":"Blizzard","floor":15,"key":"SMITH"},{"floor":24,"key":"REST"},{"data":"Blizzard","floor":27,"key":"SMITH"},{"floor":32,"key":"REST"}],"neow_cost":"NONE","seed_source_timestamp":92466580141496,"circlet_count":0,"master_deck":["AscendersBane","Strike_B","Defend_B","Defend_B","Defend_B","Defend_B","Zap","Dualcast","Glacier","FTL","Buffer","Cold Snap","Blizzard+1","Chill","Machine Learning","Seek","Coolheaded","Loop","Blizzard+1","Mayhem","Loop","BootSequence"],"relics":["Cracked Core","NeowsBlessing","Lantern","The Courier","Juzu Bracelet","Art of War","Dream Catcher","Golden Idol","Inserter","FaceOfCleric","Question Card","Centennial Puzzle","Omamori"],"potions_floor_usage":[12,16,18,20,22,23,23,23,25],"damage_taken":[{"damage":0,"enemies":"Small Slimes","floor":1,"turns":1},{"damage":0,"enemies":"2 Louse","floor":5,"turns":1},{"damage":0,"enemies":"3 Sentries","floor":6,"turns":1},{"damage":25,"enemies":"Lagavulin","floor":8,"turns":10},{"damage":0,"enemies":"Cultist","floor":11,"turns":3},{"damage":0,"enemies":"Gremlin Nob","floor":12,"turns":4},{"damage":0,"enemies":"Looter","floor":13,"turns":3},{"damage":21,"enemies":"Hexaghost","floor":16,"turns":14},{"damage":2,"enemies":"Chosen","floor":18,"turns":7},{"damage":11,"enemies":"2 Thieves","floor":20,"turns":4},{"damage":9,"enemies":"Snecko","floor":21,"turns":9},{"damage":11,"enemies":"Sentry and Sphere","floor":22,"turns":8},{"damage":22,"enemies":"Gremlin Leader","floor":23,"turns":8},{"damage":1,"enemies":"3 Cultists","floor":25,"turns":4},{"damage":0,"enemies":"Snecko","floor":29,"turns":7},{"damage":22,"enemies":"Shelled Parasite and Fungi","floor":30,"turns":5},{"damage":47,"enemies":"Collector","floor":33,"turns":5}],"seed_played":"6934863193724232474","potions_obtained":[{"floor":8,"key":"Explosive Potion"},{"floor":11,"key":"Strength Potion"},{"floor":13,"key":"Dexterity Potion"},{"floor":16,"key":"PowerPotion"},{"floor":20,"key":"EntropicBrew"},{"floor":21,"key":"AttackPotion"},{"floor":23,"key":"AttackPotion"}],"is_trial":false,"path_per_floor":["M","?","?","?","M","E","$","E","T","R","M","E","M","?","R","B",null,"M","?","M","M","M","E","R","M","T","R","?","M","M","$","R","B"],"character_chosen":"DEFECT","items_purchased":["Cold Snap","Blizzard","Omamori","Mayhem","Loop"],"campfire_rested":3,"item_purchase_floors":[7,7,31,31,31],"current_hp_per_floor":[64,64,38,38,38,38,38,13,13,34,34,34,34,34,34,13,51,49,49,39,31,21,15,35,35,35,35,35,36,15,15,36,0],"gold":57,"neow_bonus":"THREE_ENEMY_KILL","is_prod":false,"is_daily":false,"chose_seed":false,"campfire_upgraded":2,"win_rate":0,"timestamp":1549507979,"path_taken":["M","?","?","?","?","E","$","E","T","R","M","E","M","?","R","BOSS","M","?","M","M","M","E","R","M","T","R","?","M","M","$","R","BOSS"],"build_version":"2019-01-23","purchased_purges":1,"victory":false,"max_hp_per_floor":[71,71,71,71,71,71,71,71,71,71,71,71,71,64,64,64,64,64,64,65,66,67,68,68,69,69,69,69,70,71,71,71,71],"card_choices":[{"not_picked":["Gash","Go for the Eyes"],"picked":"Glacier","floor":1},{"not_picked":["Hologram","Steam"],"picked":"FTL","floor":5},{"not_picked":["Redo","Leap"],"picked":"Buffer","floor":6},{"not_picked":["Static Discharge","Rebound"],"picked":"Chill","floor":8},{"not_picked":["Darkness","Consume","Steam"],"picked":"SKIP","floor":11},{"not_picked":["Steam Power","Redo"],"picked":"Machine Learning","floor":12},{"not_picked":["Streamline","Ball Lightning","Compile Driver"],"picked":"SKIP","floor":13},{"not_picked":["Reboot","Thunder Strike"],"picked":"Seek","floor":16},{"not_picked":["Turbo","Ball Lightning","Redo"],"picked":"SKIP","floor":18},{"not_picked":["Steam","Streamline","Steam Power"],"picked":"SKIP","floor":20},{"not_picked":["Compile Driver","Beam Cell"],"picked":"Coolheaded","floor":21},{"not_picked":["Steam+1","Recycle"],"picked":"Loop","floor":22},{"not_picked":["Beam Cell","Self Repair"],"picked":"Blizzard","floor":23},{"not_picked":["Gash+1","Compile Driver","Aggregate+1","Steam"],"picked":"SKIP","floor":25},{"not_picked":["Rebound","Cold Snap","Gash","Redo"],"picked":"SKIP","floor":29},{"not_picked":["Rebound","Cold Snap","Gash","Redo"],"picked":"SKIP","floor":29},{"not_picked":["Rebound","Cold Snap","Gash","Redo"],"picked":"SKIP","floor":29},{"not_picked":["Reboot","Rebound","Go for the Eyes","Compile Driver"],"picked":"SKIP","floor":30},{"not_picked":["Hologram","Force Field","Sweeping Beam+1"],"picked":"BootSequence","floor":32}],"player_experience":936999,"relics_obtained":[{"floor":6,"key":"The Courier"},{"floor":8,"key":"Juzu Bracelet"},{"floor":9,"key":"Art of War"},{"floor":12,"key":"Dream Catcher"},{"floor":23,"key":"Question Card"},{"floor":26,"key":"Centennial Puzzle"}],"event_choices":[{"cards_removed":["Strike_B"],"damage_healed":0,"gold_gain":0,"player_choice":"Card Removal","damage_taken":0,"max_hp_gain":0,"max_hp_loss":0,"event_name":"The Cleric","floor":2,"gold_loss":75},{"damage_healed":0,"gold_gain":0,"player_choice":"Success","damage_taken":26,"relics_obtained":["Lantern"],"max_hp_gain":0,"max_hp_loss":0,"event_name":"Scrap Ooze","floor":3,"gold_loss":0},{"cards_removed":["Strike_B"],"damage_healed":0,"gold_gain":0,"player_choice":"Purged","damage_taken":0,"max_hp_gain":0,"max_hp_loss":0,"event_name":"Purifier","floor":4,"gold_loss":0},{"damage_healed":0,"gold_gain":0,"player_choice":"Lose Max HP","damage_taken":0,"relics_obtained":["Golden Idol"],"max_hp_gain":0,"max_hp_loss":7,"event_name":"Golden Idol","floor":14,"gold_loss":0},{"damage_healed":0,"gold_gain":0,"player_choice":"Trade","damage_taken":0,"relics_obtained":["FaceOfCleric"],"max_hp_gain":0,"max_hp_loss":0,"event_name":"FaceTrader","floor":19,"gold_loss":0},{"damage_healed":0,"gold_gain":50,"player_choice":"Stole From Cult","damage_taken":0,"max_hp_gain":0,"max_hp_loss":0,"event_name":"Nest","floor":28,"gold_loss":0}],"is_beta":false,"boss_relics":[{"not_picked":["Runic Dome","Calling Bell"],"picked":"Inserter"}],"items_purged_floors":[31],"is_endless":false,"potions_floor_spawned":[8,11,13,16,20,21,23],"killed_by":"Collector","ascension_level":18}