{"gold_per_floor":[115,115,28,28,46,75,75,75,98,98,110,122,138,156,156,156],"floor_reached":16,"playtime":608,"items_purged":[],"score":248,"play_id":"37bf938f-47fe-4e7e-bee5-dc8a0ade1ca1","local_time":"20190225054147","is_ascension_mode":true,"campfire_choices":[{"data":"Night Terror","floor":8,"key":"SMITH"},{"floor":10,"key":"REST"},{"data":"Noxious Fumes","floor":15,"key":"SMITH"}],"neow_cost":"NONE","seed_source_timestamp":121813690336801,"circlet_count":0,"master_deck":["AscendersBane","Defend_G","Defend_G","Defend_G","Defend_G","Defend_G","Strike_G","Strike_G","Strike_G","Survivor","Neutralize","Finisher","Corpse Explosion+1","All Out Attack+1","Night Terror+1","Infinite Blades","Noxious Fumes+1"],"relics":["Ring of the Snake","NeowsBlessing","Meat on the Bone","Juzu Bracelet"],"potions_floor_usage":[14,16,16],"damage_taken":[{"damage":0,"enemies":"Jaw Worm","floor":1,"turns":1},{"damage":0,"enemies":"Small Slimes","floor":5,"turns":1},{"damage":0,"enemies":"3 Sentries","floor":6,"turns":2},{"damage":0,"enemies":"2 Louse","floor":11,"turns":2},{"damage":16,"enemies":"Red Slaver","floor":12,"turns":4},{"damage":0,"enemies":"2 Fungi Beasts","floor":13,"turns":3},{"damage":12,"enemies":"Exordium Wildlife","floor":14,"turns":3},{"damage":43,"enemies":"Slime Boss","floor":16,"turns":5}],"seed_played":"-2951413981007048185","potions_obtained":[{"floor":1,"key":"SteroidPotion"},{"floor":11,"key":"Fire Potion"},{"floor":14,"key":"Fire Potion"}],"is_trial":false,"path_per_floor":["M","?","$","?","M","E","?","R","T","R","M","M","M","M","R","B"],"character_chosen":"THE_SILENT","items_purchased":["Corpse Explosion"],"campfire_rested":1,"item_purchase_floors":[3],"current_hp_per_floor":[59,52,52,52,52,52,32,32,32,51,51,35,35,35,35,0],"gold":156,"neow_bonus":"THREE_ENEMY_KILL","is_prod":false,"is_daily":false,"chose_seed":false,"campfire_upgraded":2,"win_rate":0,"timestamp":1551062507,"path_taken":["M","?","?","?","M","E","?","R","T","R","M","M","M","M","R","BOSS"],"build_version":"2019-01-23","purchased_purges":0,"victory":false,"max_hp_per_floor":[66,66,66,66,66,66,66,66,66,66,66,66,66,66,66,66],"card_choices":[{"not_picked":["Dagger Throw","Outmaneuver"],"picked":"Finisher","floor":1},{"not_picked":["Blade Dance","Slice"],"picked":"All Out Attack","floor":5},{"not_picked":["Outmaneuver","Endless Agony"],"picked":"Night Terror","floor":6},{"not_picked":["Terror","Prepared"],"picked":"Infinite Blades","floor":11},{"not_picked":["Prepared","Flying Knee","Catalyst"],"picked":"SKIP","floor":12},{"not_picked":["Blade Dance","Reflex"],"picked":"Noxious Fumes","floor":13},{"not_picked":["Underhanded Strike","Dagger Throw","All Out Attack"],"picked":"SKIP","floor":14}],"player_experience":994383,"relics_obtained":[{"floor":6,"key":"Meat on the Bone"},{"floor":9,"key":"Juzu Bracelet"}],"event_choices":[{"cards_removed":["Strike_G"],"damage_healed":0,"gold_gain":0,"player_choice":"Card Removal","damage_taken":7,"max_hp_gain":0,"max_hp_loss":0,"event_name":"Golden Wing","floor":2,"gold_loss":0},{"cards_removed":["Strike_G"],"damage_healed":0,"gold_gain":0,"player_choice":"Forget","damage_taken":0,"max_hp_gain":0,"max_hp_loss":0,"event_name":"Living Wall","floor":4,"gold_loss":0},{"damage_healed":0,"gold_gain":0,"player_choice":"Entered Light","damage_taken":20,"max_hp_gain":0,"max_hp_loss":0,"event_name":"Shining Light","floor":7,"gold_loss":0,"cards_upgraded":["All Out Attack","Corpse Explosion"]}],"is_beta":false,"boss_relics":[],"items_purged_floors":[],"is_endless":false,"potions_floor_spawned":[1,11,13,14],"killed_by":"Slime Boss","ascension_level":19}