{"gold_per_floor":[367,111,126,126,136,136,149,149,149,74,3,36,36,65,65,65],"floor_reached":16,"playtime":611,"items_purged":["Regret"],"score":189,"play_id":"3e141015-6640-47ac-b852-8822c4c9c2b5","local_time":"20181126221355","is_ascension_mode":true,"campfire_choices":[{"data":"Zap","floor":6,"key":"SMITH"},{"floor":8,"key":"REST"},{"floor":13,"key":"REST"},{"floor":15,"key":"REST"}],"neow_cost":"PERCENT_DAMAGE","seed_source_timestamp":68129569979359,"circlet_count":0,"master_deck":["AscendersBane","Strike_B","Strike_B","Strike_B","Strike_B","Defend_B","Defend_B","Defend_B","Defend_B","Zap+1","Dualcast","Capacitor","Ball Lightning"],"relics":["Cracked Core","Singing Bowl","Gremlin Horn","Centennial Puzzle","Bronze Scales","Mummified Hand"],"potions_floor_usage":[12,14],"damage_taken":[{"damage":0,"enemies":"Small Slimes","floor":1,"turns":2},{"damage":8,"enemies":"Jaw Worm","floor":3,"turns":4},{"damage":2,"enemies":"Cultist","floor":5,"turns":2},{"damage":11,"enemies":"Red Slaver","floor":7,"turns":3},{"damage":50,"enemies":"3 Sentries","floor":12,"turns":9},{"damage":25,"enemies":"Lagavulin","floor":14,"turns":5},{"damage":26,"enemies":"Hexaghost","floor":16,"turns":7}],"seed_played":"-153328158210623680","potions_obtained":[{"floor":5,"key":"SneckoOil"},{"floor":7,"key":"Ancient Potion"},{"floor":12,"key":"Explosive Potion"}],"is_trial":false,"path_per_floor":["M","$","M","?","M","R","M","R","T","$","?","E","R","E","R","B"],"character_chosen":"DEFECT","items_purchased":["Singing Bowl"],"campfire_rested":3,"item_purchase_floors":[2],"current_hp_per_floor":[46,46,38,38,38,38,29,51,51,51,51,3,26,3,26,0],"gold":65,"neow_bonus":"TWO_FIFTY_GOLD","is_prod":false,"is_daily":false,"chose_seed":false,"campfire_upgraded":1,"win_rate":0,"timestamp":1543259635,"path_taken":["M","$","M","?","M","R","M","R","T","$","?","E","R","E","R","BOSS"],"build_version":"2018-11-15","purchased_purges":1,"victory":false,"max_hp_per_floor":[71,71,71,71,73,73,75,75,75,75,75,77,77,79,79,79],"card_choices":[{"not_picked":["Beam Cell","Stack"],"picked":"Capacitor","floor":1},{"not_picked":["Sweeping Beam","Darkness"],"picked":"Ball Lightning","floor":3},{"not_picked":["Conserve Battery","Go for the Eyes","Hologram"],"picked":"Singing Bowl","floor":5},{"not_picked":["All For One","Go for the Eyes","Redo"],"picked":"Singing Bowl","floor":7},{"not_picked":["Biased Cognition","Streamline","Lockon"],"picked":"Singing Bowl","floor":12},{"not_picked":["Stack","Aggregate","Barrage"],"picked":"Singing Bowl","floor":14}],"player_experience":752694,"relics_obtained":[{"floor":9,"key":"Centennial Puzzle"},{"floor":12,"key":"Bronze Scales"},{"floor":14,"key":"Mummified Hand"}],"event_choices":[{"damage_healed":0,"gold_gain":0,"player_choice":"Box","damage_taken":0,"relics_obtained":["Gremlin Horn"],"max_hp_gain":0,"max_hp_loss":0,"event_name":"Big Fish","floor":4,"gold_loss":0,"cards_obtained":["Regret"]},{"damage_healed":0,"gold_gain":0,"player_choice":"Left Gold","damage_taken":0,"max_hp_gain":0,"max_hp_loss":0,"event_name":"World of Goop","floor":11,"gold_loss":71}],"is_beta":false,"boss_relics":[],"items_purged_floors":[10],"is_endless":false,"potions_floor_spawned":[5,7,12],"killed_by":"Hexaghost","ascension_level":15}