{"gold_per_floor":[116,116,116,134,152,183,183,219,296,296,314,314,352,366,366,497,497,515,515,515,504,200,231,244,244,244,244,256,256,128,141,141,246,246,256,274,274,294,93,93,43,69,69,89,102,452,452,462,462,462,462,462,38,66,66],"floor_reached":55,"playtime":3668,"items_purged":["Strike_G","Strike_G","Defend_G","Defend_G","Defend_G"],"score":869,"play_id":"a2fb7236-cf89-4045-9ab4-078043c70d2a","local_time":"20190520233724","is_ascension_mode":true,"campfire_choices":[{"data":"Crippling Poison","floor":7.0,"key":"SMITH"},{"floor":10.0,"key":"REST"},{"floor":15.0,"key":"REST"},{"floor":25.0,"key":"REST"},{"data":"RitualDagger","floor":27.0,"key":"SMITH"},{"data":"Backflip","floor":29.0,"key":"SMITH"},{"floor":32.0,"key":"REST"},{"floor":40.0,"key":"REST"},{"floor":47.0,"key":"RECALL"},{"floor":49.0,"key":"REST"},{"data":"Adrenaline","floor":52.0,"key":"SMITH"}],"neow_cost":"NONE","seed_source_timestamp":116377097020000,"circlet_count":0,"master_deck":["Defend_G","Defend_G","Strike_G+1","Survivor","Neutralize+1","Crippling Poison+1","Finisher","Slice","Flechettes","Bullet Time","Poisoned Stab","Cloak And Dagger","Backflip+1","Cloak And Dagger","Malaise","Cloak And Dagger","RitualDagger+1","Accuracy+1","Infinite Blades+1","Dash","Riddle With Holes","Backflip+1","PiercingWail","Slice+1","Well Laid Plans+1","Adrenaline+1","Calculated Gamble","Burst+1","Accuracy+1","Riddle With Holes","Finisher+1","Night Terror","Parasite","Leg Sweep","Predator"],"special_seed":0,"relics":["Ring of the Snake","Bloody Idol","Incense Burner","Whetstone","Frozen Egg 2","Shuriken","Empty Cage","Question Card","Smiling Mask","Snecko Eye","Bronze Scales","Old Coin","Kunai","Art of War"],"potions_floor_usage":[55,55,55],"damage_taken":[{"damage":0.0,"enemies":"2 Louse","floor":1.0,"turns":4.0},{"damage":8.0,"enemies":"Small Slimes","floor":4.0,"turns":4.0},{"damage":2.0,"enemies":"Cultist","floor":5.0,"turns":6.0},{"damage":27.0,"enemies":"Gremlin Nob","floor":6.0,"turns":5.0},{"damage":23.0,"enemies":"3 Sentries","floor":8.0,"turns":10.0},{"damage":4.0,"enemies":"Blue Slaver","floor":11.0,"turns":3.0},{"damage":6.0,"enemies":"Lagavulin","floor":13.0,"turns":6.0},{"damage":3.0,"enemies":"Looter","floor":14.0,"turns":3.0},{"damage":20.0,"enemies":"Slime Boss","floor":16.0,"turns":11.0},{"damage":4.0,"enemies":"3 Byrds","floor":18.0,"turns":4.0},{"damage":8.0,"enemies":"2 Thieves","floor":21.0,"turns":4.0},{"damage":19.0,"enemies":"Gremlin Leader","floor":23.0,"turns":7.0},{"damage":27.0,"enemies":"Snake Plant","floor":24.0,"turns":6.0},{"damage":19.0,"enemies":"3 Cultists","floor":28.0,"turns":7.0},{"damage":19.0,"enemies":"Cultist and Chosen","floor":31.0,"turns":6.0},{"damage":24.0,"enemies":"Champ","floor":33.0,"turns":11.0},{"damage":1.0,"enemies":"Orb Walker","floor":35.0,"turns":3.0},{"damage":0.0,"enemies":"3 Shapes","floor":36.0,"turns":3.0},{"damage":30.0,"enemies":"Sphere and 2 Shapes","floor":38.0,"turns":8.0},{"damage":0.0,"enemies":"Nemesis","floor":42.0,"turns":7.0},{"damage":15.0,"enemies":"Transient","floor":44.0,"turns":5.0},{"damage":30.0,"enemies":"Jaw Worm Horde","floor":45.0,"turns":3.0},{"damage":0.0,"enemies":"2 Orb Walkers","floor":46.0,"turns":3.0},{"damage":12.0,"enemies":"Writhing Mass","floor":48.0,"turns":6.0},{"damage":49.0,"enemies":"Time Eater","floor":50.0,"turns":13.0},{"damage":48.0,"enemies":"Shield and Spear","floor":54.0,"turns":5.0},{"damage":33,"enemies":"The Heart","floor":55,"turns":3}],"seed_played":"-2690105366957613038","potions_obtained":[{"floor":1.0,"key":"SpeedPotion"},{"floor":6.0,"key":"SkillPotion"},{"floor":8.0,"key":"Dexterity Potion"},{"floor":11.0,"key":"Strength Potion"},{"floor":16.0,"key":"SkillPotion"},{"floor":23.0,"key":"SteroidPotion"},{"floor":31.0,"key":"Dexterity Potion"},{"floor":36.0,"key":"Strength Potion"},{"floor":46.0,"key":"SteroidPotion"}],"is_trial":false,"path_per_floor":["M","?","?","M","M","E","R","E","T","R","M","?","E","M","R","B",null,"M","?","?","M","$","E","M","R","T","R","M","R","$","M","R","B",null,"M","M","?","M","$","R","$","E","T","M","M","?","R","M","R","B",null,"R","$","E","B"],"character_chosen":"THE_SILENT","items_purchased":["Infinite Blades+1","Dash","Riddle With Holes","Well Laid Plans+1","Accuracy+1","Riddle With Holes","Kunai","Swift Potion","Predator"],"campfire_rested":6,"item_purchase_floors":[22,22,22,30,39,39,53,53,53],"current_hp_per_floor":[77,82,76,68,66,39,39,16,16,38,34,34,28,25,47,27,76,72,66,66,68,68,54,32,54,54,54,40,40,40,26,48,29,76,76,76,76,51,51,73,73,76,76,66,41,51,51,44,66,17,76,76,76,33,0],"gold":66,"neow_bonus":"TEN_PERCENT_HP_BONUS","is_prod":false,"is_daily":false,"chose_seed":false,"campfire_upgraded":4,"win_rate":0,"timestamp":1558413444,"path_taken":["M","?","?","M","M","E","R","E","T","R","M","?","E","?","R","BOSS","M","?","?","M","$","E","M","R","T","R","M","R","?","M","R","BOSS","M","M","?","M","$","R","$","E","T","?","M","?","R","M","R","BOSS","R","$","E","BOSS"],"build_version":"2019-01-23","purchased_purges":5,"victory":false,"max_hp_per_floor":[77,82,76,76,76,76,76,76,76,76,76,76,76,76,76,76,76,76,76,76,76,76,76,76,76,76,76,76,76,76,76,76,76,76,76,76,76,76,76,76,76,76,76,76,76,76,76,76,76,76,76,76,76,76,76],"card_choices":[{"not_picked":["Flechettes","Backflip"],"picked":"Crippling Poison","floor":1.0},{"not_picked":["Leg Sweep","Reflex"],"picked":"Finisher","floor":4.0},{"not_picked":["Dodge and Roll","Predator"],"picked":"Slice","floor":5.0},{"not_picked":["Underhanded Strike","All Out Attack"],"picked":"Flechettes","floor":6.0},{"not_picked":["Setup","Prepared"],"picked":"Bullet Time","floor":8.0},{"not_picked":["Bane","Dagger Spray"],"picked":"Poisoned Stab","floor":11.0},{"not_picked":["Flechettes","Sucker Punch"],"picked":"Backflip","floor":13.0},{"not_picked":["Outmaneuver","All Out Attack"],"picked":"Cloak And Dagger","floor":14.0},{"not_picked":["Venomology","Grand Finale"],"picked":"Malaise","floor":16.0},{"not_picked":["Bane","Deflect"],"picked":"Cloak And Dagger","floor":18.0},{"not_picked":["Predator","Slice"],"picked":"Accuracy+1","floor":21.0},{"not_picked":["Dodge and Roll","Slice+1"],"picked":"Backflip+1","floor":23.0},{"not_picked":["Predator","Bouncing Flask+1","Acrobatics"],"picked":"PiercingWail","floor":24.0},{"not_picked":["Dodge and Roll","Quick Slash","Leg Sweep"],"picked":"Slice+1","floor":28.0},{"not_picked":["Quick Slash","Concentrate","Endless Agony","Crippling Poison+1"],"picked":"SKIP","floor":31.0},{"not_picked":["After Image+1","Malaise","Storm of Steel"],"picked":"Adrenaline","floor":33.0},{"not_picked":["Underhanded Strike","Backflip+1","Dagger Spray+1"],"picked":"Calculated Gamble","floor":35.0},{"not_picked":["Endless Agony","Bane","Escape Plan+1"],"picked":"Burst","floor":36.0},{"not_picked":["Skewer","Backflip+1","Reflex","Bane+1"],"picked":"SKIP","floor":38.0},{"not_picked":["Terror","Heel Hook","Outmaneuver+1"],"picked":"Finisher+1","floor":42.0},{"not_picked":["Choke+1","Flying Knee+1","Concentrate+1"],"picked":"Night Terror","floor":44.0},{"not_picked":["Sucker Punch+1","Flying Knee+1","Slice","Poisoned Stab+1"],"picked":"SKIP","floor":45.0},{"not_picked":["Cloak And Dagger+1","Blade Dance","Backflip+1"],"picked":"Leg Sweep","floor":48.0},{"not_picked":["Corpse Explosion","Dodge and Roll+1","Setup+1","Expertise+1"],"picked":"SKIP","floor":54.0}],"player_experience":207015,"relics_obtained":[{"floor":6.0,"key":"Incense Burner"},{"floor":8.0,"key":"Whetstone"},{"floor":9.0,"key":"Frozen Egg 2"},{"floor":13.0,"key":"Shuriken"},{"floor":23.0,"key":"Question Card"},{"floor":26.0,"key":"Smiling Mask"},{"floor":42.0,"key":"Bronze Scales"},{"floor":46.0,"key":"Old Coin"},{"floor":54.0,"key":"Art of War"}],"event_choices":[{"damage_healed":0.0,"max_hp_gain":5.0,"max_hp_loss":0.0,"gold_gain":0.0,"event_name":"Big Fish","player_choice":"Donut","floor":2.0,"gold_loss":0.0,"damage_taken":0.0},{"damage_healed":0.0,"max_hp_gain":0.0,"max_hp_loss":6.0,"gold_gain":0.0,"event_name":"Golden Idol","player_choice":"Lose Max HP","floor":3.0,"gold_loss":0.0,"damage_taken":0.0,"relics_obtained":["Golden Idol"]},{"damage_healed":0.0,"max_hp_gain":0.0,"max_hp_loss":0.0,"gold_gain":0.0,"event_name":"Match and Keep!","player_choice":"1 cards matched","floor":12.0,"gold_loss":0.0,"damage_taken":0.0,"cards_obtained":["Cloak And Dagger"]},{"damage_healed":0.0,"max_hp_gain":0.0,"max_hp_loss":0.0,"gold_gain":0.0,"event_name":"Nest","player_choice":"Joined the Cult","floor":19.0,"gold_loss":0.0,"damage_taken":6.0,"cards_obtained":["RitualDagger"]},{"damage_healed":0.0,"max_hp_gain":0.0,"max_hp_loss":0.0,"gold_gain":0.0,"event_name":"Forgotten Altar","player_choice":"Gave Idol","floor":20.0,"relics_lost":["Golden Idol"],"gold_loss":0.0,"damage_taken":0.0,"relics_obtained":["Bloody Idol"]},{"damage_healed":0.0,"max_hp_gain":0.0,"max_hp_loss":0.0,"gold_gain":0.0,"event_name":"Upgrade Shrine","player_choice":"Upgraded","floor":37.0,"gold_loss":0.0,"damage_taken":0.0,"cards_upgraded":["Burst"]},{"damage_healed":0.0,"max_hp_gain":0.0,"max_hp_loss":0.0,"gold_gain":0.0,"event_name":"Mysterious Sphere","player_choice":"Fight","floor":46.0,"gold_loss":0.0,"damage_taken":0.0}],"is_beta":false,"boss_relics":[{"not_picked":["Sozu","Lizard Tail"],"picked":"Empty Cage"},{"not_picked":["Ring of the Serpent","Fusion Hammer"],"picked":"Snecko Eye"}],"items_purged_floors":[22,30,39,41,53],"is_endless":false,"potions_floor_spawned":[1,6,8,11,16,18,23,31,36,38,45,46,48,54],"killed_by":"The Heart","ascension_level":3}