{"gold_per_floor":[110,124,124,124,124,124,150,150,202,214,246,291,303,325,337,423,435,464,495,507,519],"floor_reached":21,"playtime":1138,"items_purged":[],"score":413,"play_id":"83e19df7-b359-4f48-b784-90a151393eba","local_time":"20190225061518","is_ascension_mode":true,"campfire_choices":[{"data":"1","floor":6,"key":"LIFT"},{"data":"2","floor":8,"key":"LIFT"},{"data":"Finisher","floor":10,"key":"SMITH"},{"data":"3","floor":13,"key":"LIFT"},{"floor":15,"key":"REST"}],"neow_cost":"NONE","seed_source_timestamp":123293979859937,"circlet_count":0,"master_deck":["AscendersBane","Defend_G","Defend_G","Defend_G","Defend_G","Defend_G","Strike_G","Strike_G","Strike_G","Strike_G","Survivor","Neutralize","Terror","Blur","Finisher+1","Burst","Tools of the Trade","Dagger Throw"],"relics":["Ring of the Snake","NeowsBlessing","Girya","Calipers","MawBank","Matryoshka","Cursed Key"],"potions_floor_usage":[21],"damage_taken":[{"damage":0,"enemies":"Cultist","floor":1,"turns":1},{"damage":0,"enemies":"2 Louse","floor":2,"turns":1},{"damage":0,"enemies":"Gremlin Nob","floor":7,"turns":1},{"damage":0,"enemies":"Small Slimes","floor":11,"turns":3},{"damage":30,"enemies":"3 Sentries","floor":12,"turns":9},{"damage":1,"enemies":"Looter","floor":14,"turns":4},{"damage":10,"enemies":"The Guardian","floor":16,"turns":12},{"damage":27,"enemies":"Shell Parasite","floor":18,"turns":5},{"damage":22,"enemies":"Spheric Guardian","floor":19,"turns":7},{"damage":15,"enemies":"Chosen and Byrds","floor":21,"turns":3}],"seed_played":"-8784722268939653529","potions_obtained":[{"floor":2,"key":"EssenceOfSteel"},{"floor":12,"key":"Fire Potion"},{"floor":14,"key":"GamblersBrew"}],"is_trial":false,"path_per_floor":["M","M","?","?","?","R","E","R","T","R","M","E","R","M","R","B",null,"M","M","$","M"],"character_chosen":"THE_SILENT","items_purchased":[],"campfire_rested":1,"item_purchase_floors":[],"current_hp_per_floor":[59,59,59,54,54,54,54,54,54,54,54,24,24,23,42,32,58,31,9,9,0],"gold":519,"neow_bonus":"THREE_ENEMY_KILL","is_prod":false,"is_daily":false,"chose_seed":false,"campfire_upgraded":1,"win_rate":0,"timestamp":1551064518,"path_taken":["M","?","?","?","?","R","E","R","T","R","M","E","R","M","R","BOSS","M","?","$","M"],"build_version":"2019-01-23","purchased_purges":0,"victory":false,"max_hp_per_floor":[66,66,66,66,66,66,66,66,66,66,66,66,66,66,66,66,66,66,66,66,66],"card_choices":[{"not_picked":["Flying Knee","Prepared"],"picked":"Terror","floor":1},{"not_picked":["Reflex","Bane"],"picked":"Blur","floor":2},{"not_picked":["Acrobatics","Eviscerate"],"picked":"Finisher","floor":7},{"not_picked":["Sucker Punch","Slice","Bouncing Flask"],"picked":"SKIP","floor":11},{"not_picked":["Terror","Slice"],"picked":"Burst","floor":12},{"not_picked":["Prepared","Outmaneuver","Unload"],"picked":"SKIP","floor":14},{"not_picked":["Grand Finale","Envenom"],"picked":"Tools of the Trade","floor":16},{"not_picked":["Skewer","Poisoned Stab","Quick Slash"],"picked":"SKIP","floor":18},{"not_picked":["Masterful Stab+1","PiercingWail"],"picked":"Dagger Throw","floor":19}],"player_experience":995810,"relics_obtained":[{"floor":9,"key":"MawBank"},{"floor":12,"key":"Matryoshka"}],"event_choices":[{"cards_removed":["Strike_G"],"damage_healed":0,"gold_gain":0,"player_choice":"Forget","damage_taken":0,"max_hp_gain":0,"max_hp_loss":0,"event_name":"Living Wall","floor":3,"gold_loss":0},{"damage_healed":0,"gold_gain":0,"player_choice":"Success","damage_taken":5,"relics_obtained":["Girya"],"max_hp_gain":0,"max_hp_loss":0,"event_name":"Scrap Ooze","floor":4,"gold_loss":0},{"damage_healed":0,"gold_gain":0,"player_choice":"Gave Potion","damage_taken":0,"relics_obtained":["Calipers"],"max_hp_gain":0,"max_hp_loss":0,"event_name":"WeMeetAgain","floor":5,"gold_loss":0}],"is_beta":false,"boss_relics":[{"not_picked":["Sozu","Tiny House"],"picked":"Cursed Key"}],"items_purged_floors":[],"is_endless":false,"potions_floor_spawned":[2,12,14,19],"killed_by":"Chosen and Byrds","ascension_level":19}