{"gold_per_floor":[112,131,151,326,22,56,56,70,97,97],"floor_reached":10,"playtime":344,"items_purged":[],"score":95,"play_id":"341c2754-fb66-4d42-8176-48c286e3e928","local_time":"20190407214452","is_ascension_mode":true,"campfire_choices":[{"floor":7,"key":"REST"}],"neow_cost":"PERCENT_DAMAGE","seed_source_timestamp":268138065842179,"circlet_count":0,"master_deck":["Defend_G","Defend_G","Defend_G","Defend_G","Defend_G","Strike_G","Strike_G","Strike_G","Strike_G","Strike_G","Survivor","Neutralize","Skewer","Poisoned Stab","Heel Hook","Doubt","Acrobatics","Footwork"],"relics":["Ring of the Snake","Unceasing Top","Bag of Marbles","Blood Vial"],"potions_floor_usage":[6,10],"damage_taken":[{"damage":0,"enemies":"2 Louse","floor":1,"turns":2},{"damage":1,"enemies":"Jaw Worm","floor":2,"turns":4},{"damage":8,"enemies":"Small Slimes","floor":3,"turns":3},{"damage":34,"enemies":"3 Sentries","floor":6,"turns":12},{"damage":4,"enemies":"Blue Slaver","floor":8,"turns":7},{"damage":57,"enemies":"Gremlin Nob","floor":10,"turns":5}],"seed_played":"-757376517053413241","potions_obtained":[{"floor":1,"key":"Fire Potion"},{"floor":3,"key":"Weak Potion"}],"is_trial":false,"path_per_floor":["M","M","M","?","$","E","R","M","T","E"],"character_chosen":"THE_SILENT","items_purchased":["Unceasing Top"],"campfire_rested":1,"item_purchase_floors":[5],"current_hp_per_floor":[59,58,50,50,50,16,41,37,37,0],"gold":97,"neow_bonus":"TWENTY_PERCENT_HP_BONUS","is_prod":false,"is_daily":false,"chose_seed":false,"campfire_upgraded":0,"win_rate":0,"timestamp":1554691492,"path_taken":["M","M","M","?","?","E","R","M","T","E"],"build_version":"2019-01-23","purchased_purges":0,"victory":false,"max_hp_per_floor":[84,84,84,84,84,84,84,84,84,84],"card_choices":[{"not_picked":["Reflex","Underhanded Strike"],"picked":"Skewer","floor":1},{"not_picked":["Choke","Slice"],"picked":"Poisoned Stab","floor":2},{"not_picked":["Endless Agony","Setup"],"picked":"Heel Hook","floor":3},{"not_picked":["Finisher","Setup"],"picked":"Acrobatics","floor":6},{"not_picked":["Backflip","Malaise"],"picked":"Footwork","floor":8}],"player_experience":407947,"relics_obtained":[{"floor":6,"key":"Bag of Marbles"},{"floor":9,"key":"Blood Vial"}],"event_choices":[{"damage_healed":0,"gold_gain":175,"player_choice":"AGREE","damage_taken":0,"max_hp_gain":0,"max_hp_loss":0,"event_name":"Liars Game","floor":4,"gold_loss":0,"cards_obtained":["Doubt"]}],"is_beta":false,"boss_relics":[],"items_purged_floors":[],"is_endless":false,"potions_floor_spawned":[1,3],"killed_by":"Gremlin Nob","ascension_level":8}