{"gold_per_floor":[112,112,187,210,223,259,280,303,329,53,66,66,104,140,140,269,269,282,296,296,395,414,414,434,467,491,514,514],"floor_reached":28,"playtime":1722,"items_purged":["Strike_G"],"score":316,"play_id":"e610c83a-b853-4a41-a987-17fc55a04774","local_time":"20190521232240","is_ascension_mode":true,"campfire_choices":[{"floor":15.0,"key":"REST"},{"floor":23,"key":"REST"}],"neow_cost":"NONE","seed_source_timestamp":203888472439700,"circlet_count":0,"master_deck":["Defend_G","Defend_G","Defend_G","Defend_G","Defend_G","Strike_G","Strike_G","Strike_G","Strike_G","Survivor","Neutralize","Backflip","Infinite Blades","Storm of Steel","PiercingWail","Skewer","Backflip","Blade Dance","Blur+1","Grand Finale","PiercingWail+1","Acrobatics+1","Dodge and Roll+1","Acrobatics","Leg Sweep+1","Pain"],"special_seed":0,"relics":["Ring of the Snake","NeowsBlessing","Golden Idol","Centennial Puzzle","Boot","Blood Vial","ClockworkSouvenir","Odd Mushroom","Oddly Smooth Stone","Cursed Key","Frozen Egg 2","War Paint"],"potions_floor_usage":[16,16,16,22,24,25,25],"damage_taken":[{"damage":0.0,"enemies":"Small Slimes","floor":1.0,"turns":1.0},{"damage":0.0,"enemies":"Jaw Worm","floor":5.0,"turns":1.0},{"damage":0.0,"enemies":"Gremlin Nob","floor":6.0,"turns":1.0},{"damage":0.0,"enemies":"Cultist","floor":7.0,"turns":3.0},{"damage":14.0,"enemies":"Lots of Slimes","floor":8.0,"turns":4.0},{"damage":6.0,"enemies":"Blue Slaver","floor":11.0,"turns":4.0},{"damage":7.0,"enemies":"The Mushroom Lair","floor":13.0,"turns":5.0},{"damage":14.0,"enemies":"Lagavulin","floor":14.0,"turns":6.0},{"damage":22,"enemies":"Hexaghost","floor":16,"turns":11},{"damage":19,"enemies":"Shell Parasite","floor":18,"turns":7},{"damage":15,"enemies":"Spheric Guardian","floor":19,"turns":7},{"damage":12,"enemies":"Snake Plant","floor":22,"turns":5},{"damage":3,"enemies":"Cultist and Chosen","floor":24,"turns":6},{"damage":13,"enemies":"Slavers","floor":25,"turns":7},{"damage":5,"enemies":"Chosen and Byrds","floor":27,"turns":8},{"damage":22,"enemies":"Book of Stabbing","floor":28,"turns":8}],"seed_played":"1585024851310755395","potions_obtained":[{"floor":5.0,"key":"Swift Potion"},{"floor":7.0,"key":"FearPotion"},{"floor":8.0,"key":"Strength Potion"},{"floor":14.0,"key":"Regen Potion"},{"floor":16,"key":"Weak Potion"},{"floor":19,"key":"SkillPotion"},{"floor":22,"key":"Explosive Potion"},{"floor":24,"key":"Block Potion"},{"floor":27,"key":"Explosive Potion"}],"is_trial":false,"path_per_floor":["M","?","?","T","M","E","M","M","T","$","M","$","?","E","R","B",null,"M","M","?","?","M","R","M","E","T","M","E"],"character_chosen":"THE_SILENT","items_purchased":["ClockworkSouvenir"],"campfire_rested":2,"item_purchase_floors":[10],"current_hp_per_floor":[70,53,42,42,42,42,42,28,28,28,24,24,19,7,28,23,70,51,38,38,38,28,49,48,37,37,34,14],"gold":514,"neow_bonus":"THREE_ENEMY_KILL","is_prod":false,"is_daily":false,"chose_seed":false,"campfire_upgraded":0,"win_rate":0,"timestamp":1558498960,"path_taken":["M","?","?","?","?","E","M","M","T","?","M","$","?","E","R","BOSS","M","M","?","?","M","R","M","E","T","M","E"],"build_version":"2019-01-23","purchased_purges":1,"victory":false,"max_hp_per_floor":[70,70,70,70,70,70,70,70,70,70,70,70,70,70,70,70,70,70,70,70,70,70,70,70,70,70,70,70],"card_choices":[{"not_picked":["Quick Slash","Expertise"],"picked":"Backflip","floor":1.0},{"not_picked":["Flechettes","Flying Knee"],"picked":"Infinite Blades","floor":5.0},{"not_picked":["Setup","Cloak And Dagger"],"picked":"Storm of Steel","floor":6.0},{"not_picked":["Quick Slash","Dagger Spray"],"picked":"PiercingWail","floor":7.0},{"not_picked":["Tactician","Bane"],"picked":"Skewer","floor":8.0},{"not_picked":["PiercingWail","Cloak And Dagger"],"picked":"Backflip","floor":11.0},{"not_picked":["Choke","Flying Knee"],"picked":"Blade Dance","floor":13.0},{"not_picked":["Outmaneuver","Prepared"],"picked":"Blur","floor":14.0},{"not_picked":["Venomology","After Image"],"picked":"Grand Finale","floor":16},{"not_picked":["Bane+1","Quick Slash"],"picked":"PiercingWail+1","floor":18},{"not_picked":["Masterful Stab","Dodge and Roll"],"picked":"Acrobatics+1","floor":19},{"not_picked":["Dagger Throw","Slice+1"],"picked":"Dodge and Roll","floor":22},{"not_picked":["Eviscerate","Dagger Spray"],"picked":"Acrobatics","floor":24},{"not_picked":["Distraction","Predator"],"picked":"Leg Sweep+1","floor":25},{"not_picked":["Acrobatics","Eviscerate","Burst"],"picked":"SKIP","floor":27}],"player_experience":212742,"relics_obtained":[{"floor":4.0,"key":"Centennial Puzzle"},{"floor":6.0,"key":"Boot"},{"floor":9.0,"key":"Blood Vial"},{"floor":13.0,"key":"Odd Mushroom"},{"floor":14.0,"key":"Oddly Smooth Stone"},{"floor":25,"key":"Frozen Egg 2"},{"floor":26,"key":"War Paint"}],"event_choices":[{"damage_healed":0.0,"max_hp_gain":0.0,"max_hp_loss":0.0,"gold_gain":0.0,"event_name":"Golden Idol","player_choice":"Take Damage","floor":2.0,"gold_loss":0.0,"damage_taken":17.0,"relics_obtained":["Golden Idol"]},{"damage_healed":0.0,"max_hp_gain":0.0,"max_hp_loss":0.0,"gold_gain":75.0,"event_name":"World of Goop","player_choice":"Gather Gold","floor":3.0,"gold_loss":0.0,"damage_taken":11.0},{"damage_healed":0.0,"max_hp_gain":0.0,"max_hp_loss":0.0,"gold_gain":0.0,"event_name":"Mushrooms","player_choice":"Fought Mushrooms","floor":13.0,"gold_loss":0.0,"damage_taken":0.0},{"damage_healed":0,"gold_gain":0,"player_choice":"Ignored","damage_taken":0,"max_hp_gain":0,"max_hp_loss":0,"event_name":"Cursed Tome","floor":20,"gold_loss":0},{"damage_healed":0,"gold_gain":99,"player_choice":"Stole From Cult","damage_taken":0,"max_hp_gain":0,"max_hp_loss":0,"event_name":"Nest","floor":21,"gold_loss":0}],"is_beta":false,"boss_relics":[{"not_picked":["Ectoplasm","Calling Bell"],"picked":"Cursed Key"}],"items_purged_floors":[10],"is_endless":false,"potions_floor_spawned":[5,7,8,14,16,19,22,24,27],"killed_by":"Book of Stabbing","ascension_level":3}