{"gold_per_floor":[111,127,127,202,202,227,242,242,242,21,34,209,219,245,245,341,391,410,509,532,60,77,77,94,94,175,175,205,205,231,257,257,257],"floor_reached":33,"playtime":778,"items_purged":["Pain","Doubt"],"score":492,"play_id":"c2ce5ffb-352c-48e9-b583-7ade8b1bccbd","local_time":"20190407220339","is_ascension_mode":true,"campfire_choices":[{"data":"PiercingWail","floor":15,"key":"SMITH"},{"data":"Apotheosis","floor":23,"key":"SMITH"},{"data":"Burst","floor":25,"key":"SMITH"},{"data":"Terror","floor":32,"key":"SMITH"}],"neow_cost":"NONE","seed_source_timestamp":268830705542600,"circlet_count":0,"master_deck":["Defend_G","Defend_G","Defend_G","Defend_G","Defend_G","Strike_G","Strike_G","Strike_G","Strike_G","Strike_G","Survivor","Neutralize+1","Deflect","Deadly Poison","PiercingWail+1","Deadly Poison","Deadly Poison","Glass Knife","Burst+1","Deadly Poison","Deadly Poison+1","Apotheosis+1","Poisoned Stab","All Out Attack","Acrobatics","Terror+1"],"relics":["Ring of the Snake","NeowsBlessing","Ancient Tea Set","WarpedTongs","Mercury Hourglass","Anchor","Paper Crane","Tiny House","Centennial Puzzle","Toolbox","Meat on the Bone","MutagenicStrength","Bottled Flame","PreservedInsect","Pear"],"potions_floor_usage":[24,28,33],"damage_taken":[{"damage":0,"enemies":"2 Louse","floor":1,"turns":1},{"damage":0,"enemies":"Cultist","floor":2,"turns":1},{"damage":0,"enemies":"Lagavulin","floor":6,"turns":1},{"damage":0,"enemies":"Jaw Worm","floor":7,"turns":4},{"damage":1,"enemies":"Large Slime","floor":11,"turns":6},{"damage":0,"enemies":"Exordium Thugs","floor":13,"turns":4},{"damage":30,"enemies":"Gremlin Nob","floor":14,"turns":4},{"damage":8,"enemies":"Hexaghost","floor":16,"turns":9},{"damage":0,"enemies":"Shell Parasite","floor":18,"turns":5},{"damage":15,"enemies":"2 Thieves","floor":22,"turns":4},{"damage":0,"enemies":"3 Cultists","floor":24,"turns":4},{"damage":12,"enemies":"Slavers","floor":28,"turns":4},{"damage":3,"enemies":"Book of Stabbing","floor":31,"turns":4},{"damage":63,"enemies":"Collector","floor":33,"turns":7}],"seed_played":"-6720475348351432215","potions_obtained":[{"floor":6,"key":"Explosive Potion"},{"floor":13,"key":"Block Potion"},{"floor":14,"key":"Explosive Potion"},{"floor":16,"key":"Poison Potion"},{"floor":17,"key":"AttackPotion"},{"floor":31,"key":"FearPotion"}],"is_trial":false,"path_per_floor":["M","M","$","?","$","E","M","?","T","$","M","?","M","E","R","B",null,"M","?","T","$","M","R","M","R","T","?","E","?","T","E","R","B"],"character_chosen":"THE_SILENT","items_purchased":["Anchor","Apotheosis","Toolbox"],"campfire_rested":0,"item_purchase_floors":[10,21,21],"current_hp_per_floor":[63,63,63,52,52,52,52,52,52,52,51,51,51,21,21,13,61,61,61,61,61,46,46,46,46,46,46,46,46,46,53,53,0],"gold":257,"neow_bonus":"THREE_ENEMY_KILL","is_prod":false,"is_daily":false,"chose_seed":false,"campfire_upgraded":4,"win_rate":0,"timestamp":1554692619,"path_taken":["M","M","$","?","$","E","M","?","T","$","?","?","M","E","R","BOSS","M","?","?","?","?","R","M","R","T","?","E","?","?","E","R","BOSS"],"build_version":"2019-01-23","purchased_purges":2,"victory":false,"max_hp_per_floor":[70,70,70,70,70,70,70,70,70,70,70,70,70,70,70,70,75,75,75,75,75,75,75,75,75,75,75,75,75,75,85,85,85],"card_choices":[{"not_picked":["Bane","Quick Slash"],"picked":"Deflect","floor":1},{"not_picked":["Bouncing Flask","Outmaneuver"],"picked":"Deadly Poison","floor":2},{"not_picked":["Eviscerate","Wraith Form v2","Predator"],"picked":"SKIP","floor":6},{"not_picked":["Skewer","Prepared"],"picked":"PiercingWail","floor":7},{"not_picked":["Bane","Endless Agony"],"picked":"Deadly Poison","floor":11},{"not_picked":["Tactician","Underhanded Strike"],"picked":"Deadly Poison","floor":13},{"not_picked":["Choke","Acrobatics"],"picked":"Glass Knife","floor":14},{"not_picked":["Envenom","Storm of Steel"],"picked":"Burst","floor":16},{"not_picked":["Masterful Stab","Underhanded Strike"],"picked":"Deadly Poison","floor":17},{"not_picked":["Dodge and Roll","Deflect+1"],"picked":"Deadly Poison+1","floor":18},{"not_picked":["Caltrops","Dodge and Roll"],"picked":"Poisoned Stab","floor":22},{"not_picked":["Infinite Blades","Flying Knee"],"picked":"All Out Attack","floor":24},{"not_picked":["Choke","Slice+1"],"picked":"Acrobatics","floor":28},{"not_picked":["Quick Slash","Eviscerate"],"picked":"Terror","floor":31}],"player_experience":408616,"relics_obtained":[{"floor":6,"key":"Ancient Tea Set"},{"floor":9,"key":"Mercury Hourglass"},{"floor":14,"key":"Paper Crane"},{"floor":20,"key":"Centennial Puzzle"},{"floor":26,"key":"Meat on the Bone"},{"floor":28,"key":"Bottled Flame"},{"floor":30,"key":"PreservedInsect"},{"floor":31,"key":"Pear"}],"event_choices":[{"damage_healed":0,"gold_gain":75,"player_choice":"Gather Gold","damage_taken":11,"max_hp_gain":0,"max_hp_loss":0,"event_name":"World of Goop","floor":4,"gold_loss":0},{"damage_healed":0,"gold_gain":0,"player_choice":"Rummage","damage_taken":0,"relics_obtained":["WarpedTongs"],"max_hp_gain":0,"max_hp_loss":0,"event_name":"Accursed Blacksmith","floor":8,"gold_loss":0,"cards_obtained":["Pain"]},{"damage_healed":0,"gold_gain":175,"player_choice":"AGREE","damage_taken":0,"max_hp_gain":0,"max_hp_loss":0,"event_name":"Liars Game","floor":12,"gold_loss":0,"cards_obtained":["Doubt"]},{"damage_healed":0,"gold_gain":99,"player_choice":"Stole From Cult","damage_taken":0,"max_hp_gain":0,"max_hp_loss":0,"event_name":"Nest","floor":19,"gold_loss":0},{"damage_healed":0,"gold_gain":0,"player_choice":"Inject Mutagens","damage_taken":0,"relics_obtained":["MutagenicStrength"],"max_hp_gain":0,"max_hp_loss":0,"event_name":"Drug Dealer","floor":27,"gold_loss":0},{"damage_healed":0,"gold_gain":0,"player_choice":"Ignored","damage_taken":0,"max_hp_gain":0,"max_hp_loss":0,"event_name":"Vampires","floor":29,"gold_loss":0}],"is_beta":false,"boss_relics":[{"not_picked":["HoveringKite","Pandora\u0027s Box"],"picked":"Tiny House"}],"items_purged_floors":[10,21],"is_endless":false,"potions_floor_spawned":[6,13,14,16,31],"killed_by":"Collector","ascension_level":8}