{"gold_per_floor":[113,113,38,63,78,78,99,122,202,216,216,240,284,284,284,378,378,403,403,187,187,210,210,251,231,231,231],"floor_reached":27,"playtime":1611,"items_purged":["Injury"],"score":454,"play_id":"36a58a6e-0062-4e21-857d-99b5f444ca6f","local_time":"20190411161713","is_ascension_mode":true,"campfire_choices":[{"data":"Sunder","floor":6.0,"key":"SMITH"},{"floor":11.0,"key":"REST"},{"data":"Zap","floor":15.0,"key":"SMITH"},{"floor":23.0,"key":"REST"}],"neow_cost":"PERCENT_DAMAGE","seed_source_timestamp":0,"circlet_count":0,"master_deck":["AscendersBane","Strike_B","Strike_B","Defend_B","Defend_B","Defend_B","Defend_B","Zap+1","Dualcast","Auto Shields","Ball Lightning","Sunder+1","Chill","Hologram","Creative AI"],"special_seed":0,"relics":["Cracked Core","Bird Faced Urn","Golden Idol","Gremlin Horn","Pocketwatch","White Beast Statue","Toy Ornithopter","PreservedInsect","Symbiotic Virus"],"potions_floor_usage":[27],"damage_taken":[{"damage":0.0,"enemies":"2 Louse","floor":1.0,"turns":2.0},{"damage":0.0,"enemies":"Small Slimes","floor":4.0,"turns":3.0},{"damage":0.0,"enemies":"Cultist","floor":5.0,"turns":2.0},{"damage":2.0,"enemies":"Looter","floor":7.0,"turns":3.0},{"damage":5.0,"enemies":"Gremlin Gang","floor":8.0,"turns":4.0},{"damage":0.0,"enemies":"3 Louse","floor":10.0,"turns":3.0},{"damage":0.0,"enemies":"Large Slime","floor":12.0,"turns":4.0},{"damage":18.0,"enemies":"3 Sentries","floor":13.0,"turns":7.0},{"damage":26.0,"enemies":"The Guardian","floor":16.0,"turns":12.0},{"damage":27.0,"enemies":"Chosen","floor":18.0,"turns":6.0},{"damage":4.0,"enemies":"3 Byrds","floor":22.0,"turns":5.0},{"damage":81.0,"enemies":"Gremlin Leader","floor":24.0,"turns":9.0},{"damage":9,"enemies":"3 Cultists","floor":27,"turns":4}],"seed_played":"5366511232744475070","potions_obtained":[{"floor":5.0,"key":"PowerPotion"},{"floor":7.0,"key":"FocusPotion"},{"floor":18.0,"key":"Fire Potion"},{"floor":22.0,"key":"Block Potion"},{"floor":24.0,"key":"LiquidBronze"},{"floor":25.0,"key":"GamblersBrew"}],"is_trial":false,"path_per_floor":["M","?","$","M","M","R","M","M","T","M","R","M","E","?","R","B",null,"M","?","$","?","M","R","E","?","T","M"],"character_chosen":"DEFECT","items_purchased":["Toy Ornithopter"],"campfire_rested":2,"item_purchase_floors":[20],"current_hp_per_floor":[46,46,46,46,46,46,44,39,39,39,60,60,42,35,35,9,56,41,41,41,41,53,71,3,3,3,0],"gold":231,"neow_bonus":"ONE_RARE_RELIC","is_prod":false,"is_daily":false,"chose_seed":false,"campfire_upgraded":2,"win_rate":0,"timestamp":1554988633,"path_taken":["M","?","$","M","M","R","M","M","T","M","R","M","E","?","R","BOSS","M","?","$","?","?","R","E","?","T","M"],"build_version":"2019-01-23","purchased_purges":1,"victory":false,"max_hp_per_floor":[71,71,71,71,71,71,71,71,71,71,71,71,71,71,71,71,71,71,71,71,71,71,71,71,71,71,71],"card_choices":[{"not_picked":["Streamline","Leap"],"picked":"Auto Shields","floor":1.0},{"not_picked":["Barrage","Compile Driver"],"picked":"Ball Lightning","floor":4.0},{"not_picked":["Gash","Conserve Battery"],"picked":"Sunder","floor":5.0},{"not_picked":["Rebound","Chaos","Steam"],"picked":"SKIP","floor":7.0},{"not_picked":["Reprogram","Stack"],"picked":"Chill","floor":8.0},{"not_picked":["Rebound","Coolheaded","Redo"],"picked":"SKIP","floor":10.0},{"not_picked":["Beam Cell","Streamline","Compile Driver"],"picked":"SKIP","floor":12.0},{"not_picked":["Multi-Cast","Streamline"],"picked":"Hologram","floor":13.0},{"not_picked":["Echo Form","Core Surge"],"picked":"Creative AI","floor":16.0},{"not_picked":["Go for the Eyes","Stack","Turbo"],"picked":"SKIP","floor":18.0},{"not_picked":["Cold Snap","Consume","Skim"],"picked":"SKIP","floor":22.0},{"not_picked":["Leap","Steam Power","All For One"],"picked":"SKIP","floor":24.0}],"player_experience":1039325,"relics_obtained":[{"floor":9.0,"key":"Gremlin Horn"},{"floor":13.0,"key":"Pocketwatch"},{"floor":24.0,"key":"PreservedInsect"},{"floor":26.0,"key":"Symbiotic Virus"}],"event_choices":[{"damage_healed":0.0,"max_hp_gain":0.0,"max_hp_loss":0.0,"gold_gain":0.0,"event_name":"Golden Idol","player_choice":"Take Wound","floor":2.0,"gold_loss":0.0,"damage_taken":0.0,"relics_obtained":["Golden Idol"],"cards_obtained":["Injury"]},{"cards_removed":["Strike_B"],"damage_healed":0.0,"max_hp_gain":0.0,"max_hp_loss":0.0,"gold_gain":0.0,"event_name":"Golden Wing","player_choice":"Card Removal","floor":14.0,"gold_loss":0.0,"damage_taken":7.0},{"cards_removed":["Strike_B"],"damage_healed":0.0,"max_hp_gain":0.0,"max_hp_loss":0.0,"gold_gain":0.0,"event_name":"Back to Basics","player_choice":"Elegance","floor":19.0,"gold_loss":0.0,"damage_taken":0.0},{"damage_healed":0.0,"max_hp_gain":0.0,"max_hp_loss":0.0,"gold_gain":0.0,"event_name":"N\u0027loth","player_choice":"Ignored","floor":21.0,"gold_loss":0.0,"damage_taken":0.0},{"damage_healed":0.0,"max_hp_gain":0.0,"max_hp_loss":0.0,"gold_gain":0.0,"event_name":"The Woman in Blue","player_choice":"Bought 1 Potion","floor":25.0,"gold_loss":0.0,"damage_taken":0.0}],"is_beta":false,"boss_relics":[{"not_picked":["Black Star","Runic Dome"],"picked":"White Beast Statue"}],"items_purged_floors":[3],"is_endless":false,"potions_floor_spawned":[5,7,12,18,22,24],"killed_by":"3 Cultists","ascension_level":19}