{"gold_per_floor":[117,117,131,28,43,70,83,83,106,117,117,133,158,169,169,169],"floor_reached":16,"playtime":2455,"items_purged":[],"score":120,"play_id":"2afd206a-c89a-4519-ac24-abcb0560d4a8","local_time":"20190504152912","is_ascension_mode":true,"campfire_choices":[{"data":"Body Slam","floor":8,"key":"SMITH"},{"data":"True Grit","floor":11,"key":"SMITH"},{"data":"Corruption","floor":15,"key":"SMITH"}],"neow_cost":"NONE","seed_source_timestamp":1385901664455000,"circlet_count":0,"master_deck":["Strike_R+1","Strike_R","Strike_R","Strike_R","Defend_R","Defend_R","Defend_R","Defend_R","Bash","True Grit+1","Feel No Pain","Havoc","Burning Pact","Body Slam+1","Headbutt","Wild Strike+1","Pommel Strike","Corruption+1","Armaments"],"relics":["Burning Blood","Bag of Preparation","Whetstone","Centennial Puzzle"],"potions_floor_usage":[7,10,13,16],"damage_taken":[{"damage":4,"enemies":"2 Louse","floor":1,"turns":4},{"damage":0,"enemies":"Cultist","floor":3,"turns":4},{"damage":1,"enemies":"Small Slimes","floor":5,"turns":5},{"damage":34,"enemies":"3 Sentries","floor":6,"turns":16},{"damage":20,"enemies":"3 Louse","floor":7,"turns":8},{"damage":16,"enemies":"Exordium Thugs","floor":10,"turns":6},{"damage":0,"enemies":"Blue Slaver","floor":12,"turns":3},{"damage":20,"enemies":"Lagavulin","floor":13,"turns":8},{"damage":0,"enemies":"2 Fungi Beasts","floor":14,"turns":4},{"damage":38,"enemies":"Slime Boss","floor":16,"turns":9}],"seed_played":"2028030971002241191","potions_obtained":[{"floor":5,"key":"Strength Potion"},{"floor":6,"key":"SpeedPotion"},{"floor":7,"key":"Energy Potion"},{"floor":12,"key":"Weak Potion"}],"is_trial":false,"path_per_floor":["M","?","M","$","M","E","M","R","T","M","R","M","E","M","R","B"],"character_chosen":"IRONCLAD","items_purchased":["Havoc","Burning Pact"],"campfire_rested":0,"item_purchase_floors":[4,4],"current_hp_per_floor":[88,88,88,88,88,60,46,46,46,36,36,42,28,34,34,0],"gold":169,"neow_bonus":"TEN_PERCENT_HP_BONUS","is_prod":false,"is_daily":false,"chose_seed":false,"campfire_upgraded":3,"win_rate":0,"timestamp":1557001752,"path_taken":["M","?","M","$","?","E","M","R","T","M","R","M","E","M","R","BOSS"],"build_version":"2019-01-23","purchased_purges":0,"victory":false,"max_hp_per_floor":[88,88,88,88,88,88,88,88,88,88,88,88,88,88,88,88],"card_choices":[{"not_picked":["Seeing Red","Blood for Blood"],"picked":"True Grit","floor":1},{"not_picked":["Metallicize","Sword Boomerang"],"picked":"Feel No Pain","floor":3},{"not_picked":["Clothesline","Power Through"],"picked":"Body Slam","floor":5},{"not_picked":["Havoc","Shrug It Off"],"picked":"Headbutt","floor":6},{"not_picked":["Rage","Searing Blow"],"picked":"Wild Strike","floor":7},{"not_picked":["Combust","Iron Wave","Body Slam"],"picked":"SKIP","floor":10},{"not_picked":["Burning Pact","Cleave"],"picked":"Pommel Strike","floor":12},{"not_picked":["Disarm","Thunderclap"],"picked":"Corruption","floor":13},{"not_picked":["Hemokinesis","Iron Wave"],"picked":"Armaments","floor":14}],"player_experience":98240,"relics_obtained":[{"floor":6,"key":"Bag of Preparation"},{"floor":9,"key":"Whetstone"},{"floor":13,"key":"Centennial Puzzle"}],"event_choices":[{"cards_removed":["Strike_R"],"damage_healed":0,"gold_gain":0,"player_choice":"Offered Basic","damage_taken":0,"max_hp_gain":0,"max_hp_loss":0,"event_name":"Bonfire Elementals","floor":2,"gold_loss":0}],"is_beta":false,"boss_relics":[],"items_purged_floors":[],"is_endless":false,"potions_floor_spawned":[5,6,7,12],"killed_by":"Slime Boss","ascension_level":1}