{"gold_per_floor":[111,67,67,67,83,111,111,36,36,49,65,65,15,42,42,121,121,138,115,165,165,165],"floor_reached":22,"playtime":1919,"items_purged":[],"score":434,"play_id":"c7b3dfdc-6a59-415c-8e26-200570c497a5","local_time":"20190504205322","is_ascension_mode":true,"campfire_choices":[{"data":"Dash","floor":12.0,"key":"SMITH"},{"data":"Concentrate","floor":15,"key":"SMITH"}],"neow_cost":"NONE","seed_source_timestamp":0,"circlet_count":0,"master_deck":["AscendersBane","Defend_G","Defend_G","Defend_G","Defend_G","Defend_G","Strike_G","Strike_G","Strike_G","Strike_G","Survivor","Neutralize","Noxious Fumes+1","Burst","Dash+1","Predator","Concentrate+1","Bullet Time","Cloak And Dagger","Acrobatics","Accuracy"],"special_seed":0,"relics":["Ring of the Snake","NeowsBlessing","Thread and Needle","Bag of Marbles","Dodecahedron","Shuriken","Orrery"],"potions_floor_usage":[16],"damage_taken":[{"damage":0.0,"enemies":"Cultist","floor":1.0,"turns":1.0},{"damage":0.0,"enemies":"Small Slimes","floor":5.0,"turns":1.0},{"damage":0.0,"enemies":"Lagavulin","floor":6.0,"turns":1.0},{"damage":3.0,"enemies":"Jaw Worm","floor":10.0,"turns":5.0},{"damage":0.0,"enemies":"2 Fungi Beasts","floor":11.0,"turns":4.0},{"damage":6.0,"enemies":"Gremlin Nob","floor":14.0,"turns":4.0},{"damage":37,"enemies":"Hexaghost","floor":16,"turns":13},{"damage":8,"enemies":"Shell Parasite","floor":18,"turns":7},{"damage":16,"enemies":"2 Thieves","floor":19,"turns":4},{"damage":31,"enemies":"Centurion and Healer","floor":22,"turns":11}],"seed_played":"-4698170179750816153","potions_obtained":[{"floor":5.0,"key":"SkillPotion"},{"floor":11.0,"key":"SpeedPotion"},{"floor":18,"key":"SteroidPotion"}],"is_trial":false,"path_per_floor":["M","$","$","?","M","E","T","?","T","M","M","R","?","E","R","B",null,"M","M","?","$","M"],"character_chosen":"THE_SILENT","items_purchased":["Noxious Fumes"],"campfire_rested":0,"item_purchase_floors":[2],"current_hp_per_floor":[59,59,59,59,59,59,59,59,59,56,56,56,56,50,50,13,53,45,29,29,29,0],"gold":165,"neow_bonus":"THREE_ENEMY_KILL","is_prod":false,"is_daily":false,"chose_seed":false,"campfire_upgraded":2,"win_rate":0,"timestamp":1556992402,"path_taken":["M","?","$","?","?","E","?","?","T","M","M","R","?","E","R","BOSS","M","M","?","$","M"],"build_version":"2019-01-23","purchased_purges":0,"victory":false,"max_hp_per_floor":[66,66,66,66,66,66,66,66,66,66,66,66,66,66,66,66,66,66,66,66,66,66],"card_choices":[{"not_picked":["Outmaneuver","Bane","Dagger Spray"],"picked":"SKIP","floor":1.0},{"not_picked":["Crippling Poison","Prepared"],"picked":"Burst","floor":5.0},{"not_picked":["Prepared","Underhanded Strike"],"picked":"Dash","floor":6.0},{"not_picked":["Poisoned Stab","Slice","Dagger Spray"],"picked":"SKIP","floor":10.0},{"not_picked":["Dagger Spray","Deflect"],"picked":"Predator","floor":11.0},{"not_picked":["Noxious Fumes","Underhanded Strike"],"picked":"Concentrate","floor":14},{"not_picked":["Glass Knife","Burst"],"picked":"Bullet Time","floor":16},{"not_picked":["Poisoned Stab","Quick Slash"],"picked":"Cloak And Dagger","floor":17},{"not_picked":["Flying Knee","Heel Hook"],"picked":"Acrobatics","floor":17},{"not_picked":["Finisher","Flying Knee"],"picked":"Accuracy","floor":18},{"not_picked":["Acrobatics","Poisoned Stab","Prepared"],"picked":"SKIP","floor":19}],"player_experience":1093892,"relics_obtained":[{"floor":6.0,"key":"Thread and Needle"},{"floor":7.0,"key":"Bag of Marbles"},{"floor":9.0,"key":"Dodecahedron"},{"floor":14,"key":"Shuriken"}],"event_choices":[{"damage_healed":0.0,"max_hp_gain":0.0,"max_hp_loss":0.0,"gold_gain":0.0,"event_name":"Upgrade Shrine","player_choice":"Upgraded","floor":4.0,"gold_loss":0.0,"damage_taken":0.0,"cards_upgraded":["Noxious Fumes"]},{"cards_removed":["Strike_G"],"damage_healed":0.0,"max_hp_gain":0.0,"max_hp_loss":0.0,"gold_gain":0.0,"event_name":"The Cleric","player_choice":"Card Removal","floor":8.0,"gold_loss":75.0,"damage_taken":0.0},{"damage_healed":0.0,"max_hp_gain":0.0,"max_hp_loss":0.0,"gold_gain":0.0,"event_name":"World of Goop","player_choice":"Left Gold","floor":13.0,"gold_loss":50.0,"damage_taken":0.0},{"damage_healed":0,"gold_gain":50,"player_choice":"Stole From Cult","damage_taken":0,"max_hp_gain":0,"max_hp_loss":0,"event_name":"Nest","floor":20,"gold_loss":0}],"is_beta":false,"boss_relics":[{"not_picked":["Coffee Dripper","Fusion Hammer"],"picked":"Orrery"}],"items_purged_floors":[],"is_endless":false,"potions_floor_spawned":[5,11,18],"killed_by":"Centurion and Healer","ascension_level":20}