{"gold_per_floor":[116,116,116,131,145,175,103,103,103,103,136,136,161,196,196,320,320,341,341,341,357,380,380,424,75,126,126,126],"floor_reached":28,"playtime":2505,"items_purged":[],"score":267,"play_id":"507a723c-2fa7-44db-9dcd-acd9088a5f9c","local_time":"20190501125808","is_ascension_mode":true,"campfire_choices":[{"data":"Flex","floor":10.0,"key":"SMITH"},{"data":"Cleave","floor":12.0,"key":"SMITH"},{"floor":15.0,"key":"REST"},{"data":"Corruption","floor":23,"key":"SMITH"},{"floor":27,"key":"REST"}],"neow_cost":"NONE","seed_source_timestamp":0,"circlet_count":0,"master_deck":["Strike_R","Strike_R","Strike_R","Strike_R+1","Defend_R","Defend_R","Defend_R+1","Defend_R","Bash+1","Sever Soul","Feel No Pain","Cleave+1","Twin Strike","Flex+1","Shrug It Off","Evolve","Havoc","Corruption+1","Exhume","Havoc","Armaments","Feel No Pain+1","Warcry+1","Dark Embrace","Panache"],"special_seed":0,"relics":["Burning Blood","Gambling Chip","Golden Idol","Matryoshka","Champion Belt","WingedGreaves","Mark of Pain","Omamori","Orichalcum"],"potions_floor_usage":[28],"damage_taken":[{"damage":3.0,"enemies":"Small Slimes","floor":1.0,"turns":4.0},{"damage":0.0,"enemies":"Cultist","floor":4.0,"turns":3.0},{"damage":2.0,"enemies":"2 Louse","floor":5.0,"turns":3.0},{"damage":31.0,"enemies":"Lagavulin","floor":6.0,"turns":6.0},{"damage":30.0,"enemies":"3 Sentries","floor":11.0,"turns":6.0},{"damage":5.0,"enemies":"Blue Slaver","floor":13.0,"turns":3.0},{"damage":21.0,"enemies":"Gremlin Nob","floor":14.0,"turns":4.0},{"damage":16.0,"enemies":"Hexaghost","floor":16.0,"turns":9.0},{"damage":6,"enemies":"3 Byrds","floor":18,"turns":5},{"damage":14,"enemies":"Chosen","floor":21,"turns":7},{"damage":37,"enemies":"Snake Plant","floor":22,"turns":6},{"damage":17,"enemies":"Book of Stabbing","floor":24,"turns":6},{"damage":42,"enemies":"Slavers","floor":28,"turns":4}],"seed_played":"-6954383649970878818","potions_obtained":[{"floor":1.0,"key":"Strength Potion"},{"floor":14.0,"key":"FearPotion"},{"floor":16.0,"key":"Ancient Potion"},{"floor":22,"key":"GamblersBrew"}],"is_trial":false,"path_per_floor":["M","?","?","M","M","E","$","?","T","R","E","R","M","E","R","B",null,"M","?","?","M","M","R","E","$","T","R","E"],"character_chosen":"IRONCLAD","items_purchased":["Flex","Shrug It Off","Dark Embrace","Panache"],"campfire_rested":2,"item_purchase_floors":[7,7,25,25],"current_hp_per_floor":[80,64,64,70,74,49,49,49,49,49,25,25,26,11,33,23,74,74,74,67,59,28,28,17,17,17,39,0],"gold":126,"neow_bonus":"UPGRADE_CARD","is_prod":false,"is_daily":false,"chose_seed":false,"campfire_upgraded":3,"win_rate":0,"timestamp":1556733488,"path_taken":["M","?","?","?","M","E","$","?","T","R","E","R","M","E","R","BOSS","M","?","?","M","?","R","E","?","T","R","E"],"build_version":"2019-01-23","purchased_purges":0,"victory":false,"max_hp_per_floor":[80,80,80,80,80,80,80,74,74,74,74,74,74,74,74,74,74,74,74,74,74,74,74,74,74,74,74,74],"card_choices":[{"not_picked":["Flex","Ghostly Armor"],"picked":"Sever Soul","floor":1.0},{"not_picked":["Second Wind","Thunderclap"],"picked":"Feel No Pain","floor":4.0},{"not_picked":["Pommel Strike","Heavy Blade"],"picked":"Cleave","floor":5.0},{"not_picked":["Warcry","Seeing Red"],"picked":"Twin Strike","floor":6.0},{"not_picked":["Clothesline","Feel No Pain"],"picked":"Evolve","floor":11.0},{"not_picked":["Juggernaut","True Grit"],"picked":"Havoc","floor":13.0},{"not_picked":["Clothesline","Havoc"],"picked":"Corruption","floor":14.0},{"not_picked":["Feed","Dark Embrace"],"picked":"Exhume","floor":16.0},{"not_picked":["Uppercut","Anger"],"picked":"Havoc","floor":18},{"not_picked":["Iron Wave","Sword Boomerang+1"],"picked":"Armaments","floor":21},{"not_picked":["Clothesline","Sword Boomerang"],"picked":"Feel No Pain+1","floor":22},{"not_picked":["Pommel Strike+1","True Grit"],"picked":"Warcry+1","floor":24}],"player_experience":73738,"relics_obtained":[{"floor":6.0,"key":"Gambling Chip"},{"floor":9.0,"key":"Matryoshka"},{"floor":11.0,"key":"Champion Belt"},{"floor":14.0,"key":"WingedGreaves"},{"floor":24,"key":"Omamori"},{"floor":26,"key":"Orichalcum"}],"event_choices":[{"damage_healed":0.0,"max_hp_gain":0.0,"max_hp_loss":0.0,"gold_gain":0.0,"event_name":"Shining Light","player_choice":"Entered Light","floor":2.0,"gold_loss":0.0,"damage_taken":16.0,"cards_upgraded":["Strike_R","Defend_R"]},{"cards_removed":["Strike_R"],"damage_healed":0.0,"max_hp_gain":0.0,"max_hp_loss":0.0,"gold_gain":0.0,"event_name":"Purifier","player_choice":"Purged","floor":3.0,"gold_loss":0.0,"damage_taken":0.0},{"damage_healed":0.0,"max_hp_gain":0.0,"max_hp_loss":6.0,"gold_gain":0.0,"event_name":"Golden Idol","player_choice":"Lose Max HP","floor":8.0,"gold_loss":0.0,"damage_taken":0.0,"relics_obtained":["Golden Idol"]},{"damage_healed":0,"gold_gain":0,"player_choice":"Ignored","damage_taken":0,"max_hp_gain":0,"max_hp_loss":0,"event_name":"Ghosts","floor":19,"gold_loss":0},{"damage_healed":0,"gold_gain":0,"player_choice":"","damage_taken":7,"max_hp_gain":0,"max_hp_loss":0,"event_name":"Knowing Skull","floor":20,"potions_obtained":[],"gold_loss":0,"cards_obtained":[]}],"is_beta":false,"boss_relics":[{"not_picked":["Philosopher\u0027s Stone","Busted Crown"],"picked":"Mark of Pain"}],"items_purged_floors":[],"is_endless":false,"potions_floor_spawned":[1,14,16,22],"killed_by":"Slavers","ascension_level":1}