{"gold_per_floor":[119,137,155,170,185,185,195,195,218,218,248,248,248,267,267,367,367,385,300,27,27,39,39],"floor_reached":23,"playtime":1163,"items_purged":["Strike_R"],"score":251,"play_id":"3929bd00-a3a6-4644-90df-3843dee7b1aa","local_time":"20190516221100","is_ascension_mode":true,"campfire_choices":[{"data":"Feed","floor":6.0,"key":"SMITH"},{"data":"Uppercut","floor":8.0,"key":"SMITH"},{"floor":10.0,"key":"REST"},{"data":"Metallicize","floor":12.0,"key":"SMITH"},{"data":"Carnage","floor":15.0,"key":"SMITH"}],"neow_cost":"NONE","seed_source_timestamp":530484930649600,"circlet_count":0,"master_deck":["Strike_R","Strike_R","Strike_R","Strike_R","Defend_R","Defend_R","Defend_R","Defend_R","Bash","Berserk","Burning Pact","Carnage+1","Uppercut+1","Feed+1","Whirlwind","Sentinel","Havoc","Demon Form","Iron Wave+1","Sentinel","Shrug It Off"],"special_seed":0,"relics":["Burning Blood","Regal Pillow","Sundial","Black Star","Omamori","Brimstone"],"potions_floor_usage":[23],"damage_taken":[{"damage":4.0,"enemies":"Cultist","floor":1.0,"turns":3.0},{"damage":9.0,"enemies":"2 Louse","floor":2.0,"turns":3.0},{"damage":6.0,"enemies":"Small Slimes","floor":3.0,"turns":3.0},{"damage":8.0,"enemies":"Looter","floor":4.0,"turns":4.0},{"damage":37.0,"enemies":"Lots of Slimes","floor":5.0,"turns":4.0},{"damage":15.0,"enemies":"Red Slaver","floor":7.0,"turns":3.0},{"damage":9.0,"enemies":"Lagavulin","floor":11.0,"turns":7.0},{"damage":15.0,"enemies":"Gremlin Gang","floor":14.0,"turns":4.0},{"damage":62.0,"enemies":"Hexaghost","floor":16.0,"turns":9.0},{"damage":48.0,"enemies":"Shell Parasite","floor":18.0,"turns":6.0},{"damage":32.0,"enemies":"2 Thieves","floor":22.0,"turns":3.0},{"damage":9,"enemies":"Gremlin Leader","floor":23,"turns":1}],"seed_played":"3333010135692242210","potions_obtained":[{"floor":1.0,"key":"SpeedPotion"},{"floor":3.0,"key":"LiquidBronze"},{"floor":11.0,"key":"AttackPotion"},{"floor":14.0,"key":"EntropicBrew"},{"floor":22.0,"key":"Dexterity Potion"}],"is_trial":false,"path_per_floor":["M","M","M","M","M","R","M","R","T","R","E","R","?","M","R","B",null,"M","?","$","?","M","E"],"character_chosen":"IRONCLAD","items_purchased":["Brimstone"],"campfire_rested":1,"item_purchase_floors":[20],"current_hp_per_floor":[74,71,71,69,38,38,33,33,33,73,70,70,84,79,79,23,72,34,34,34,34,8,0],"gold":39,"neow_bonus":"ONE_RANDOM_RARE_CARD","is_prod":false,"is_daily":false,"chose_seed":false,"campfire_upgraded":4,"win_rate":0,"timestamp":1558062660,"path_taken":["M","?","M","?","M","R","M","R","T","R","E","R","?","?","R","BOSS","M","?","$","?","M","E"],"build_version":"2019-01-23","purchased_purges":1,"victory":false,"max_hp_per_floor":[80,80,80,80,80,80,84,84,84,84,84,84,84,88,88,88,88,92,92,92,92,92,92],"card_choices":[{"not_picked":["Perfected Strike","Headbutt"],"picked":"Burning Pact","floor":1.0},{"not_picked":["Headbutt","Body Slam"],"picked":"Carnage","floor":2.0},{"not_picked":["Reckless Charge","Sever Soul"],"picked":"Uppercut","floor":3.0},{"not_picked":["Intimidate","Clothesline"],"picked":"Metallicize","floor":4.0},{"not_picked":["Clothesline","Warcry"],"picked":"Feed","floor":5.0},{"not_picked":["Rampage","Body Slam"],"picked":"Whirlwind","floor":7.0},{"not_picked":["Infernal Blade","Clothesline"],"picked":"Sentinel","floor":11.0},{"not_picked":["Rampage","Headbutt"],"picked":"Havoc","floor":14.0},{"not_picked":["Offering","Feed"],"picked":"Demon Form","floor":16.0},{"not_picked":["Rupture","Shockwave+1"],"picked":"Iron Wave+1","floor":18.0},{"not_picked":["Iron Wave","Twin Strike"],"picked":"Shrug It Off","floor":22.0}],"player_experience":194758,"relics_obtained":[{"floor":9.0,"key":"Regal Pillow"},{"floor":11.0,"key":"Sundial"}],"event_choices":[{"cards_removed":["Metallicize"],"damage_healed":14.0,"max_hp_gain":0.0,"max_hp_loss":0.0,"gold_gain":0.0,"event_name":"Bonfire Elementals","player_choice":"Offered Uncommon","floor":13.0,"gold_loss":0.0,"damage_taken":0.0},{"damage_healed":0.0,"max_hp_gain":0.0,"max_hp_loss":0.0,"gold_gain":0.0,"event_name":"Addict","player_choice":"Obtained Relic","floor":19.0,"gold_loss":85.0,"damage_taken":0.0,"relics_obtained":["Omamori"]},{"damage_healed":0.0,"max_hp_gain":0.0,"max_hp_loss":0.0,"gold_gain":0.0,"event_name":"Duplicator","player_choice":"Copied","floor":21.0,"gold_loss":0.0,"damage_taken":0.0,"cards_obtained":["Sentinel"]}],"is_beta":false,"boss_relics":[{"not_picked":["Runic Cube","Philosopher\u0027s Stone"],"picked":"Black Star"}],"items_purged_floors":[20],"is_endless":false,"potions_floor_spawned":[1,3,11,14,22],"killed_by":"Gremlin Leader","ascension_level":6}