{"gold_per_floor":[16,32,49,63,63,89,89,162,162,193,209,209,209,223,223,320,320,300,300,319,330,174,174],"floor_reached":23,"playtime":2330,"items_purged":[],"score":309,"play_id":"493ec585-056a-45f8-9916-13d5fc066990","local_time":"20190407213900","is_ascension_mode":true,"campfire_choices":[{"data":"Leg Sweep","floor":7,"key":"SMITH"},{"data":"Catalyst","floor":13,"key":"SMITH"},{"floor":15,"key":"REST"}],"neow_cost":"NO_GOLD","seed_source_timestamp":265799116697949,"circlet_count":0,"master_deck":["Defend_G","Defend_G","Defend_G","Defend_G","Defend_G","Strike_G","Strike_G","Strike_G","Survivor","Neutralize","Outmaneuver","Dash","Leg Sweep+1","Heel Hook","Deadly Poison","Deadly Poison","Catalyst+1","Backstab","Footwork+1","Poisoned Stab","Adrenaline","Bane","Deflect+1","Distraction+1","Dagger Throw","Deadly Poison+1"],"relics":["Ring of the Snake","Orichalcum","Sundial","Prayer Wheel","Empty Cage","Lantern"],"potions_floor_usage":[6,21],"damage_taken":[{"damage":0,"enemies":"2 Louse","floor":1,"turns":3},{"damage":4,"enemies":"Small Slimes","floor":2,"turns":4},{"damage":0,"enemies":"Cultist","floor":3,"turns":5},{"damage":15,"enemies":"Large Slime","floor":4,"turns":9},{"damage":15,"enemies":"3 Sentries","floor":6,"turns":12},{"damage":18,"enemies":"Gremlin Nob","floor":10,"turns":7},{"damage":8,"enemies":"Exordium Wildlife","floor":11,"turns":4},{"damage":2,"enemies":"Gremlin Gang","floor":14,"turns":6},{"damage":11,"enemies":"The Guardian","floor":16,"turns":12},{"damage":17,"enemies":"2 Thieves","floor":18,"turns":4},{"damage":17,"enemies":"Shell Parasite","floor":20,"turns":5},{"damage":13,"enemies":"Snecko","floor":21,"turns":5},{"damage":31,"enemies":"Gremlin Leader","floor":23,"turns":8}],"seed_played":"6565436249429757216","potions_obtained":[{"floor":2,"key":"Fire Potion"},{"floor":3,"key":"Weak Potion"},{"floor":4,"key":"SkillPotion"},{"floor":11,"key":"SkillPotion"},{"floor":18,"key":"Dexterity Potion"}],"is_trial":false,"path_per_floor":["M","M","M","M","?","E","R","?","T","E","M","$","R","M","R","B",null,"M","?","M","M","$","E"],"character_chosen":"THE_SILENT","items_purchased":["Lantern"],"campfire_rested":1,"item_purchase_floors":[22],"current_hp_per_floor":[77,73,73,58,63,48,48,48,48,30,22,22,22,20,46,35,76,59,59,42,29,29,0],"gold":174,"neow_bonus":"TWENTY_PERCENT_HP_BONUS","is_prod":false,"is_daily":false,"chose_seed":false,"campfire_upgraded":2,"win_rate":0,"timestamp":1554691140,"path_taken":["M","M","M","M","?","E","R","?","T","E","M","$","R","M","R","BOSS","M","?","M","?","$","E"],"build_version":"2019-01-23","purchased_purges":0,"victory":false,"max_hp_per_floor":[84,84,84,84,89,89,89,89,89,89,89,89,89,89,89,89,89,89,89,89,89,89,89],"card_choices":[{"not_picked":["Flechettes","Setup"],"picked":"Outmaneuver","floor":1},{"not_picked":["Calculated Gamble","Outmaneuver"],"picked":"Dash","floor":2},{"not_picked":["Accuracy","Calculated Gamble"],"picked":"Leg Sweep","floor":3},{"not_picked":["Calculated Gamble","Deflect"],"picked":"Heel Hook","floor":4},{"not_picked":["All Out Attack","Flying Knee"],"picked":"Deadly Poison","floor":6},{"not_picked":["Setup","A Thousand Cuts"],"picked":"Deadly Poison","floor":10},{"not_picked":["Flechettes","Deadly Poison"],"picked":"Catalyst","floor":11},{"not_picked":["Blade Dance","Quick Slash"],"picked":"Backstab","floor":11},{"not_picked":["Sucker Punch","Bane"],"picked":"Footwork","floor":14},{"not_picked":["Flechettes","Die Die Die"],"picked":"Poisoned Stab","floor":14},{"not_picked":["After Image","Die Die Die"],"picked":"Adrenaline","floor":16},{"not_picked":["Slice","Accuracy+1"],"picked":"Bane","floor":18},{"not_picked":["Quick Slash","Choke"],"picked":"Deflect+1","floor":18},{"not_picked":["Dodge and Roll","Flying Knee+1"],"picked":"Distraction+1","floor":20},{"not_picked":["All Out Attack","Caltrops"],"picked":"Dagger Throw","floor":20},{"not_picked":["Bane","Infinite Blades"],"picked":"Deadly Poison+1","floor":21},{"not_picked":["Predator","Night Terror","Flying Knee"],"picked":"SKIP","floor":21}],"player_experience":405617,"relics_obtained":[{"floor":6,"key":"Orichalcum"},{"floor":9,"key":"Sundial"},{"floor":10,"key":"Prayer Wheel"}],"event_choices":[{"damage_healed":0,"gold_gain":0,"player_choice":"Donut","damage_taken":0,"max_hp_gain":5,"max_hp_loss":0,"event_name":"Big Fish","floor":5,"gold_loss":0},{"damage_healed":0,"gold_gain":73,"player_choice":"Gained Gold","damage_taken":0,"max_hp_gain":0,"max_hp_loss":0,"event_name":"Golden Wing","floor":8,"gold_loss":0},{"damage_healed":0,"gold_gain":0,"player_choice":"Upgraded","damage_taken":0,"max_hp_gain":0,"max_hp_loss":0,"event_name":"Upgrade Shrine","floor":19,"gold_loss":0,"cards_upgraded":["Footwork"]}],"is_beta":false,"boss_relics":[{"not_picked":["Pandora\u0027s Box","Busted Crown"],"picked":"Empty Cage"}],"items_purged_floors":[],"is_endless":false,"potions_floor_spawned":[2,3,4,11,18,20],"killed_by":"Gremlin Leader","ascension_level":8}