{"gold_per_floor":[117,134,134,148,118,118,128,128,128,128,128,145,165,165,165,240,240,251,251,168,168,168,168,83,83,83,83,83,115,134,134],"floor_reached":31,"playtime":1921,"items_purged":[],"score":434,"play_id":"be3a5530-1867-498a-af19-2e262466a1ce","local_time":"20181127070445","is_ascension_mode":true,"campfire_choices":[{"data":"Cloak And Dagger","floor":6,"key":"SMITH"},{"data":"Noxious Fumes","floor":8,"key":"SMITH"},{"data":"All Out Attack","floor":10,"key":"SMITH"},{"floor":15,"key":"REST"},{"data":"Envenom","floor":23,"key":"SMITH"},{"data":"Cloak And Dagger","floor":25,"key":"SMITH"},{"data":"Blade Dance","floor":28,"key":"SMITH"}],"neow_cost":"NONE","seed_source_timestamp":0,"circlet_count":0,"master_deck":["AscendersBane","Defend_G","Defend_G","Defend_G","Defend_G+1","Defend_G","Strike_G","Survivor+1","Neutralize","Blur","Expertise","All Out Attack+1","Cloak And Dagger+1","Noxious Fumes+1","Envenom+1","Blur","Dagger Spray","Blade Dance+1","Cloak And Dagger+1","After Image","Dagger Spray","Footwork"],"special_seed":0,"relics":["Ring of the Snake","Regal Pillow","Orrery","Kunai","Shuriken","Bag of Marbles"],"potions_floor_usage":[31],"damage_taken":[{"damage":0,"enemies":"2 Louse","floor":1,"turns":3},{"damage":11,"enemies":"Cultist","floor":2,"turns":5},{"damage":0,"enemies":"Jaw Worm","floor":4,"turns":6},{"damage":1,"enemies":"Looter","floor":5,"turns":4},{"damage":0,"enemies":"Exordium Wildlife","floor":7,"turns":2},{"damage":7,"enemies":"Large Slime","floor":12,"turns":6},{"damage":5,"enemies":"2 Fungi Beasts","floor":13,"turns":3},{"damage":27,"enemies":"Hexaghost","floor":16,"turns":13},{"damage":26,"enemies":"Chosen","floor":18,"turns":6},{"damage":42,"enemies":"Slavers","floor":29,"turns":7},{"damage":5,"enemies":"Shell Parasite","floor":30,"turns":7},{"damage":6,"enemies":"Snecko","floor":31,"turns":2}],"seed_played":"-3821514425090255021","potions_obtained":[{"floor":1,"key":"Weak Potion"},{"floor":4,"key":"Strength Potion"}],"is_trial":false,"path_per_floor":["M","M","?","M","M","R","M","R","T","R","?","M","M","?","R","B",null,"M","?","$","?","?","R","?","R","T","?","R","E","M","M"],"character_chosen":"THE_SILENT","items_purchased":["Footwork"],"campfire_rested":1,"item_purchase_floors":[20],"current_hp_per_floor":[65,54,54,54,53,53,53,53,53,53,31,24,19,19,55,28,61,35,35,35,49,49,49,49,49,49,49,49,7,2,0],"gold":134,"neow_bonus":"TEN_PERCENT_HP_BONUS","is_prod":false,"is_daily":false,"chose_seed":false,"campfire_upgraded":6,"win_rate":0,"timestamp":1543291485,"path_taken":["M","M","?","?","M","R","M","R","T","R","?","M","M","?","R","BOSS","M","?","$","?","?","R","?","R","T","?","R","E","M","M"],"build_version":"2018-11-15","purchased_purges":0,"victory":false,"max_hp_per_floor":[72,72,72,72,72,72,72,72,72,72,72,72,72,72,72,72,72,72,72,72,72,72,72,72,72,72,72,72,72,72,72],"card_choices":[{"not_picked":["Crippling Poison","Masterful Stab"],"picked":"Blur","floor":1},{"not_picked":["Poisoned Stab","Bane","Slice"],"picked":"SKIP","floor":2},{"not_picked":["Well Laid Plans","Heel Hook"],"picked":"All Out Attack","floor":4},{"not_picked":["Underhanded Strike","Well Laid Plans"],"picked":"Cloak And Dagger","floor":5},{"not_picked":["Calculated Gamble","Bane"],"picked":"Noxious Fumes","floor":7},{"not_picked":["Quick Slash","Bane","Outmaneuver"],"picked":"SKIP","floor":12},{"not_picked":["Flying Knee","Tactician","All Out Attack"],"picked":"SKIP","floor":13},{"not_picked":["Doppelganger","Corpse Explosion"],"picked":"Envenom","floor":16},{"not_picked":["Finisher","Dodge and Roll"],"picked":"Blur","floor":17},{"not_picked":["Deflect","Quick Slash"],"picked":"Dagger Spray","floor":17},{"not_picked":["Slice","Bane"],"picked":"Blade Dance","floor":17},{"not_picked":["Flechettes","Acrobatics"],"picked":"Cloak And Dagger","floor":18},{"not_picked":["Eviscerate","Corpse Explosion","Setup"],"picked":"SKIP","floor":29},{"not_picked":["Poisoned Stab","Flying Knee","Choke"],"picked":"SKIP","floor":30}],"player_experience":771962,"relics_obtained":[{"floor":9,"key":"Regal Pillow"},{"floor":26,"key":"Shuriken"},{"floor":29,"key":"Bag of Marbles"}],"event_choices":[{"damage_healed":0,"gold_gain":0,"cards_transformed":["Strike_G"],"player_choice":"Transformed","damage_taken":0,"max_hp_gain":0,"max_hp_loss":0,"event_name":"Transmorgrifier","floor":3,"gold_loss":0,"cards_obtained":["Expertise"]},{"damage_healed":0,"gold_gain":0,"player_choice":"Entered Light","damage_taken":22,"max_hp_gain":0,"max_hp_loss":0,"event_name":"Shining Light","floor":11,"gold_loss":0,"cards_upgraded":["Survivor","Defend_G"]},{"damage_healed":0,"gold_gain":0,"player_choice":"Ignored","damage_taken":0,"max_hp_gain":0,"max_hp_loss":0,"event_name":"Liars Game","floor":14,"gold_loss":0},{"damage_healed":0,"gold_gain":0,"cards_transformed":["Strike_G","Strike_G"],"player_choice":"Became Test Subject","damage_taken":0,"max_hp_gain":0,"max_hp_loss":0,"event_name":"Drug Dealer","floor":19,"gold_loss":0,"cards_obtained":["After Image","Dagger Spray"]},{"damage_healed":14,"gold_gain":0,"player_choice":"Heal","damage_taken":0,"max_hp_gain":0,"max_hp_loss":0,"event_name":"The Library","floor":21,"gold_loss":0},{"cards_removed":["Strike_G"],"damage_healed":0,"gold_gain":0,"player_choice":"Elegance","damage_taken":0,"max_hp_gain":0,"max_hp_loss":0,"event_name":"Back to Basics","floor":22,"gold_loss":0},{"damage_healed":0,"gold_gain":0,"player_choice":"Obtained Relic","damage_taken":0,"relics_obtained":["Kunai"],"max_hp_gain":0,"max_hp_loss":0,"event_name":"Addict","floor":24,"gold_loss":85},{"damage_healed":0,"gold_gain":0,"player_choice":"Ignored","damage_taken":0,"max_hp_gain":0,"max_hp_loss":0,"event_name":"N\u0027loth","floor":27,"gold_loss":0}],"is_beta":false,"boss_relics":[{"not_picked":["Philosopher\u0027s Stone","Snecko Eye"],"picked":"Orrery"}],"items_purged_floors":[],"is_endless":false,"potions_floor_spawned":[1,4,12,30],"killed_by":"Snecko","ascension_level":16}