{"gold_per_floor":[119,133,133,165,193,205,227,239,251,263,288,311,323,335],"floor_reached":14,"playtime":686,"items_purged":[],"score":164,"play_id":"8dbb646a-ab47-470b-b701-667b643fe28e","local_time":"20190223153120","is_ascension_mode":true,"campfire_choices":[{"floor":6,"key":"REST"},{"data":"Noxious Fumes","floor":8,"key":"SMITH"},{"data":"Dagger Spray","floor":10,"key":"SMITH"}],"neow_cost":"NONE","seed_source_timestamp":0,"circlet_count":0,"master_deck":["AscendersBane","Defend_G","Defend_G","Defend_G","Defend_G","Defend_G","Strike_G","Strike_G","Strike_G","Strike_G","Strike_G","Survivor","Neutralize","Noxious Fumes+1","Dagger Spray+1","Blur","Well Laid Plans"],"special_seed":0,"relics":["Sozu","MawBank","Pantograph","Mango"],"potions_floor_usage":[],"damage_taken":[{"damage":2,"enemies":"Small Slimes","floor":1,"turns":5},{"damage":1,"enemies":"Cultist","floor":2,"turns":4},{"damage":14,"enemies":"Jaw Worm","floor":4,"turns":5},{"damage":6,"enemies":"Looter","floor":5,"turns":4},{"damage":9,"enemies":"Blue Slaver","floor":7,"turns":4},{"damage":0,"enemies":"3 Louse","floor":11,"turns":2},{"damage":6,"enemies":"Large Slime","floor":12,"turns":6},{"damage":43,"enemies":"Gremlin Nob","floor":14,"turns":4}],"seed_played":"-3545434343754970109","potions_obtained":[],"is_trial":false,"path_per_floor":["M","M","?","M","M","R","M","R","T","R","M","M","?","E"],"character_chosen":"THE_SILENT","items_purchased":[],"campfire_rested":1,"item_purchase_floors":[],"current_hp_per_floor":[57,56,45,31,25,44,35,35,35,35,35,29,43,0],"gold":335,"neow_bonus":"BOSS_RELIC","is_prod":false,"is_daily":false,"chose_seed":false,"campfire_upgraded":2,"win_rate":0,"timestamp":1550925080,"path_taken":["M","M","?","M","M","R","M","R","T","R","M","M","?","E"],"build_version":"2019-01-23","purchased_purges":0,"victory":false,"max_hp_per_floor":[66,66,66,66,66,66,66,66,66,66,66,66,80,80],"card_choices":[{"not_picked":["Deflect","Heel Hook","Prepared"],"picked":"SKIP","floor":1},{"not_picked":["Prepared","Acrobatics"],"picked":"Noxious Fumes","floor":2},{"not_picked":["Dodge and Roll","Finisher","Concentrate"],"picked":"SKIP","floor":4},{"not_picked":["Deflect","Flying Knee"],"picked":"Dagger Spray","floor":5},{"not_picked":["Backflip","Bane"],"picked":"Blur","floor":7},{"not_picked":["Unload","Outmaneuver","Flechettes"],"picked":"SKIP","floor":11},{"not_picked":["Acrobatics","Slice"],"picked":"Well Laid Plans","floor":12}],"player_experience":987664,"relics_obtained":[{"floor":9,"key":"Pantograph"},{"floor":13,"key":"Mango"}],"event_choices":[{"damage_healed":0,"gold_gain":0,"player_choice":"Success","damage_taken":11,"relics_obtained":["MawBank"],"max_hp_gain":0,"max_hp_loss":0,"event_name":"Scrap Ooze","floor":3,"gold_loss":0},{"damage_healed":0,"gold_gain":0,"player_choice":"Relic","damage_taken":0,"max_hp_gain":0,"max_hp_loss":0,"event_name":"Wheel of Change","floor":13,"gold_loss":0}],"is_beta":false,"boss_relics":[],"items_purged_floors":[],"is_endless":false,"potions_floor_spawned":[2,4,7],"killed_by":"Gremlin Nob","ascension_level":19}