{"gold_per_floor":[110,185,185,185,196,229,229,239,266,278,320,344,356,348,360,446,458,484,509,534,559,571,583,595],"floor_reached":24,"playtime":1022,"items_purged":[],"score":462,"play_id":"a39ef7ff-1576-4cf2-8ee4-0adac8c8e5e4","local_time":"20190613000134","is_ascension_mode":true,"campfire_choices":[{"data":"Zap","floor":7.0,"key":"SMITH"},{"floor":10.0,"key":"REST"},{"floor":15.0,"key":"REST"},{"floor":23,"key":"REST"}],"neow_cost":"NONE","seed_source_timestamp":0,"circlet_count":0,"master_deck":["AscendersBane","Strike_B","Strike_B","Strike_B","Strike_B","Defend_B","Defend_B","Defend_B","Defend_B","Zap+1","Dualcast","Defragment+1","Loop","Electrodynamics","Ball Lightning","Cold Snap","Cold Snap"],"special_seed":0,"relics":["Cracked Core","NeowsBlessing","Potion Belt","MawBank","Calipers","Singing Bowl","Lizard Tail"],"potions_floor_usage":[24],"damage_taken":[{"damage":0.0,"enemies":"Small Slimes","floor":1.0,"turns":1.0},{"damage":0.0,"enemies":"Jaw Worm","floor":5.0,"turns":1.0},{"damage":0.0,"enemies":"Gremlin Nob","floor":6.0,"turns":1.0},{"damage":0.0,"enemies":"2 Louse","floor":8.0,"turns":2.0},{"damage":35.0,"enemies":"3 Sentries","floor":11.0,"turns":7.0},{"damage":22.0,"enemies":"Gremlin Gang","floor":12.0,"turns":3.0},{"damage":14.0,"enemies":"Slime Boss","floor":16.0,"turns":6.0},{"damage":43.0,"enemies":"Shell Parasite","floor":18.0,"turns":7.0},{"damage":3.0,"enemies":"Spheric Guardian","floor":19.0,"turns":4.0},{"damage":25.0,"enemies":"Centurion and Healer","floor":20.0,"turns":4.0},{"damage":29,"enemies":"Snecko","floor":21,"turns":7},{"damage":37,"enemies":"Shelled Parasite and Fungi","floor":24,"turns":2}],"seed_played":"-3211820417832072001","potions_obtained":[{"floor":1.0,"key":"SkillPotion"},{"floor":6.0,"key":"Weak Potion"},{"floor":12.0,"key":"Dexterity Potion"},{"floor":14.0,"key":"Block Potion"},{"floor":19.0,"key":"GamblersBrew"}],"is_trial":false,"path_per_floor":["M","?","?","$","M","E","R","M","T","R","E","M","T","?","R","B",null,"M","M","M","M","?","R","M"],"character_chosen":"DEFECT","items_purchased":[],"campfire_rested":3,"item_purchase_floors":[],"current_hp_per_floor":[64,53,53,53,53,53,53,53,53,71,36,14,14,14,35,23,61,18,17,37,10,10,33,0],"gold":595,"neow_bonus":"THREE_ENEMY_KILL","is_prod":false,"is_daily":false,"chose_seed":false,"campfire_upgraded":1,"win_rate":0,"timestamp":1560373294,"path_taken":["M","?","?","?","M","E","R","M","T","R","E","M","?","?","R","BOSS","M","M","M","?","?","R","M"],"build_version":"2019-01-23","purchased_purges":0,"victory":false,"max_hp_per_floor":[71,71,71,71,71,71,71,71,71,71,71,71,71,71,71,73,73,73,75,75,77,77,77,77],"card_choices":[{"not_picked":["Cold Snap","Sweeping Beam"],"picked":"Defragment","floor":1.0},{"not_picked":["Storm","Compile Driver"],"picked":"Loop","floor":5.0},{"not_picked":["Rebound","Redo","Gash"],"picked":"SKIP","floor":6.0},{"not_picked":["Aggregate","Lockon","Conserve Battery"],"picked":"SKIP","floor":8.0},{"not_picked":["Undo","Barrage"],"picked":"Electrodynamics","floor":11.0},{"not_picked":["Rip and Tear","Consume"],"picked":"Ball Lightning","floor":12.0},{"not_picked":["Multi-Cast","Fission","Electrodynamics"],"picked":"Singing Bowl","floor":16.0},{"not_picked":["Go for the Eyes","Barrage+1"],"picked":"Cold Snap","floor":18.0},{"not_picked":["Hologram","Beam Cell","Steam Power"],"picked":"Singing Bowl","floor":19.0},{"not_picked":["Heatsinks+1","Steam+1"],"picked":"Cold Snap","floor":20.0},{"not_picked":["Barrage","Melter","Rip and Tear"],"picked":"Singing Bowl","floor":21}],"player_experience":1142045,"relics_obtained":[{"floor":6.0,"key":"Potion Belt"},{"floor":9.0,"key":"MawBank"},{"floor":11.0,"key":"Calipers"},{"floor":13.0,"key":"Singing Bowl"}],"event_choices":[{"damage_healed":0.0,"max_hp_gain":0.0,"max_hp_loss":0.0,"gold_gain":75.0,"event_name":"World of Goop","player_choice":"Gather Gold","floor":2.0,"gold_loss":0.0,"damage_taken":11.0},{"damage_healed":0.0,"max_hp_gain":0.0,"max_hp_loss":0.0,"gold_gain":0.0,"event_name":"Living Wall","player_choice":"Grow","floor":3.0,"gold_loss":0.0,"damage_taken":0.0,"cards_upgraded":["Defragment"]},{"damage_healed":0.0,"max_hp_gain":0.0,"max_hp_loss":0.0,"gold_gain":0.0,"event_name":"The Woman in Blue","player_choice":"Bought 1 Potion","floor":14.0,"gold_loss":0.0,"damage_taken":0.0},{"damage_healed":0,"gold_gain":0,"player_choice":"Ignored","damage_taken":0,"max_hp_gain":0,"max_hp_loss":0,"event_name":"Cursed Tome","floor":22,"gold_loss":0}],"is_beta":false,"boss_relics":[{"not_picked":["Snecko Eye","Sozu"],"picked":"Lizard Tail"}],"items_purged_floors":[],"is_endless":false,"potions_floor_spawned":[1,6,12,19],"killed_by":"Shelled Parasite and Fungi","ascension_level":20}