{"gold_per_floor":[111,126,126,137,137,137,164,214,214,214],"floor_reached":10,"playtime":461,"items_purged":[],"score":116,"play_id":"6804aefc-725c-4c91-88e1-99ba3773cd5f","local_time":"20181127015454","is_ascension_mode":true,"campfire_choices":[{"floor":6,"key":"REST"}],"neow_cost":"NONE","seed_source_timestamp":4102334360164,"circlet_count":0,"master_deck":["AscendersBane","Strike_B","Strike_B","Strike_B","Strike_B","Defend_B","Defend_B","Defend_B","Defend_B","Zap","Dualcast","Defragment+1","Undo+1"],"relics":["Cracked Core","Toxic Egg 2","Blue Candle","Pear"],"potions_floor_usage":[7,10],"damage_taken":[{"damage":8,"enemies":"Small Slimes","floor":1,"turns":3},{"damage":10,"enemies":"2 Louse","floor":2,"turns":3},{"damage":1,"enemies":"Cultist","floor":4,"turns":3},{"damage":46,"enemies":"3 Sentries","floor":7,"turns":9},{"damage":35,"enemies":"Gremlin Nob","floor":10,"turns":4}],"seed_played":"-8480611509440515259","potions_obtained":[{"floor":1,"key":"Regen Potion"},{"floor":2,"key":"EssenceOfSteel"}],"is_trial":false,"path_per_floor":["M","M","?","M","?","R","E","?","T","E"],"character_chosen":"DEFECT","items_purchased":[],"campfire_rested":1,"item_purchase_floors":[],"current_hp_per_floor":[63,53,27,26,26,49,3,3,13,0],"gold":214,"neow_bonus":"TEN_PERCENT_HP_BONUS","is_prod":false,"is_daily":false,"chose_seed":false,"campfire_upgraded":0,"win_rate":0,"timestamp":1543272894,"path_taken":["M","M","?","M","?","R","E","?","T","E"],"build_version":"2018-11-15","purchased_purges":0,"victory":false,"max_hp_per_floor":[78,78,78,78,78,78,78,78,88,88],"card_choices":[{"not_picked":["Rip and Tear","Leap"],"picked":"Defragment","floor":1},{"not_picked":["Heatsinks","Beam Cell","Sweeping Beam"],"picked":"SKIP","floor":2},{"not_picked":["Force Field+1","Beam Cell"],"picked":"Undo+1","floor":4},{"not_picked":["Redo+1","Aggregate+1","Barrage"],"picked":"SKIP","floor":7}],"player_experience":761098,"relics_obtained":[{"floor":7,"key":"Blue Candle"},{"floor":9,"key":"Pear"}],"event_choices":[{"damage_healed":0,"gold_gain":0,"player_choice":"Success","damage_taken":26,"relics_obtained":["Toxic Egg 2"],"max_hp_gain":0,"max_hp_loss":0,"event_name":"Scrap Ooze","floor":3,"gold_loss":0},{"damage_healed":0,"gold_gain":0,"player_choice":"Grow","damage_taken":0,"max_hp_gain":0,"max_hp_loss":0,"event_name":"Living Wall","floor":5,"gold_loss":0,"cards_upgraded":["Defragment"]},{"damage_healed":0,"gold_gain":50,"player_choice":"Pray","damage_taken":0,"max_hp_gain":0,"max_hp_loss":0,"event_name":"Golden Shrine","floor":8,"gold_loss":0}],"is_beta":false,"boss_relics":[],"items_purged_floors":[],"is_endless":false,"potions_floor_spawned":[1,2],"killed_by":"Gremlin Nob","ascension_level":15}