{"gold_per_floor":[109,119,194,53,153,153,182,198,198,42,72,88,117,31,31,131,131,144,144,69,69,69,99,99,125,125,34,60,60,92,108,108,204,204,221,17,17,17,31,31,65,77,104,104,179,179,179,199,199,199],"floor_reached":51,"playtime":3018,"items_purged":["Strike_B","Strike_B"],"score":920,"play_id":"0d2c91e5-1326-456b-8462-016803f78202","local_time":"20190509224638","is_ascension_mode":true,"campfire_choices":[{"data":"Zap","floor":6,"key":"SMITH"},{"data":"Go for the Eyes","floor":15,"key":"SMITH"},{"data":"Scrape","floor":24,"key":"SMITH"},{"data":"Coolheaded","floor":29,"key":"SMITH"},{"data":"All For One","floor":32,"key":"SMITH"},{"data":"Sunder","floor":40,"key":"SMITH"},{"floor":44,"key":"RECALL"},{"floor":47,"key":"REST"},{"floor":49,"key":"REST"}],"neow_cost":"NONE","seed_source_timestamp":1843630329589600,"circlet_count":0,"master_deck":["Strike_B+1","Defend_B+1","Defend_B+1","Defend_B+1","Zap+1","Dualcast+1","Impatience+1","Reinforced Body+1","Stack+1","Swift Strike+1","Cold Snap+1","Capacitor+1","Gash+1","Skim+1","Self Repair+1","Gash+1","Go for the Eyes+1","Coolheaded+1","Good Instincts+1","All For One+1","Scrape+1","Reprogram+1","Ball Lightning+1","Leap+1","Stack+1","Beam Cell+1","Gash+1","Necronomicurse","Rebound+1","Scrape+1","Steam+1","Melter+1","Defragment+1","Electrodynamics+1","Sunder+1","Gash+1","Steam+1","BootSequence+1"],"relics":["Cracked Core","Pear","Strawberry","PreservedInsect","Shuriken","Orrery","Necronomicon","Oddly Smooth Stone","Frozen Egg 2","Smiling Mask","Calipers","Juzu Bracelet","DataDisk","Inserter","Bag of Preparation","Toxic Egg 2","Pen Nib","Symbiotic Virus","Mark of the Bloom"],"potions_floor_usage":[11,11,16,23,28,33,48,48],"damage_taken":[{"damage":3,"enemies":"Jaw Worm","floor":1,"turns":4},{"damage":5,"enemies":"Small Slimes","floor":2,"turns":4},{"damage":11,"enemies":"3 Sentries","floor":7,"turns":7},{"damage":0,"enemies":"Cultist","floor":8,"turns":3},{"damage":5,"enemies":"Lagavulin","floor":11,"turns":7},{"damage":11,"enemies":"Red Slaver","floor":12,"turns":3},{"damage":13,"enemies":"3 Sentries","floor":13,"turns":4},{"damage":9,"enemies":"Hexaghost","floor":16,"turns":10},{"damage":22,"enemies":"Chosen","floor":18,"turns":5},{"damage":17,"enemies":"Book of Stabbing","floor":23,"turns":4},{"damage":0,"enemies":"Gremlin Leader","floor":28,"turns":4},{"damage":6,"enemies":"Book of Stabbing","floor":30,"turns":5},{"damage":11,"enemies":"2 Thieves","floor":31,"turns":3},{"damage":20,"enemies":"Collector","floor":33,"turns":7},{"damage":0,"enemies":"3 Darklings","floor":35,"turns":2},{"damage":26,"enemies":"3 Shapes","floor":39,"turns":3},{"damage":0,"enemies":"Giant Head","floor":41,"turns":7},{"damage":0,"enemies":"Spire Growth","floor":42,"turns":3},{"damage":0,"enemies":"3 Darklings","floor":48,"turns":2},{"damage":48,"enemies":"Donu and Deca","floor":50,"turns":8}],"seed_played":"-5654803339756512254","potions_obtained":[{"floor":1,"key":"FocusPotion"},{"floor":7,"key":"Block Potion"},{"floor":12,"key":"FocusPotion"},{"floor":13,"key":"Energy Potion"},{"floor":23,"key":"Strength Potion"},{"floor":30,"key":"Strength Potion"},{"floor":33,"key":"Weak Potion"},{"floor":39,"key":"FocusPotion"},{"floor":42,"key":"Fire Potion"}],"is_trial":false,"path_per_floor":["M","M","?","$","?","R","E","M","T","$","E","M","E","$","R","B",null,"M","?","?","?","T","E","R","T","T","$","E","R","E","M","R","B",null,"M","$","?","$","M","R","E","M","T","R","T","?","R","M","R","B",null],"character_chosen":"DEFECT","items_purchased":["Swift Strike","Cold Snap","Skim","Self Repair","Good Instincts","Scrape","Bag of Preparation"],"campfire_rested":2,"item_purchase_floors":[4,4,10,10,14,27,36],"current_hp_per_floor":[72,67,56,56,56,56,55,55,62,62,64,60,54,54,54,52,92,77,77,77,61,61,51,51,51,51,51,58,58,59,55,55,35,92,92,92,92,92,73,73,73,73,73,73,73,73,73,73,73,25],"gold":199,"neow_bonus":"RANDOM_COLORLESS","is_prod":false,"is_daily":false,"chose_seed":false,"campfire_upgraded":6,"win_rate":0,"timestamp":1557459998,"path_taken":["M","M","?","?","?","R","E","M","T","$","E","?","E","?","R","BOSS","M","?","?","?","?","E","R","?","T","$","E","R","E","M","R","BOSS","M","$","?","?","M","R","E","M","T","R","?","?","R","M","R","BOSS"],"build_version":"2019-01-23","purchased_purges":2,"victory":true,"max_hp_per_floor":[75,75,75,75,75,75,85,85,92,92,92,92,92,92,92,92,92,92,92,92,92,92,92,92,92,92,92,92,92,92,92,92,92,92,92,92,92,92,92,92,92,92,92,92,92,92,92,92,92,92],"card_choices":[{"not_picked":["Hologram","Beam Cell"],"picked":"Reinforced Body","floor":1},{"not_picked":["Fusion","Reinforced Body"],"picked":"Stack","floor":2},{"not_picked":["Coolheaded","Cold Snap"],"picked":"Capacitor","floor":7},{"not_picked":["Redo","Static Discharge"],"picked":"Gash","floor":8},{"not_picked":["Double Energy","Rebound"],"picked":"Gash","floor":11},{"not_picked":["Chaos","Conserve Battery"],"picked":"Go for the Eyes","floor":12},{"not_picked":["Hello World","Aggregate"],"picked":"Coolheaded","floor":13},{"not_picked":["Electrodynamics","Thunder Strike"],"picked":"All For One","floor":16},{"not_picked":["Sweeping Beam","Ball Lightning"],"picked":"Scrape","floor":17},{"not_picked":["Loop","Recycle"],"picked":"Reprogram","floor":17},{"not_picked":["Barrage","Redo"],"picked":"Ball Lightning","floor":17},{"not_picked":["Undo","All For One"],"picked":"Leap","floor":17},{"not_picked":["Rip and Tear","Rebound"],"picked":"Stack","floor":17},{"not_picked":["Barrage","Go for the Eyes"],"picked":"Beam Cell+1","floor":18},{"not_picked":["Sweeping Beam","Self Repair"],"picked":"Rebound","floor":23},{"not_picked":["Loop+1","Buffer+1"],"picked":"Steam+1","floor":28},{"not_picked":["Hello World+1","Turbo"],"picked":"Melter+1","floor":30},{"not_picked":["Melter","Conserve Battery"],"picked":"Defragment+1","floor":31},{"not_picked":["Biased Cognition+1","Fission"],"picked":"Electrodynamics+1","floor":33},{"not_picked":["Fusion","Redo"],"picked":"Sunder","floor":35},{"not_picked":["Barrage","Self Repair+1","Sunder"],"picked":"SKIP","floor":39},{"not_picked":["Turbo+1","Coolheaded+1"],"picked":"Gash","floor":41},{"not_picked":["Self Repair+1","Static Discharge+1"],"picked":"Steam+1","floor":42},{"not_picked":["Leap+1","Undo+1"],"picked":"BootSequence+1","floor":48}],"player_experience":160296,"relics_obtained":[{"floor":7,"key":"Pear"},{"floor":9,"key":"Strawberry"},{"floor":11,"key":"PreservedInsect"},{"floor":13,"key":"Shuriken"},{"floor":21,"key":"Necronomicon"},{"floor":22,"key":"Oddly Smooth Stone"},{"floor":23,"key":"Frozen Egg 2"},{"floor":25,"key":"Smiling Mask"},{"floor":26,"key":"Calipers"},{"floor":28,"key":"Juzu Bracelet"},{"floor":30,"key":"DataDisk"},{"floor":41,"key":"Toxic Egg 2"},{"floor":43,"key":"Pen Nib"},{"floor":45,"key":"Symbiotic Virus"}],"event_choices":[{"damage_healed":0,"gold_gain":75,"player_choice":"Gather Gold","damage_taken":11,"max_hp_gain":0,"max_hp_loss":0,"event_name":"World of Goop","floor":3,"gold_loss":0},{"damage_healed":0,"gold_gain":100,"player_choice":"Pray","damage_taken":0,"max_hp_gain":0,"max_hp_loss":0,"event_name":"Golden Shrine","floor":5,"gold_loss":0},{"damage_healed":0,"gold_gain":0,"player_choice":"Read","damage_taken":0,"max_hp_gain":0,"max_hp_loss":0,"event_name":"The Library","floor":19,"gold_loss":0,"cards_obtained":["Gash"]},{"cards_removed":["Strike_B"],"damage_healed":0,"gold_gain":0,"player_choice":"Gave Gold","damage_taken":0,"max_hp_gain":0,"max_hp_loss":0,"event_name":"Beggar","floor":20,"gold_loss":75},{"damage_healed":0,"gold_gain":0,"player_choice":"Obtained Book","damage_taken":16,"max_hp_gain":0,"max_hp_loss":0,"event_name":"Cursed Tome","floor":21,"gold_loss":0},{"cards_removed":["Defend_B"],"damage_healed":0,"gold_gain":0,"player_choice":"Card Removal","damage_taken":0,"max_hp_gain":0,"max_hp_loss":0,"event_name":"Wheel of Change","floor":37,"gold_loss":0},{"damage_healed":0,"gold_gain":0,"player_choice":"Upgrade","damage_taken":0,"relics_obtained":["Mark of the Bloom"],"max_hp_gain":0,"max_hp_loss":0,"event_name":"MindBloom","floor":46,"gold_loss":0,"cards_upgraded":["Strike_B","Defend_B","Defend_B","Defend_B","Dualcast","Impatience","Reinforced Body","Stack","Swift Strike","Cold Snap","Capacitor","Gash","Skim","Self Repair","Gash","Good Instincts","Reprogram","Ball Lightning","Leap","Stack","Gash","Rebound","Scrape","Gash"]}],"is_beta":false,"boss_relics":[{"not_picked":["Runic Dome","Nuclear Battery"],"picked":"Orrery"},{"not_picked":["Cursed Key","Calling Bell"],"picked":"Inserter"}],"items_purged_floors":[27,36],"is_endless":false,"potions_floor_spawned":[1,7,12,13,23,30,33,39,42],"ascension_level":2}