{"gold_per_floor":[109,10,110,126,137,137,148,173,173,193,208,6,25,40,40,40],"floor_reached":16,"playtime":591,"items_purged":["Strike_B"],"score":143,"play_id":"157c2a72-49f0-4f07-80f8-53818e036fa1","local_time":"20190603205124","is_ascension_mode":true,"campfire_choices":[{"data":"Rainbow","floor":6.0,"key":"SMITH"},{"data":"Zap","floor":15,"key":"SMITH"}],"neow_cost":"NONE","seed_source_timestamp":1319562528717400,"circlet_count":0,"master_deck":["Strike_B","Strike_B","Strike_B","Defend_B","Defend_B","Defend_B","Defend_B","Zap+1","Dualcast","Rainbow+1","Leap","Leap","Glacier","Coolheaded","Undo","Stack","Rainbow+1","Coolheaded","Coolheaded"],"special_seed":0,"relics":["Cracked Core","Potion Belt","Ancient Tea Set","DollysMirror"],"potions_floor_usage":[16],"damage_taken":[{"damage":2.0,"enemies":"Jaw Worm","floor":1.0,"turns":4.0},{"damage":0.0,"enemies":"Cultist","floor":4.0,"turns":5.0},{"damage":0.0,"enemies":"2 Louse","floor":5.0,"turns":4.0},{"damage":4.0,"enemies":"Exordium Thugs","floor":7.0,"turns":4.0},{"damage":15,"enemies":"Lagavulin","floor":8,"turns":8},{"damage":3,"enemies":"3 Louse","floor":10,"turns":5},{"damage":5,"enemies":"2 Fungi Beasts","floor":11,"turns":4},{"damage":2,"enemies":"Red Slaver","floor":13,"turns":3},{"damage":4,"enemies":"Blue Slaver","floor":14,"turns":4},{"damage":9,"enemies":"The Guardian","floor":16,"turns":7}],"seed_played":"-6364056335573327898","potions_obtained":[{"floor":8,"key":"EssenceOfSteel"},{"floor":10,"key":"AttackPotion"},{"floor":14,"key":"SteroidPotion"}],"is_trial":false,"path_per_floor":["M","$","?","M","M","R","M","E","T","M","M","$","M","M","R","B"],"character_chosen":"DEFECT","items_purchased":["Leap","DollysMirror"],"campfire_rested":0,"item_purchase_floors":[2,12],"current_hp_per_floor":[66,66,66,66,66,66,62,47,47,44,39,39,37,33,33,24],"gold":40,"neow_bonus":"ONE_RANDOM_RARE_CARD","is_prod":false,"is_daily":false,"chose_seed":false,"campfire_upgraded":2,"win_rate":0,"timestamp":1559613084,"path_taken":["M","$","?","M","M","R","M","E","T","M","M","?","M","M","R","BOSS"],"build_version":"2019-01-23","purchased_purges":1,"victory":false,"max_hp_per_floor":[75,75,75,75,75,75,75,75,75,75,75,75,75,75,75,75],"card_choices":[{"not_picked":["Turbo","Static Discharge"],"picked":"Leap","floor":1.0},{"not_picked":["Redo","Hologram"],"picked":"Glacier","floor":4.0},{"not_picked":["Streamline","Steam"],"picked":"Coolheaded","floor":5.0},{"not_picked":["Beam Cell","Amplify","Redo"],"picked":"SKIP","floor":7.0},{"not_picked":["Barrage","Beam Cell"],"picked":"Undo","floor":8},{"not_picked":["Sweeping Beam","Skim","Go for the Eyes"],"picked":"SKIP","floor":10},{"not_picked":["Chaos","Go for the Eyes"],"picked":"Stack","floor":11},{"not_picked":["Stack","Steam"],"picked":"Coolheaded","floor":13},{"not_picked":["Beam Cell","Chill"],"picked":"Coolheaded","floor":14}],"player_experience":282428,"relics_obtained":[{"floor":8,"key":"Potion Belt"},{"floor":9,"key":"Ancient Tea Set"}],"event_choices":[{"damage_healed":0.0,"max_hp_gain":0.0,"max_hp_loss":0.0,"gold_gain":100.0,"event_name":"Golden Shrine","player_choice":"Pray","floor":3.0,"gold_loss":0.0,"damage_taken":0.0}],"is_beta":false,"boss_relics":[],"items_purged_floors":[2],"is_endless":false,"potions_floor_spawned":[8,10,14],"killed_by":"The Guardian","ascension_level":7}