{"gold_per_floor":[110,110,110,121,131,163,182,193,239,239,266,276,305,405,405,405],"floor_reached":16,"playtime":867,"items_purged":[],"score":128,"play_id":"19843ed4-cf4f-4f43-8452-57861ee6ca76","local_time":"20190504154414","is_ascension_mode":true,"campfire_choices":[{"floor":10,"key":"REST"},{"floor":15,"key":"REST"}],"neow_cost":"NONE","seed_source_timestamp":1388395199803200,"circlet_count":0,"master_deck":["Defend_G","Defend_G","Defend_G","Defend_G","Defend_G","Strike_G+1","Strike_G","Strike_G","Strike_G","Survivor","Neutralize","Leg Sweep","Acrobatics","Skewer+1","Backstab","Riddle With Holes","Poisoned Stab","Sucker Punch","Unload","PiercingWail","Accuracy"],"relics":["Ring of the Snake","NeowsBlessing","Bag of Preparation","Mummified Hand","Bag of Marbles","Whetstone","Gambling Chip"],"potions_floor_usage":[6,13,16,16],"damage_taken":[{"damage":0,"enemies":"2 Louse","floor":1,"turns":1},{"damage":0,"enemies":"Jaw Worm","floor":4,"turns":1},{"damage":0,"enemies":"Cultist","floor":5,"turns":1},{"damage":51,"enemies":"Lagavulin","floor":6,"turns":16},{"damage":1,"enemies":"2 Fungi Beasts","floor":7,"turns":3},{"damage":3,"enemies":"Lots of Slimes","floor":8,"turns":6},{"damage":13,"enemies":"Gremlin Nob","floor":11,"turns":4},{"damage":0,"enemies":"3 Louse","floor":12,"turns":1},{"damage":9,"enemies":"3 Sentries","floor":13,"turns":6},{"damage":32,"enemies":"Hexaghost","floor":16,"turns":12}],"seed_played":"774843998223369534","potions_obtained":[{"floor":1,"key":"LiquidBronze"},{"floor":5,"key":"GhostInAJar"},{"floor":8,"key":"GamblersBrew"},{"floor":12,"key":"Strength Potion"}],"is_trial":false,"path_per_floor":["M","?","?","M","M","E","M","M","T","R","E","M","E","?","R","B"],"character_chosen":"THE_SILENT","items_purchased":[],"campfire_rested":2,"item_purchase_floors":[],"current_hp_per_floor":[70,67,67,67,67,16,15,12,12,33,20,20,11,11,32,0],"gold":405,"neow_bonus":"THREE_ENEMY_KILL","is_prod":false,"is_daily":false,"chose_seed":false,"campfire_upgraded":0,"win_rate":0,"timestamp":1557002654,"path_taken":["M","?","?","M","M","E","M","?","T","R","E","M","E","?","R","BOSS"],"build_version":"2019-01-23","purchased_purges":0,"victory":false,"max_hp_per_floor":[70,70,70,70,70,70,70,70,70,70,70,70,70,70,70,70],"card_choices":[{"not_picked":["Footwork","Slice"],"picked":"Leg Sweep","floor":1},{"not_picked":["Quick Slash","Sucker Punch"],"picked":"Skewer","floor":4},{"not_picked":["Endless Agony","Quick Slash"],"picked":"Backstab","floor":5},{"not_picked":["Dodge and Roll","All Out Attack"],"picked":"Riddle With Holes","floor":6},{"not_picked":["Slice","Blade Dance"],"picked":"Poisoned Stab","floor":7},{"not_picked":["Predator","Outmaneuver"],"picked":"Sucker Punch","floor":8},{"not_picked":["Infinite Blades","Concentrate"],"picked":"Unload","floor":11},{"not_picked":["Dagger Spray","Underhanded Strike"],"picked":"PiercingWail","floor":12},{"not_picked":["Expertise","Setup"],"picked":"Accuracy","floor":13}],"player_experience":100695,"relics_obtained":[{"floor":6,"key":"Mummified Hand"},{"floor":9,"key":"Bag of Marbles"},{"floor":11,"key":"Whetstone"},{"floor":13,"key":"Gambling Chip"}],"event_choices":[{"damage_healed":0,"gold_gain":0,"player_choice":"Success","damage_taken":3,"relics_obtained":["Bag of Preparation"],"max_hp_gain":0,"max_hp_loss":0,"event_name":"Scrap Ooze","floor":2,"gold_loss":0},{"damage_healed":0,"gold_gain":0,"cards_transformed":["Strike_G"],"player_choice":"Transformed","damage_taken":0,"max_hp_gain":0,"max_hp_loss":0,"event_name":"Transmorgrifier","floor":3,"gold_loss":0,"cards_obtained":["Acrobatics"]},{"damage_healed":0,"gold_gain":100,"player_choice":"Pray","damage_taken":0,"max_hp_gain":0,"max_hp_loss":0,"event_name":"Golden Shrine","floor":14,"gold_loss":0}],"is_beta":false,"boss_relics":[],"items_purged_floors":[],"is_endless":false,"potions_floor_spawned":[1,5,8,12],"killed_by":"Hexaghost","ascension_level":1}