{"gold_per_floor":[117,133,144,164,164,196,196,228,252,252,278,306,318,347,359,471,483,512,154,170,170,183,183],"floor_reached":23,"playtime":1447,"items_purged":["Strike_G"],"score":245,"play_id":"94f1a063-04c6-41dd-981d-6d6981eb4b8f","local_time":"20190523214709","is_ascension_mode":true,"campfire_choices":[{"floor":10.0,"key":"REST"},{"data":"Footwork","floor":15.0,"key":"SMITH"}],"neow_cost":"NONE","seed_source_timestamp":371418351761000,"circlet_count":0,"master_deck":["Defend_G","Defend_G","Defend_G","Defend_G","Defend_G","Strike_G","Strike_G","Strike_G","Survivor","Neutralize","Tools of the Trade","Footwork+1","Noxious Fumes","Bane","Deadly Poison","Crippling Poison","Parasite","Dash","Caltrops","A Thousand Cuts","After Image","Cloak And Dagger","Blur","Footwork","PiercingWail","Poisoned Stab"],"special_seed":0,"relics":["Ring of the Snake","Dream Catcher","Omamori","MawBank","Black Star","Vajra"],"potions_floor_usage":[20],"damage_taken":[{"damage":4.0,"enemies":"Small Slimes","floor":1.0,"turns":4.0},{"damage":0.0,"enemies":"2 Louse","floor":2.0,"turns":4.0},{"damage":0.0,"enemies":"Cultist","floor":3.0,"turns":4.0},{"damage":8.0,"enemies":"Red Slaver","floor":4.0,"turns":5.0},{"damage":6.0,"enemies":"3 Sentries","floor":6.0,"turns":8.0},{"damage":20.0,"enemies":"Gremlin Nob","floor":8.0,"turns":4.0},{"damage":16.0,"enemies":"Lagavulin","floor":11.0,"turns":6.0},{"damage":2.0,"enemies":"Large Slime","floor":12.0,"turns":7.0},{"damage":8.0,"enemies":"Looter","floor":14.0,"turns":3.0},{"damage":6.0,"enemies":"The Guardian","floor":16.0,"turns":11.0},{"damage":11.0,"enemies":"3 Byrds","floor":18.0,"turns":4.0},{"damage":9,"enemies":"Chosen","floor":20,"turns":6},{"damage":38,"enemies":"Shelled Parasite and Fungi","floor":22,"turns":9},{"damage":13,"enemies":"Gremlin Leader","floor":23,"turns":2}],"seed_played":"-3342563707896098283","potions_obtained":[{"floor":2.0,"key":"EssenceOfSteel"},{"floor":3.0,"key":"Strength Potion"},{"floor":6.0,"key":"Swift Potion"},{"floor":8.0,"key":"PowerPotion"},{"floor":12.0,"key":"Poison Potion"},{"floor":14.0,"key":"SkillPotion"},{"floor":18.0,"key":"LiquidBronze"}],"is_trial":false,"path_per_floor":["M","M","M","M","?","E","?","E","T","R","E","M","$","M","R","B",null,"M","$","M","?","M","E"],"character_chosen":"THE_SILENT","items_purchased":["Blur","Footwork","Vajra"],"campfire_rested":1,"item_purchase_floors":[19,19,19],"current_hp_per_floor":[66,66,66,58,51,45,62,42,42,63,47,45,45,37,37,31,70,59,59,50,50,12,0],"gold":183,"neow_bonus":"ONE_RANDOM_RARE_CARD","is_prod":false,"is_daily":false,"chose_seed":false,"campfire_upgraded":1,"win_rate":0,"timestamp":1558666029,"path_taken":["M","M","M","M","?","E","?","E","T","R","E","M","$","M","R","BOSS","M","$","M","?","M","E"],"build_version":"2019-01-23","purchased_purges":1,"victory":false,"max_hp_per_floor":[70,70,70,70,70,70,70,70,70,70,70,70,70,70,70,70,70,70,70,70,70,70,70],"card_choices":[{"not_picked":["Slice","Cloak And Dagger"],"picked":"Footwork","floor":1.0},{"not_picked":["Sucker Punch","Finisher"],"picked":"Noxious Fumes","floor":2.0},{"not_picked":["Dagger Throw","PiercingWail"],"picked":"Bane","floor":3.0},{"not_picked":["Dagger Throw","Expertise"],"picked":"Deadly Poison","floor":4.0},{"not_picked":["Unload","Terror"],"picked":"Crippling Poison","floor":6.0},{"not_picked":["Tactician","Bane","Dagger Spray"],"picked":"SKIP","floor":8.0},{"not_picked":["Sucker Punch","Dagger Throw"],"picked":"Dash","floor":10.0},{"not_picked":["After Image","Noxious Fumes"],"picked":"Caltrops","floor":11.0},{"not_picked":["Deadly Poison","Underhanded Strike","Quick Slash"],"picked":"SKIP","floor":12.0},{"not_picked":["Flying Knee","Tactician"],"picked":"A Thousand Cuts","floor":14.0},{"not_picked":["Tools of the Trade","Envenom"],"picked":"After Image","floor":16.0},{"not_picked":["All Out Attack+1","Underhanded Strike"],"picked":"Cloak And Dagger","floor":18.0},{"not_picked":["Predator","Quick Slash"],"picked":"PiercingWail","floor":20},{"not_picked":["Venomology","Choke"],"picked":"Poisoned Stab","floor":22}],"player_experience":223386,"relics_obtained":[{"floor":6.0,"key":"Dream Catcher"},{"floor":8.0,"key":"Omamori"},{"floor":11.0,"key":"MawBank"}],"event_choices":[{"cards_removed":["Strike_G"],"damage_healed":0.0,"max_hp_gain":0.0,"max_hp_loss":0.0,"gold_gain":0.0,"event_name":"Golden Wing","player_choice":"Card Removal","floor":5.0,"gold_loss":0.0,"damage_taken":7.0},{"damage_healed":17.0,"max_hp_gain":0.0,"max_hp_loss":0.0,"gold_gain":0.0,"event_name":"Mushrooms","player_choice":"Healed and dodged fight","floor":7.0,"gold_loss":0.0,"damage_taken":0.0,"cards_obtained":["Parasite"]},{"damage_healed":0,"gold_gain":0,"player_choice":"Ignored","damage_taken":0,"max_hp_gain":0,"max_hp_loss":0,"event_name":"Ghosts","floor":21,"gold_loss":0}],"is_beta":false,"boss_relics":[{"not_picked":["Busted Crown","Orrery"],"picked":"Black Star"}],"items_purged_floors":[19],"is_endless":false,"potions_floor_spawned":[2,3,6,8,12,14,18],"killed_by":"Gremlin Leader","ascension_level":3}