{"gold_per_floor":[116,116,131,52,70,70,105,116,116,116,148,159,159,187,187,291,291,304,324,33,33,48,48,9,9],"floor_reached":25,"playtime":1483,"items_purged":[],"score":232,"play_id":"dc4262d1-0a8b-42d7-8de6-68fc80b58a82","local_time":"20190501181726","is_ascension_mode":true,"campfire_choices":[{"data":"Blur","floor":6,"key":"SMITH"},{"floor":10,"key":"REST"},{"data":"Backflip","floor":13,"key":"SMITH"},{"data":"Terror","floor":15,"key":"SMITH"},{"floor":23,"key":"REST"}],"neow_cost":"NONE","seed_source_timestamp":1137703543054200,"circlet_count":0,"master_deck":["Defend_G","Defend_G","Defend_G","Defend_G","Defend_G","Strike_G","Strike_G","Strike_G","Strike_G","Strike_G","Survivor","Neutralize","Malaise","Poisoned Stab+1","Well Laid Plans","Blur+1","Poisoned Stab","Backflip+1","Bane","Well Laid Plans","Terror+1","Corpse Explosion","Catalyst","Dagger Spray","Bane+1","Catalyst"],"relics":["Ring of the Snake","Shuriken","Mummified Hand","Regal Pillow","Philosopher\u0027s Stone","The Specimen","Nloth\u0027s Gift"],"potions_floor_usage":[7,11,11,16],"damage_taken":[{"damage":0,"enemies":"Small Slimes","floor":1,"turns":6},{"damage":0,"enemies":"Cultist","floor":3,"turns":3},{"damage":0,"enemies":"2 Louse","floor":5,"turns":2},{"damage":37,"enemies":"3 Sentries","floor":7,"turns":11},{"damage":8,"enemies":"Lots of Slimes","floor":8,"turns":4},{"damage":6,"enemies":"Lagavulin","floor":11,"turns":7},{"damage":0,"enemies":"Looter","floor":12,"turns":3},{"damage":2,"enemies":"3 Sentries","floor":14,"turns":8},{"damage":7,"enemies":"The Guardian","floor":16,"turns":8},{"damage":8,"enemies":"Spheric Guardian","floor":18,"turns":3},{"damage":8,"enemies":"2 Thieves","floor":19,"turns":4},{"damage":19,"enemies":"Snake Plant","floor":22,"turns":3},{"damage":86,"enemies":"Slavers","floor":25,"turns":4}],"seed_played":"-6716299782837784205","potions_obtained":[{"floor":3,"key":"EssenceOfSteel"},{"floor":5,"key":"Fire Potion"},{"floor":8,"key":"Ancient Potion"},{"floor":12,"key":"Fire Potion"},{"floor":16,"key":"Explosive Potion"}],"is_trial":false,"path_per_floor":["M","?","M","$","M","R","E","M","T","R","E","M","R","E","R","B",null,"M","M","$","?","M","R","$","E"],"character_chosen":"THE_SILENT","items_purchased":["Blur","The Specimen","Catalyst"],"campfire_rested":2,"item_purchase_floors":[4,20,24],"current_hp_per_floor":[70,70,70,70,70,70,33,25,25,46,40,40,40,38,38,31,70,62,54,54,54,35,70,70,0],"gold":9,"neow_bonus":"ONE_RANDOM_RARE_CARD","is_prod":false,"is_daily":false,"chose_seed":false,"campfire_upgraded":3,"win_rate":0,"timestamp":1556752646,"path_taken":["M","?","M","$","M","R","E","M","T","R","E","M","R","E","R","BOSS","M","M","$","?","M","R","$","E"],"build_version":"2019-01-23","purchased_purges":0,"victory":false,"max_hp_per_floor":[70,70,70,70,70,70,70,70,70,70,70,70,70,70,70,70,70,70,70,70,70,70,70,70,70],"card_choices":[{"not_picked":["Deflect","Reflex"],"picked":"Poisoned Stab","floor":1},{"not_picked":["Concentrate","PiercingWail"],"picked":"Well Laid Plans","floor":3},{"not_picked":["Sucker Punch","Cloak And Dagger"],"picked":"Poisoned Stab","floor":5},{"not_picked":["Tactician","Poisoned Stab"],"picked":"Backflip","floor":7},{"not_picked":["Footwork","Dagger Throw"],"picked":"Bane","floor":8},{"not_picked":["Riddle With Holes","Flying Knee","Reflex"],"picked":"SKIP","floor":11},{"not_picked":["Dagger Spray","Underhanded Strike"],"picked":"Well Laid Plans","floor":12},{"not_picked":["Accuracy","Cloak And Dagger"],"picked":"Terror","floor":14},{"not_picked":["Adrenaline","Doppelganger"],"picked":"Corpse Explosion","floor":16},{"not_picked":["Leg Sweep+1","Dash"],"picked":"Catalyst","floor":18},{"not_picked":["Predator+1","Terror"],"picked":"Dagger Spray","floor":19},{"not_picked":["Dagger Spray","Poisoned Stab"],"picked":"Bane+1","floor":22}],"player_experience":84004,"relics_obtained":[{"floor":7,"key":"Blue Candle"},{"floor":9,"key":"Shuriken"},{"floor":11,"key":"Mummified Hand"},{"floor":14,"key":"Regal Pillow"}],"event_choices":[{"damage_healed":0,"gold_gain":0,"player_choice":"Grow","damage_taken":0,"max_hp_gain":0,"max_hp_loss":0,"event_name":"Living Wall","floor":2,"gold_loss":0,"cards_upgraded":["Poisoned Stab"]},{"damage_healed":0,"gold_gain":0,"player_choice":"Traded Relic","damage_taken":0,"relics_obtained":["Nloth\u0027s Gift"],"max_hp_gain":0,"max_hp_loss":0,"event_name":"N\u0027loth","floor":21,"relics_lost":["Blue Candle"],"gold_loss":0}],"is_beta":false,"boss_relics":[{"not_picked":["Lizard Tail","Velvet Choker"],"picked":"Philosopher\u0027s Stone"}],"items_purged_floors":[],"is_endless":false,"potions_floor_spawned":[3,5,8,12,16],"killed_by":"Slavers","ascension_level":1}