{"gold_per_floor":[115,125,125,144,165,165,209,384,435,455,455,474,518,542,542,542],"floor_reached":16,"playtime":663,"items_purged":[],"score":131,"play_id":"ba6d9938-71dd-4c56-8f3f-1f590c06ee9b","local_time":"20190505230812","is_ascension_mode":true,"campfire_choices":[{"data":"Bash","floor":6,"key":"SMITH"},{"floor":11,"key":"REST"},{"data":"Searing Blow","floor":15,"key":"SMITH"}],"neow_cost":"NONE","seed_source_timestamp":1501659642211500,"circlet_count":0,"master_deck":["Strike_R","Strike_R","Strike_R","Strike_R","Strike_R","Defend_R","Defend_R","Defend_R","Defend_R","Bash+1","Shrug It Off","Pommel Strike","Shrug It Off","Perfected Strike","Searing Blow+1","Doubt","Inflame","Flex","Whirlwind"],"relics":["Burning Blood","Golden Idol","Self Forming Clay","Smiling Mask","Bronze Scales"],"potions_floor_usage":[13,16,16],"damage_taken":[{"damage":0,"enemies":"2 Louse","floor":1,"turns":3},{"damage":0,"enemies":"Small Slimes","floor":2,"turns":3},{"damage":0,"enemies":"Cultist","floor":4,"turns":3},{"damage":31,"enemies":"Exordium Thugs","floor":5,"turns":6},{"damage":36,"enemies":"Lagavulin","floor":7,"turns":9},{"damage":9,"enemies":"2 Fungi Beasts","floor":10,"turns":5},{"damage":19,"enemies":"Looter","floor":12,"turns":3},{"damage":30,"enemies":"3 Sentries","floor":13,"turns":13},{"damage":6,"enemies":"Large Slime","floor":14,"turns":3},{"damage":35,"enemies":"Slime Boss","floor":16,"turns":3}],"seed_played":"5406024820217555260","potions_obtained":[{"floor":2,"key":"GamblersBrew"},{"floor":7,"key":"LiquidBronze"},{"floor":12,"key":"Block Potion"},{"floor":14,"key":"Ancient Potion"}],"is_trial":false,"path_per_floor":["M","M","?","M","M","R","E","?","T","M","R","M","E","M","R","B"],"character_chosen":"IRONCLAD","items_purchased":[],"campfire_rested":1,"item_purchase_floors":[],"current_hp_per_floor":[88,88,81,81,56,56,26,26,26,23,47,34,10,10,10,0],"gold":542,"neow_bonus":"TEN_PERCENT_HP_BONUS","is_prod":false,"is_daily":false,"chose_seed":false,"campfire_upgraded":2,"win_rate":0,"timestamp":1557115692,"path_taken":["M","M","?","M","M","R","E","?","T","M","R","M","E","M","R","BOSS"],"build_version":"2019-01-23","purchased_purges":0,"victory":false,"max_hp_per_floor":[88,88,81,81,81,81,81,81,81,81,81,81,81,81,81,81],"card_choices":[{"not_picked":["Headbutt","Heavy Blade"],"picked":"Shrug It Off","floor":1},{"not_picked":["Iron Wave","Havoc"],"picked":"Pommel Strike","floor":2},{"not_picked":["Cleave","Perfected Strike"],"picked":"Shrug It Off","floor":4},{"not_picked":["Exhume","Bloodletting"],"picked":"Perfected Strike","floor":5},{"not_picked":["Shrug It Off","Rage"],"picked":"Searing Blow","floor":7},{"not_picked":["Perfected Strike","Bloodletting"],"picked":"Inflame","floor":10},{"not_picked":["Anger","Warcry"],"picked":"Flex","floor":12},{"not_picked":["Uppercut","Wild Strike"],"picked":"Whirlwind","floor":13},{"not_picked":["Feel No Pain","Shrug It Off","Rupture"],"picked":"SKIP","floor":14}],"player_experience":126495,"relics_obtained":[{"floor":7,"key":"Self Forming Clay"},{"floor":9,"key":"Smiling Mask"},{"floor":13,"key":"Bronze Scales"}],"event_choices":[{"damage_healed":0,"gold_gain":0,"player_choice":"Lose Max HP","damage_taken":0,"relics_obtained":["Golden Idol"],"max_hp_gain":0,"max_hp_loss":7,"event_name":"Golden Idol","floor":3,"gold_loss":0},{"damage_healed":0,"gold_gain":175,"player_choice":"AGREE","damage_taken":0,"max_hp_gain":0,"max_hp_loss":0,"event_name":"Liars Game","floor":8,"gold_loss":0,"cards_obtained":["Doubt"]}],"is_beta":false,"boss_relics":[],"items_purged_floors":[],"is_endless":false,"potions_floor_spawned":[2,7,12,14],"killed_by":"Slime Boss","ascension_level":3}