{"gold_per_floor":[112,126,142,142,162,162,175,203,257,274,274,318,89,124,136,148],"floor_reached":16,"playtime":771,"items_purged":["Strike_G"],"score":177,"play_id":"82429ccc-3bdb-4103-a18b-ae9ffd36ee39","local_time":"20190423144600","is_ascension_mode":true,"campfire_choices":[{"data":"Neutralize","floor":6,"key":"SMITH"},{"floor":15,"key":"REST"}],"neow_cost":"CURSE","seed_source_timestamp":412828636160103,"circlet_count":0,"master_deck":["Defend_G","Defend_G","Defend_G","Defend_G+1","Defend_G+1","Strike_G","Strike_G","Strike_G","Survivor","Neutralize+1","Clumsy","Deadly Poison","Tactician","Backstab","PiercingWail","Footwork","Skewer","Catalyst","Injury","Backflip","Adrenaline","After Image"],"relics":["Ring of the Snake","Tough Bandages","Pear","War Paint","Golden Idol","Sundial","MawBank"],"potions_floor_usage":[8,12,14],"damage_taken":[{"damage":0,"enemies":"Cultist","floor":1,"turns":5},{"damage":0,"enemies":"Small Slimes","floor":2,"turns":4},{"damage":0,"enemies":"2 Louse","floor":3,"turns":4},{"damage":1,"enemies":"Looter","floor":5,"turns":4},{"damage":19,"enemies":"Lots of Slimes","floor":7,"turns":6},{"damage":6,"enemies":"3 Sentries","floor":8,"turns":17},{"damage":2,"enemies":"Blue Slaver","floor":10,"turns":3},{"damage":30,"enemies":"Gremlin Nob","floor":12,"turns":5},{"damage":4,"enemies":"3 Sentries","floor":14,"turns":7},{"damage":35,"enemies":"Slime Boss","floor":16,"turns":13}],"seed_played":"6941380225122225560","potions_obtained":[{"floor":5,"key":"FearPotion"},{"floor":7,"key":"EssenceOfSteel"},{"floor":8,"key":"Block Potion"},{"floor":10,"key":"Ancient Potion"},{"floor":12,"key":"PowerPotion"}],"is_trial":false,"path_per_floor":["M","M","M","?","M","R","M","E","T","M","?","E","$","E","R","B"],"character_chosen":"THE_SILENT","items_purchased":["Adrenaline"],"campfire_rested":1,"item_purchase_floors":[13],"current_hp_per_floor":[63,63,63,63,62,62,43,47,47,45,45,15,15,11,35,0],"gold":148,"neow_bonus":"ONE_RARE_RELIC","is_prod":false,"is_daily":false,"chose_seed":false,"campfire_upgraded":1,"win_rate":0,"timestamp":1556048760,"path_taken":["M","M","M","?","?","R","M","E","T","M","?","E","$","E","R","BOSS"],"build_version":"2019-01-23","purchased_purges":1,"victory":false,"max_hp_per_floor":[70,70,70,70,70,70,70,80,80,80,80,80,80,80,80,80],"card_choices":[{"not_picked":["Dagger Spray","Deflect"],"picked":"Deadly Poison","floor":1},{"not_picked":["Deflect","Predator"],"picked":"Tactician","floor":2},{"not_picked":["Concentrate","Flying Knee"],"picked":"Backstab","floor":3},{"not_picked":["Poisoned Stab","Underhanded Strike"],"picked":"PiercingWail","floor":5},{"not_picked":["Blade Dance","Dagger Throw"],"picked":"Footwork","floor":7},{"not_picked":["Poisoned Stab","Reflex"],"picked":"Skewer","floor":8},{"not_picked":["Dagger Throw","Prepared"],"picked":"Catalyst","floor":10},{"not_picked":["Expertise","Accuracy"],"picked":"Backflip","floor":12},{"not_picked":["Dagger Throw","Choke"],"picked":"After Image","floor":14}],"player_experience":476866,"relics_obtained":[{"floor":8,"key":"Pear"},{"floor":9,"key":"War Paint"},{"floor":12,"key":"Sundial"},{"floor":14,"key":"MawBank"}],"event_choices":[{"cards_removed":["Strike_G"],"damage_healed":0,"gold_gain":0,"player_choice":"Offered Basic","damage_taken":0,"max_hp_gain":0,"max_hp_loss":0,"event_name":"Bonfire Elementals","floor":4,"gold_loss":0},{"damage_healed":0,"gold_gain":0,"player_choice":"Take Wound","damage_taken":0,"relics_obtained":["Golden Idol"],"max_hp_gain":0,"max_hp_loss":0,"event_name":"Golden Idol","floor":11,"gold_loss":0,"cards_obtained":["Injury"]}],"is_beta":false,"boss_relics":[],"items_purged_floors":[13],"is_endless":false,"potions_floor_spawned":[5,7,8,10,12],"killed_by":"Slime Boss","ascension_level":9}