{"gold_per_floor":[113,113,113,133,143,143,162,162,216,141,141],"floor_reached":11,"playtime":420,"items_purged":["Regret"],"score":120,"play_id":"d124da85-17ac-4811-b2e7-efaf9199c565","local_time":"20190204180350","is_ascension_mode":true,"campfire_choices":[{"data":"Lockon","floor":6,"key":"SMITH"},{"floor":8,"key":"REST"}],"neow_cost":"NONE","seed_source_timestamp":6766517505797,"circlet_count":0,"master_deck":["AscendersBane","Strike_B","Strike_B","Strike_B","Defend_B","Defend_B","Defend_B","Defend_B","Zap","Dualcast","White Noise","Lockon+1","Chill","Glacier"],"relics":["Cracked Core","Art of War","Tiny Chest"],"potions_floor_usage":[],"damage_taken":[{"damage":4,"enemies":"Jaw Worm","floor":1,"turns":4},{"damage":4,"enemies":"2 Louse","floor":4,"turns":3},{"damage":10,"enemies":"Small Slimes","floor":5,"turns":3},{"damage":18,"enemies":"Exordium Wildlife","floor":7,"turns":6},{"damage":49,"enemies":"Gremlin Nob","floor":11,"turns":4}],"seed_played":"-4728405675728161615","potions_obtained":[{"floor":5,"key":"SteroidPotion"},{"floor":7,"key":"SteroidPotion"}],"is_trial":false,"path_per_floor":["M","?","?","M","M","R","M","R","T","$","E"],"character_chosen":"DEFECT","items_purchased":[],"campfire_rested":1,"item_purchase_floors":[],"current_hp_per_floor":[60,60,60,56,46,46,28,49,49,49,0],"gold":141,"neow_bonus":"REMOVE_CARD","is_prod":false,"is_daily":false,"chose_seed":false,"campfire_upgraded":1,"win_rate":0,"timestamp":1549292630,"path_taken":["M","?","?","M","M","R","M","R","T","$","E"],"build_version":"2019-01-23","purchased_purges":1,"victory":false,"max_hp_per_floor":[71,71,71,71,71,71,71,71,71,71,71],"card_choices":[{"not_picked":["Stack","Double Energy"],"picked":"White Noise","floor":1},{"not_picked":["Force Field","Sweeping Beam"],"picked":"Lockon","floor":4},{"not_picked":["Sunder","Go for the Eyes"],"picked":"Chill","floor":5},{"not_picked":["FTL","Scrape"],"picked":"Glacier","floor":7}],"player_experience":919626,"relics_obtained":[{"floor":9,"key":"Tiny Chest"}],"event_choices":[{"damage_healed":0,"gold_gain":0,"player_choice":"Ignored","damage_taken":0,"max_hp_gain":0,"max_hp_loss":0,"event_name":"Liars Game","floor":2,"gold_loss":0},{"damage_healed":0,"gold_gain":0,"player_choice":"Box","damage_taken":0,"relics_obtained":["Art of War"],"max_hp_gain":0,"max_hp_loss":0,"event_name":"Big Fish","floor":3,"gold_loss":0,"cards_obtained":["Regret"]}],"is_beta":false,"boss_relics":[],"items_purged_floors":[10],"is_endless":false,"potions_floor_spawned":[5,7],"killed_by":"Gremlin Nob","ascension_level":18}