{"gold_per_floor":[19,33,33,48,60,60,91,91,137,154,154,154,329,349,349,451,451,433,444,475,439,439,439,439,453,507,507,527,553,172,172,172,172],"floor_reached":33,"playtime":1095,"items_purged":[],"score":265,"play_id":"41e92dc3-4c76-49a9-bf8d-e494e11130ae","local_time":"20190427192158","is_ascension_mode":false,"campfire_choices":[{"data":"Neutralize","floor":6,"key":"SMITH"},{"data":"Cloak And Dagger","floor":8,"key":"SMITH"},{"data":"Bouncing Flask","floor":11,"key":"SMITH"},{"data":"Footwork","floor":15,"key":"SMITH"},{"data":"Venomology","floor":23,"key":"SMITH"},{"data":"Cloak And Dagger","floor":24,"key":"SMITH"},{"floor":27,"key":"REST"},{"data":"Acrobatics","floor":32,"key":"SMITH"}],"neow_cost":"NO_GOLD","seed_source_timestamp":270463522754425,"circlet_count":0,"master_deck":["Defend_G","Defend_G","Defend_G","Defend_G","Defend_G","Strike_G","Strike_G","Strike_G","Strike_G","Strike_G","Survivor","Neutralize+1","Slice","Dagger Throw","Dagger Spray","Acrobatics+1","Cloak And Dagger+1","Bouncing Flask+1","Doubt","Footwork+1","Venomology+1","Cloak And Dagger+1","Backstab","Infinite Blades","Infinite Blades","Riddle With Holes","Backflip","Noxious Fumes+1","After Image"],"relics":["Ring of the Serpent","WingedGreaves","Shuriken","Lantern","Red Mask","MutagenicStrength","Oddly Smooth Stone","MawBank","Boot"],"potions_floor_usage":[7,16,16,18,20,20,20,25,29,29,29,30,33,33],"damage_taken":[{"damage":3,"enemies":"Jaw Worm","floor":1,"turns":4},{"damage":0,"enemies":"Cultist","floor":2,"turns":4},{"damage":0,"enemies":"2 Louse","floor":4,"turns":2},{"damage":4,"enemies":"Large Slime","floor":5,"turns":5},{"damage":10,"enemies":"Gremlin Nob","floor":7,"turns":4},{"damage":6,"enemies":"Exordium Wildlife","floor":10,"turns":3},{"damage":0,"enemies":"3 Louse","floor":14,"turns":3},{"damage":20,"enemies":"The Guardian","floor":16,"turns":9},{"damage":8,"enemies":"2 Thieves","floor":18,"turns":4},{"damage":8,"enemies":"Shell Parasite","floor":19,"turns":6},{"damage":29,"enemies":"Masked Bandits","floor":20,"turns":5},{"damage":3,"enemies":"Cultist and Chosen","floor":25,"turns":6},{"damage":1,"enemies":"Centurion and Healer","floor":28,"turns":4},{"damage":20,"enemies":"Book of Stabbing","floor":29,"turns":7},{"damage":45,"enemies":"Collector","floor":33,"turns":6}],"seed_played":"7445520804129118100","potions_obtained":[{"floor":2,"key":"LiquidBronze"},{"floor":3,"key":"PowerPotion"},{"floor":3,"key":"Poison Potion"},{"floor":3,"key":"Explosive Potion"},{"floor":5,"key":"PowerPotion"},{"floor":10,"key":"PowerPotion"},{"floor":19,"key":"SteroidPotion"},{"floor":28,"key":"Fire Potion"},{"floor":29,"key":"FearPotion"}],"is_trial":false,"path_per_floor":["M","M","?","M","M","R","E","R","T","M","R","$","?","M","R","B",null,"M","M","?","$","?","R","R","M","T","R","M","E","$","?","R","B"],"character_chosen":"THE_SILENT","items_purchased":["Infinite Blades","Boot","After Image","Fruit Juice"],"campfire_rested":1,"item_purchase_floors":[21,30,30,30],"current_hp_per_floor":[67,67,67,67,63,63,53,53,53,47,47,47,47,47,47,27,70,62,54,25,25,25,25,25,22,22,43,42,37,42,42,42,0],"gold":172,"neow_bonus":"ONE_RARE_RELIC","is_prod":false,"is_daily":false,"chose_seed":false,"campfire_upgraded":7,"win_rate":0,"timestamp":1556410918,"path_taken":["M","M","?","M","M","R","E","R","T","M","R","?","?","M","R","BOSS","M","M","?","$","?","R","R","M","T","R","M","E","?","?","R","BOSS"],"build_version":"2019-01-23","purchased_purges":0,"victory":false,"max_hp_per_floor":[70,70,70,70,70,70,70,70,70,70,70,70,70,70,70,70,70,70,70,70,70,70,70,70,70,70,70,70,70,75,75,75,75],"card_choices":[{"not_picked":["Flying Knee","Outmaneuver"],"picked":"Slice","floor":1},{"not_picked":["Deflect","Outmaneuver"],"picked":"Dagger Throw","floor":2},{"not_picked":["Eviscerate","Slice"],"picked":"Dagger Spray","floor":4},{"not_picked":["Storm of Steel","Bane"],"picked":"Acrobatics","floor":5},{"not_picked":["Terror","Prepared"],"picked":"Cloak And Dagger","floor":7},{"not_picked":["Blade Dance","Acrobatics"],"picked":"Bouncing Flask","floor":10},{"not_picked":["Flying Knee","Flechettes"],"picked":"Footwork","floor":14},{"not_picked":["Tools of the Trade","A Thousand Cuts"],"picked":"Venomology","floor":16},{"not_picked":["Distraction","Blade Dance"],"picked":"Cloak And Dagger","floor":18},{"not_picked":["Underhanded Strike+1","Accuracy"],"picked":"Backstab","floor":19},{"not_picked":["Dodge and Roll+1","Concentrate"],"picked":"Infinite Blades","floor":20},{"not_picked":["Deflect","Dash"],"picked":"Riddle With Holes","floor":25},{"not_picked":["Bane","Endless Agony"],"picked":"Backflip","floor":28},{"not_picked":["Poisoned Stab+1","Backflip+1"],"picked":"Noxious Fumes","floor":29}],"player_experience":520878,"relics_obtained":[{"floor":7,"key":"Shuriken"},{"floor":9,"key":"Lantern"},{"floor":20,"key":"Red Mask"},{"floor":26,"key":"Oddly Smooth Stone"},{"floor":29,"key":"MawBank"}],"event_choices":[{"damage_healed":0,"gold_gain":0,"player_choice":"Got Potions","damage_taken":0,"max_hp_gain":0,"max_hp_loss":0,"event_name":"Lab","floor":3,"gold_loss":0},{"damage_healed":0,"gold_gain":175,"player_choice":"AGREE","damage_taken":0,"max_hp_gain":0,"max_hp_loss":0,"event_name":"Liars Game","floor":13,"gold_loss":0,"cards_obtained":["Doubt"]},{"damage_healed":0,"gold_gain":0,"player_choice":"Fought Bandits","damage_taken":0,"max_hp_gain":0,"max_hp_loss":0,"event_name":"Masked Bandits","floor":20,"gold_loss":0},{"damage_healed":0,"gold_gain":0,"player_choice":"Inject Mutagens","damage_taken":0,"relics_obtained":["MutagenicStrength"],"max_hp_gain":0,"max_hp_loss":0,"event_name":"Drug Dealer","floor":22,"gold_loss":0},{"damage_healed":0,"gold_gain":0,"player_choice":"Upgraded","damage_taken":0,"max_hp_gain":0,"max_hp_loss":0,"event_name":"Upgrade Shrine","floor":31,"gold_loss":0,"cards_upgraded":["Noxious Fumes"]}],"is_beta":false,"boss_relics":[{"not_picked":["Tiny House","Runic Dome"],"picked":"Ring of the Serpent"}],"items_purged_floors":[],"is_endless":false,"potions_floor_spawned":[2,5,10,19,28,29],"killed_by":"Collector","ascension_level":0}