{"gold_per_floor":[112,123,140,140,158,158,178,178,178,178,196,212,227,238,238,311,311,326,341,341,341],"floor_reached":21,"playtime":2364,"items_purged":[],"score":345,"play_id":"02e671fa-02e3-41ae-8916-f32a00ffa7ac","local_time":"20190303021926","is_ascension_mode":true,"campfire_choices":[{"data":"Leg Sweep","floor":6,"key":"SMITH"},{"data":"Neutralize","floor":8,"key":"SMITH"},{"data":"Infinite Blades","floor":10,"key":"SMITH"},{"data":"Infinite Blades","floor":15,"key":"SMITH"}],"neow_cost":"NONE","seed_source_timestamp":337458271813771,"circlet_count":0,"master_deck":["AscendersBane","Defend_G","Defend_G","Defend_G","Defend_G","Defend_G","Strike_G","Strike_G","Survivor","Neutralize+1","Infinite Blades+1","Leg Sweep+1","Dagger Throw","All Out Attack+1","Dash+1","Infinite Blades+1","Malaise","Finisher+1"],"relics":["Ring of the Snake","NeowsBlessing","Molten Egg 2","Empty Cage"],"potions_floor_usage":[16,16,21,21],"damage_taken":[{"damage":0,"enemies":"Cultist","floor":1,"turns":1},{"damage":0,"enemies":"Jaw Worm","floor":2,"turns":1},{"damage":0,"enemies":"Small Slimes","floor":3,"turns":1},{"damage":5,"enemies":"Blue Slaver","floor":5,"turns":7},{"damage":0,"enemies":"3 Louse","floor":7,"turns":6},{"damage":1,"enemies":"Exordium Wildlife","floor":11,"turns":4},{"damage":4,"enemies":"Large Slime","floor":12,"turns":5},{"damage":3,"enemies":"Exordium Thugs","floor":13,"turns":5},{"damage":0,"enemies":"Blue Slaver","floor":14,"turns":3},{"damage":21,"enemies":"Slime Boss","floor":16,"turns":8},{"damage":2,"enemies":"Chosen","floor":18,"turns":7},{"damage":35,"enemies":"Shell Parasite","floor":19,"turns":7},{"damage":20,"enemies":"Shelled Parasite and Fungi","floor":21,"turns":2}],"seed_played":"2869028151802657785","potions_obtained":[{"floor":3,"key":"FearPotion"},{"floor":11,"key":"Explosive Potion"},{"floor":16,"key":"Poison Potion"},{"floor":18,"key":"PowerPotion"}],"is_trial":false,"path_per_floor":["M","M","M","?","M","R","M","R","T","R","M","M","M","M","R","B",null,"M","M","$","M"],"character_chosen":"THE_SILENT","items_purchased":[],"campfire_rested":0,"item_purchase_floors":[],"current_hp_per_floor":[59,59,59,59,54,54,54,54,54,54,53,49,46,46,46,25,56,54,19,19,0],"gold":341,"neow_bonus":"THREE_ENEMY_KILL","is_prod":false,"is_daily":false,"chose_seed":false,"campfire_upgraded":4,"win_rate":0,"timestamp":1551568766,"path_taken":["M","?","M","?","M","R","M","R","T","R","M","M","M","M","R","BOSS","M","M","$","M"],"build_version":"2019-01-23","purchased_purges":0,"victory":false,"max_hp_per_floor":[66,66,66,66,66,66,66,66,66,66,66,66,66,66,66,66,66,66,66,66,66],"card_choices":[{"not_picked":["Deadly Poison","Poisoned Stab"],"picked":"Infinite Blades","floor":1},{"not_picked":["Masterful Stab","Underhanded Strike"],"picked":"Leg Sweep","floor":2},{"not_picked":["Crippling Poison","Reflex","Sucker Punch"],"picked":"SKIP","floor":3},{"not_picked":["Bouncing Flask","Deadly Poison"],"picked":"Dagger Throw","floor":5},{"not_picked":["Sucker Punch","Underhanded Strike","Flying Knee"],"picked":"SKIP","floor":7},{"not_picked":["Reflex","Flying Knee+1"],"picked":"All Out Attack+1","floor":11},{"not_picked":["Cloak And Dagger","Riddle With Holes+1"],"picked":"Dash+1","floor":12},{"not_picked":["Dagger Throw+1","Sucker Punch+1","Quick Slash+1"],"picked":"SKIP","floor":13},{"not_picked":["Setup","Dodge and Roll"],"picked":"Infinite Blades","floor":14},{"not_picked":["Night Terror","Bullet Time"],"picked":"Malaise","floor":16},{"not_picked":["Underhanded Strike+1","PiercingWail","Quick Slash+1"],"picked":"SKIP","floor":18},{"not_picked":["Escape Plan","Choke+1"],"picked":"Finisher+1","floor":19}],"player_experience":1000053,"relics_obtained":[{"floor":9,"key":"Molten Egg 2"}],"event_choices":[{"cards_removed":["Strike_G"],"damage_healed":0,"gold_gain":0,"player_choice":"Offered Basic","damage_taken":0,"max_hp_gain":0,"max_hp_loss":0,"event_name":"Bonfire Elementals","floor":4,"gold_loss":0}],"is_beta":false,"boss_relics":[{"not_picked":["Runic Pyramid","Eternal Feather"],"picked":"Empty Cage"}],"items_purged_floors":[],"is_endless":false,"potions_floor_spawned":[3,11,12,14,16,18],"killed_by":"Shelled Parasite and Fungi","ascension_level":19}