{"gold_per_floor":[12,28,28,28,40,40,40,40,40,40,69,80,91,126,126,201,201,217,217,231,250,91,122,122,122,122,122,149,149,163,57,57,57],"floor_reached":33,"playtime":2119,"items_purged":["Pain"],"score":557,"play_id":"dd7656c5-4269-49c0-8643-1a57a18d48e3","local_time":"20190212033407","is_ascension_mode":true,"campfire_choices":[{"data":"Zap","floor":6.0,"key":"SMITH"},{"data":"Hologram","floor":8.0,"key":"SMITH"},{"data":"Dualcast","floor":10.0,"key":"SMITH"},{"floor":15,"key":"REST"},{"floor":24,"key":"REST"},{"floor":27,"key":"REST"},{"floor":32,"key":"REST"}],"neow_cost":"NO_GOLD","seed_source_timestamp":0,"circlet_count":0,"master_deck":["AscendersBane","Strike_B","Strike_B","Strike_B","Defend_B","Defend_B","Defend_B","Defend_B","Zap+1","Dualcast+1","Ball Lightning","Hologram+1","BootSequence","Core Surge","Conserve Battery","Core Surge","Consume+1","Self Repair","Beam Cell","Scrape","Barrage","Defragment","Cold Snap"],"special_seed":0,"relics":["Cracked Core","Thread and Needle","WarpedTongs","Kunai","Orichalcum","Ancient Tea Set","Fusion Hammer","Lantern","Mercury Hourglass","Shuriken","Potion Belt"],"potions_floor_usage":[16,23,23],"damage_taken":[{"damage":2.0,"enemies":"Cultist","floor":1.0,"turns":3.0},{"damage":5.0,"enemies":"2 Louse","floor":2.0,"turns":2.0},{"damage":0.0,"enemies":"Small Slimes","floor":5.0,"turns":3.0},{"damage":23.0,"enemies":"Lagavulin","floor":11.0,"turns":7.0},{"damage":3,"enemies":"Exordium Wildlife","floor":12,"turns":3},{"damage":2,"enemies":"Large Slime","floor":13,"turns":5},{"damage":12,"enemies":"3 Sentries","floor":14,"turns":7},{"damage":18,"enemies":"The Guardian","floor":16,"turns":10},{"damage":10,"enemies":"Chosen","floor":18,"turns":5},{"damage":12,"enemies":"2 Thieves","floor":20,"turns":4},{"damage":9,"enemies":"Snecko","floor":21,"turns":5},{"damage":10,"enemies":"Slavers","floor":23,"turns":4},{"damage":67,"enemies":"Gremlin Leader","floor":28,"turns":7},{"damage":8,"enemies":"Cultist and Chosen","floor":30,"turns":4},{"damage":48,"enemies":"Automaton","floor":33,"turns":6}],"seed_played":"-5596316120540502672","potions_obtained":[{"floor":2.0,"key":"Fire Potion"},{"floor":11.0,"key":"Poison Potion"},{"floor":16,"key":"FocusPotion"},{"floor":28,"key":"Energy Potion"}],"is_trial":false,"path_per_floor":["M","M","$","?","M","R","?","R","T","R","E","M","M","E","R","B",null,"M","?","M","M","$","E","R","T","T","R","E","?","M","$","R","B"],"character_chosen":"DEFECT","items_purchased":["Self Repair","Defragment","Cold Snap"],"campfire_rested":4,"item_purchase_floors":[22,31,31],"current_hp_per_floor":[62,57,57,57,57,57,57,57,57,57,34,31,29,17,38,20,58,48,62,50,41,41,38,59,59,59,71,14,14,13,13,34,0],"gold":57,"neow_bonus":"ONE_RARE_RELIC","is_prod":false,"is_daily":false,"chose_seed":false,"campfire_upgraded":3,"win_rate":0,"timestamp":1549931647,"path_taken":["M","M","$","?","M","R","?","R","T","R","E","?","M","E","R","BOSS","M","?","M","M","$","E","R","?","T","R","E","?","?","$","R","BOSS"],"build_version":"2019-01-23","purchased_purges":1,"victory":false,"max_hp_per_floor":[71,71,71,71,71,71,71,71,71,71,71,71,71,71,71,71,71,71,71,71,71,71,71,71,71,71,71,71,71,71,71,71,71],"card_choices":[{"not_picked":["Coolheaded","Beam Cell"],"picked":"Ball Lightning","floor":1.0},{"not_picked":["Double Energy","Gash"],"picked":"Hologram","floor":2.0},{"not_picked":["Beam Cell","Chill"],"picked":"BootSequence","floor":5.0},{"not_picked":["Scrape","Rebound"],"picked":"Core Surge","floor":11.0},{"not_picked":["Ball Lightning","Blizzard","Stack"],"picked":"SKIP","floor":12},{"not_picked":["Coolheaded","Machine Learning"],"picked":"Conserve Battery","floor":13},{"not_picked":["Turbo","Go for the Eyes","Double Energy"],"picked":"SKIP","floor":14},{"not_picked":["Multi-Cast","Creative AI"],"picked":"Core Surge","floor":16},{"not_picked":["Redo","Streamline","Conserve Battery"],"picked":"SKIP","floor":18},{"not_picked":["Gash","Heatsinks"],"picked":"Consume+1","floor":20},{"not_picked":["Stack","Turbo","Streamline"],"picked":"SKIP","floor":21},{"not_picked":["Tempest","Sweeping Beam","Darkness+1"],"picked":"SKIP","floor":23},{"not_picked":["Meteor Strike","Reprogram"],"picked":"Beam Cell","floor":28},{"not_picked":["Chaos","Conserve Battery"],"picked":"Barrage","floor":30}],"player_experience":944164,"relics_obtained":[{"floor":9.0,"key":"Kunai"},{"floor":11.0,"key":"Orichalcum"},{"floor":14,"key":"Ancient Tea Set"},{"floor":23,"key":"Lantern"},{"floor":25,"key":"Mercury Hourglass"},{"floor":26,"key":"Shuriken"},{"floor":28,"key":"Potion Belt"}],"event_choices":[{"damage_healed":0.0,"max_hp_gain":0.0,"max_hp_loss":0.0,"gold_gain":0.0,"event_name":"Liars Game","player_choice":"Ignored","floor":4.0,"gold_loss":0.0,"damage_taken":0.0},{"damage_healed":0.0,"max_hp_gain":0.0,"max_hp_loss":0.0,"gold_gain":0.0,"event_name":"Accursed Blacksmith","player_choice":"Rummage","floor":7.0,"gold_loss":0.0,"damage_taken":0.0,"relics_obtained":["WarpedTongs"],"cards_obtained":["Pain"]},{"damage_healed":14,"gold_gain":0,"player_choice":"Heal","damage_taken":0,"max_hp_gain":0,"max_hp_loss":0,"event_name":"The Library","floor":19,"gold_loss":0},{"damage_healed":0,"gold_gain":0,"cards_transformed":["Strike_B"],"player_choice":"Transformed","damage_taken":0,"max_hp_gain":0,"max_hp_loss":0,"event_name":"Transmorgrifier","floor":29,"gold_loss":0,"cards_obtained":["Scrape"]}],"is_beta":false,"boss_relics":[{"not_picked":["Runic Dome","Pandora\u0027s Box"],"picked":"Fusion Hammer"}],"items_purged_floors":[22],"is_endless":false,"potions_floor_spawned":[2,11,16,28],"killed_by":"Automaton","ascension_level":18}