{"gold_per_floor":[115,127,143,153,153,153,173,198,251,251,262,262,279,279,279,279],"floor_reached":16,"playtime":533,"items_purged":[],"score":207,"play_id":"041ae438-9f40-4f52-a75e-85933a624bef","local_time":"20190321193950","is_ascension_mode":true,"campfire_choices":[{"data":"Zap","floor":6,"key":"SMITH"},{"floor":10,"key":"REST"},{"floor":12,"key":"REST"},{"floor":15,"key":"REST"}],"neow_cost":"NONE","seed_source_timestamp":22495082074734,"circlet_count":0,"master_deck":["AscendersBane","Strike_B","Strike_B","Strike_B","Strike_B","Defend_B","Defend_B","Defend_B","Defend_B","Zap+1","Dualcast","Loop","White Noise","Ball Lightning"],"relics":["Cracked Core","NeowsBlessing","Meat on the Bone","Lantern"],"potions_floor_usage":[8,14],"damage_taken":[{"damage":0,"enemies":"Cultist","floor":1,"turns":1},{"damage":0,"enemies":"2 Louse","floor":2,"turns":1},{"damage":0,"enemies":"Small Slimes","floor":3,"turns":1},{"damage":6,"enemies":"Blue Slaver","floor":4,"turns":5},{"damage":17,"enemies":"Exordium Thugs","floor":7,"turns":5},{"damage":40,"enemies":"Lagavulin","floor":8,"turns":6},{"damage":19,"enemies":"Exordium Wildlife","floor":11,"turns":4},{"damage":3,"enemies":"Blue Slaver","floor":13,"turns":3},{"damage":0,"enemies":"3 Louse","floor":14,"turns":1},{"damage":69,"enemies":"Hexaghost","floor":16,"turns":9}],"seed_played":"7758465587413607842","potions_obtained":[{"floor":3,"key":"SmokeBomb"},{"floor":4,"key":"EssenceOfSteel"}],"is_trial":false,"path_per_floor":["M","M","M","M","$","R","M","E","T","R","M","R","M","M","R","B"],"character_chosen":"DEFECT","items_purchased":[],"campfire_rested":3,"item_purchase_floors":[],"current_hp_per_floor":[64,64,64,58,58,58,41,1,1,22,15,36,45,45,66,0],"gold":279,"neow_bonus":"THREE_ENEMY_KILL","is_prod":false,"is_daily":false,"chose_seed":false,"campfire_upgraded":1,"win_rate":0,"timestamp":1553186390,"path_taken":["M","?","M","M","$","R","M","E","T","R","M","R","M","M","R","BOSS"],"build_version":"2019-01-23","purchased_purges":0,"victory":false,"max_hp_per_floor":[71,71,71,71,71,71,71,71,71,71,71,71,71,71,71,71],"card_choices":[{"not_picked":["Leap","Sweeping Beam","Storm"],"picked":"SKIP","floor":1},{"not_picked":["Go for the Eyes","Force Field"],"picked":"Loop","floor":2},{"not_picked":["Turbo","Lockon","Streamline"],"picked":"SKIP","floor":3},{"not_picked":["Static Discharge","Turbo","Hologram"],"picked":"SKIP","floor":4},{"not_picked":["Rebound","Redo","Leap"],"picked":"SKIP","floor":7},{"not_picked":["Sunder","Static Discharge"],"picked":"White Noise","floor":8},{"not_picked":["Heatsinks","Streamline"],"picked":"Ball Lightning","floor":11},{"not_picked":["Sweeping Beam","Steam","Undo"],"picked":"SKIP","floor":13}],"player_experience":1033918,"relics_obtained":[{"floor":8,"key":"Meat on the Bone"},{"floor":9,"key":"Lantern"}],"event_choices":[],"is_beta":false,"boss_relics":[],"items_purged_floors":[],"is_endless":false,"potions_floor_spawned":[3,4,14],"killed_by":"Hexaghost","ascension_level":19}