{"gold_per_floor":[361,376,30,48,67,67,97,97,97,97,131,151,151,164,164,264,264,276,288,301,319,10,10,26,26,49,75,91,119,133,149,149,246,246,265,265,278,288,59,59,90,90,116,132,166,177,192,205,205,205],"floor_reached":51,"playtime":3800,"items_purged":["Parasite","Decay"],"score":917,"play_id":"37fc5631-892f-4363-b524-aa0d807fbd1c","local_time":"20190428203548","is_ascension_mode":false,"campfire_choices":[{"data":"Distraction","floor":6,"key":"SMITH"},{"floor":10,"key":"REST"},{"data":"Crippling Poison","floor":13,"key":"SMITH"},{"data":"Neutralize","floor":15,"key":"SMITH"},{"data":"Footwork","floor":23,"key":"SMITH"},{"data":"Catalyst","floor":32,"key":"SMITH"},{"data":"Crippling Poison","floor":40,"key":"SMITH"},{"floor":42,"key":"REST"},{"floor":49,"key":"REST"}],"neow_cost":"CURSE","seed_source_timestamp":884438422372400,"circlet_count":0,"master_deck":["Defend_G","Defend_G","Defend_G","Defend_G","Strike_G","Strike_G","Strike_G","Strike_G","Strike_G","Survivor","Neutralize+1","Distraction+1","Quick Slash","Well Laid Plans","Dagger Spray","Dagger Spray","Crippling Poison+1","Footwork+1","Malaise","Escape Plan","Crippling Poison+1","Deadly Poison","Distraction+1","Die Die Die","Crippling Poison+1","Crippling Poison+1","Infinite Blades","Catalyst+1","Envenom","Escape Plan+1","Poisoned Stab","Dagger Spray+1","Backflip+1","Deadly Poison","Backstab+1","Deadly Poison+1","Bane+1","Noxious Fumes+1","Deadly Poison","Crippling Poison+1","Skewer+1"],"relics":["Ring of the Snake","Chemical X","Boot","Question Card","Thread and Needle","Snecko Eye","Snake Skull","Lantern","Dream Catcher","StoneCalendar","Black Star","Lee\u0027s Waffle","Calipers","Meat on the Bone","Orichalcum","Omamori","PreservedInsect"],"potions_floor_usage":[11,16,16,21,33,33,38,38,47,50],"damage_taken":[{"damage":3,"enemies":"Jaw Worm","floor":1,"turns":5},{"damage":0,"enemies":"Cultist","floor":2,"turns":5},{"damage":0,"enemies":"2 Louse","floor":4,"turns":3},{"damage":10,"enemies":"Exordium Wildlife","floor":5,"turns":7},{"damage":29,"enemies":"Gremlin Nob","floor":7,"turns":5},{"damage":0,"enemies":"3 Sentries","floor":11,"turns":2},{"damage":3,"enemies":"Exordium Thugs","floor":12,"turns":4},{"damage":2,"enemies":"Large Slime","floor":14,"turns":6},{"damage":11,"enemies":"Slime Boss","floor":16,"turns":10},{"damage":0,"enemies":"3 Byrds","floor":18,"turns":3},{"damage":2,"enemies":"Spheric Guardian","floor":19,"turns":8},{"damage":2,"enemies":"Snake Plant","floor":20,"turns":7},{"damage":2,"enemies":"Centurion and Healer","floor":21,"turns":5},{"damage":3,"enemies":"3 Cultists","floor":24,"turns":4},{"damage":9,"enemies":"Slavers","floor":27,"turns":2},{"damage":2,"enemies":"Cultist and Chosen","floor":28,"turns":4},{"damage":0,"enemies":"Book of Stabbing","floor":29,"turns":6},{"damage":11,"enemies":"Snake Plant","floor":30,"turns":3},{"damage":0,"enemies":"Centurion and Healer","floor":31,"turns":4},{"damage":0,"enemies":"Champ","floor":33,"turns":7},{"damage":7,"enemies":"3 Shapes","floor":35,"turns":3},{"damage":16,"enemies":"3 Darklings","floor":37,"turns":5},{"damage":41,"enemies":"Spire Growth","floor":38,"turns":6},{"damage":29,"enemies":"Nemesis","floor":41,"turns":5},{"damage":28,"enemies":"4 Shapes","floor":44,"turns":2},{"damage":21,"enemies":"Giant Head","floor":45,"turns":7},{"damage":8,"enemies":"Maw","floor":46,"turns":4},{"damage":7,"enemies":"3 Darklings","floor":47,"turns":5},{"damage":0,"enemies":"Writhing Mass","floor":48,"turns":4},{"damage":60,"enemies":"Donu and Deca","floor":50,"turns":7}],"seed_played":"-8326328418052123503","potions_obtained":[{"floor":2,"key":"GhostInAJar"},{"floor":4,"key":"SteroidPotion"},{"floor":7,"key":"Energy Potion"},{"floor":12,"key":"Strength Potion"},{"floor":14,"key":"AttackPotion"},{"floor":18,"key":"Fire Potion"},{"floor":19,"key":"GhostInAJar"},{"floor":27,"key":"Block Potion"},{"floor":29,"key":"Poison Potion"},{"floor":37,"key":"SkillPotion"},{"floor":41,"key":"GamblersBrew"},{"floor":47,"key":"SteroidPotion"}],"is_trial":false,"path_per_floor":["M","M","$","M","M","R","E","?","T","R","E","M","R","M","R","B",null,"M","M","M","M","$","R","M","?","T","E","M","E","M","M","R","B",null,"M","?","M","M","$","R","E","R","T","M","E","M","M","M","R","B",null],"character_chosen":"THE_SILENT","items_purchased":["Chemical X","Well Laid Plans","Snake Skull","Deadly Poison","Lee\u0027s Waffle","Deadly Poison"],"campfire_rested":3,"item_purchase_floors":[3,3,22,22,39,39],"current_hp_per_floor":[67,67,67,67,57,57,28,28,28,48,48,45,45,43,43,32,67,67,65,63,61,61,61,58,58,58,49,47,47,36,36,36,36,67,60,60,44,3,74,74,45,67,67,39,30,34,39,39,61,13],"gold":205,"neow_bonus":"TWO_FIFTY_GOLD","is_prod":false,"is_daily":false,"chose_seed":false,"campfire_upgraded":6,"win_rate":0.0,"timestamp":1556501748,"path_taken":["M","M","$","M","M","R","E","?","T","R","E","?","R","M","R","BOSS","M","M","?","M","$","R","M","?","T","E","M","E","M","M","R","BOSS","M","?","M","M","$","R","E","R","T","M","E","M","M","M","R","BOSS"],"build_version":"2019-01-23","purchased_purges":2,"victory":true,"max_hp_per_floor":[70,70,67,67,67,67,67,67,67,67,67,67,67,67,67,67,67,67,67,67,67,67,67,67,67,67,67,67,67,67,67,67,67,67,67,67,67,67,74,74,74,74,74,74,74,74,74,74,74,74],"card_choices":[{"not_picked":["All Out Attack","Infinite Blades"],"picked":"Distraction","floor":1},{"not_picked":["Acrobatics","Flying Knee"],"picked":"Quick Slash","floor":2},{"not_picked":["Expertise","Dodge and Roll"],"picked":"Dagger Spray","floor":4},{"not_picked":["Dagger Throw","Prepared"],"picked":"Dagger Spray","floor":5},{"not_picked":["Night Terror","Bouncing Flask"],"picked":"Crippling Poison","floor":7},{"not_picked":["Bullet Time","Flying Knee","Riddle With Holes"],"picked":"Footwork","floor":11},{"not_picked":["Sucker Punch","Crippling Poison","Dagger Throw","Riddle With Holes"],"picked":"SKIP","floor":12},{"not_picked":["Acrobatics","Underhanded Strike","Dagger Spray","Deflect"],"picked":"SKIP","floor":14},{"not_picked":["Unload","Burst","Bullet Time"],"picked":"Malaise","floor":16},{"not_picked":["Backflip","Prepared","Slice"],"picked":"Escape Plan","floor":18},{"not_picked":["Acrobatics","Slice","Dodge and Roll","Choke"],"picked":"SKIP","floor":19},{"not_picked":["Sucker Punch","Underhanded Strike+1","Flying Knee"],"picked":"Crippling Poison+1","floor":20},{"not_picked":["Blur","Underhanded Strike","Dodge and Roll","Endless Agony"],"picked":"SKIP","floor":21},{"not_picked":["Acrobatics","Accuracy","Dodge and Roll+1"],"picked":"Distraction+1","floor":24},{"not_picked":["Accuracy+1","Reflex","Terror"],"picked":"Die Die Die","floor":27},{"not_picked":["Bane+1","Backflip","Underhanded Strike"],"picked":"Crippling Poison+1","floor":28},{"not_picked":["Backflip","All Out Attack+1","Blade Dance"],"picked":"Crippling Poison","floor":29},{"not_picked":["Well Laid Plans","Backstab","Prepared"],"picked":"Infinite Blades","floor":30},{"not_picked":["Underhanded Strike","Bane","Deflect"],"picked":"Catalyst","floor":31},{"not_picked":["Unload","Venomology","Storm of Steel"],"picked":"Envenom","floor":33},{"not_picked":["Blade Dance","Acrobatics","Underhanded Strike"],"picked":"Escape Plan+1","floor":35},{"not_picked":["Deadly Poison+1","Eviscerate","Deflect"],"picked":"Dagger Spray+1","floor":37},{"not_picked":["Dash","Dagger Throw","Slice+1"],"picked":"Backflip+1","floor":38},{"not_picked":["All Out Attack","Reflex+1","Backflip"],"picked":"Backstab+1","floor":41},{"not_picked":["Venomology","Deflect+1","Acrobatics+1"],"picked":"Deadly Poison+1","floor":42},{"not_picked":["Acrobatics+1","Cloak And Dagger","Deflect"],"picked":"Bane+1","floor":44},{"not_picked":["Dagger Spray+1","Cloak And Dagger+1","Phantasmal Killer"],"picked":"Noxious Fumes+1","floor":45},{"not_picked":["Caltrops+1","Tactician+1","Dagger Spray+1"],"picked":"Deadly Poison","floor":46},{"not_picked":["Expertise","Cloak And Dagger+1","Bane+1"],"picked":"Crippling Poison+1","floor":47},{"not_picked":["Quick Slash+1","Bane","Predator+1"],"picked":"Skewer+1","floor":48}],"player_experience":40446,"relics_obtained":[{"floor":7,"key":"Boot"},{"floor":9,"key":"Question Card"},{"floor":11,"key":"Thread and Needle"},{"floor":26,"key":"Lantern"},{"floor":27,"key":"Dream Catcher"},{"floor":29,"key":"StoneCalendar"},{"floor":41,"key":"Calipers"},{"floor":41,"key":"Meat on the Bone"},{"floor":43,"key":"Orichalcum"},{"floor":45,"key":"Omamori"},{"floor":45,"key":"PreservedInsect"}],"event_choices":[{"damage_healed":0,"gold_gain":0,"player_choice":"Cursed","damage_taken":0,"max_hp_gain":0,"max_hp_loss":0,"event_name":"Wheel of Change","floor":8,"gold_loss":0,"cards_obtained":["Decay"]},{"damage_healed":0,"gold_gain":0,"player_choice":"Ignored","damage_taken":0,"max_hp_gain":0,"max_hp_loss":0,"event_name":"Beggar","floor":25,"gold_loss":0},{"damage_healed":0,"gold_gain":0,"cards_transformed":["Defend_G"],"player_choice":"Transformed","damage_taken":0,"max_hp_gain":0,"max_hp_loss":0,"event_name":"Transmorgrifier","floor":36,"gold_loss":0,"cards_obtained":["Poisoned Stab"]}],"is_beta":false,"boss_relics":[{"not_picked":["Velvet Choker","Runic Dome"],"picked":"Snecko Eye"},{"not_picked":["White Beast Statue","Philosopher\u0027s Stone"],"picked":"Black Star"}],"items_purged_floors":[3,22],"is_endless":false,"potions_floor_spawned":[2,4,7,12,14,18,19,27,28,29,30,37,41,47],"ascension_level":0}