{"gold_per_floor":[112,129,129,145,145,145,180,191,191,143,108,108,139,158,158,262,262,274,274,289,289,307,307,342,342,396,324,355,372,372,385,385,385],"floor_reached":33,"playtime":1104,"items_purged":[],"score":398,"play_id":"b4908129-c7f0-47b5-94b7-ef5191bb5d9a","local_time":"20190302195323","is_ascension_mode":true,"campfire_choices":[{"data":"Terror","floor":6,"key":"SMITH"},{"floor":12,"key":"REST"},{"floor":15,"key":"REST"},{"floor":23,"key":"REST"},{"floor":25,"key":"REST"},{"floor":32,"key":"REST"}],"neow_cost":"NONE","seed_source_timestamp":168581585280533,"circlet_count":0,"master_deck":["Defend_G+1","Defend_G+1","Defend_G+1","Defend_G+1","Defend_G+1","Strike_G+1","Strike_G+1","Strike_G+1","Strike_G+1","Strike_G+1","Survivor","Neutralize+1","Deflect","Terror+1","Bouncing Flask","Choke+1","Poisoned Stab+1","Quick Slash+1","Blur","Corpse Explosion","Endless Agony+1","Dagger Spray+1","Poisoned Stab+1","Escape Plan","Calculated Gamble+1","Well Laid Plans","Envenom"],"relics":["Ring of the Serpent","NeowsBlessing","Matryoshka","Bottled Flame","Blue Candle","Molten Egg 2","NlothsMask","Sundial","Whetstone","Art of War"],"potions_floor_usage":[24,24,24,28,33,33],"damage_taken":[{"damage":0,"enemies":"2 Louse","floor":1,"turns":1},{"damage":0,"enemies":"Jaw Worm","floor":2,"turns":1},{"damage":0,"enemies":"Cultist","floor":4,"turns":1},{"damage":36,"enemies":"3 Sentries","floor":7,"turns":12},{"damage":7,"enemies":"3 Louse","floor":8,"turns":6},{"damage":5,"enemies":"Lagavulin","floor":13,"turns":6},{"damage":0,"enemies":"2 Fungi Beasts","floor":14,"turns":3},{"damage":20,"enemies":"Hexaghost","floor":16,"turns":9},{"damage":18,"enemies":"3 Byrds","floor":18,"turns":4},{"damage":14,"enemies":"Spheric Guardian","floor":20,"turns":5},{"damage":20,"enemies":"Snake Plant","floor":22,"turns":4},{"damage":18,"enemies":"Slavers","floor":24,"turns":5},{"damage":23,"enemies":"Gremlin Leader","floor":28,"turns":7},{"damage":4,"enemies":"Cultist and Chosen","floor":29,"turns":4},{"damage":4,"enemies":"Chosen and Byrds","floor":31,"turns":4},{"damage":52,"enemies":"Collector","floor":33,"turns":7}],"seed_played":"2051961303235845292","potions_obtained":[{"floor":1,"key":"Ancient Potion"},{"floor":2,"key":"Ancient Potion"},{"floor":13,"key":"SpeedPotion"},{"floor":16,"key":"SpeedPotion"},{"floor":18,"key":"Energy Potion"},{"floor":24,"key":"FairyPotion"},{"floor":29,"key":"Fire Potion"},{"floor":30,"key":"Regen Potion"}],"is_trial":false,"path_per_floor":["M","M","?","M","$","R","E","M","T","?","?","R","E","M","R","B",null,"M","?","M","?","M","R","E","R","T","$","E","M","?","M","R","B"],"character_chosen":"THE_SILENT","items_purchased":["GhostInAJar"],"campfire_rested":5,"item_purchase_floors":[27],"current_hp_per_floor":[63,63,49,49,49,49,13,6,6,6,23,44,39,39,60,40,63,45,45,31,31,11,32,14,35,35,35,12,8,8,4,25,0],"gold":385,"neow_bonus":"THREE_ENEMY_KILL","is_prod":false,"is_daily":false,"chose_seed":false,"campfire_upgraded":1,"win_rate":0,"timestamp":1551578003,"path_taken":["M","M","?","M","$","R","E","M","T","?","?","R","E","M","R","BOSS","M","?","?","?","M","R","E","R","T","$","E","M","?","M","R","BOSS"],"build_version":"2019-01-23","purchased_purges":0,"victory":false,"max_hp_per_floor":[70,70,70,70,70,70,70,70,70,70,70,70,70,70,70,70,70,70,70,70,70,70,70,70,70,70,70,70,70,70,70,70,70],"card_choices":[{"not_picked":["Blur","Poisoned Stab"],"picked":"Deflect","floor":1},{"not_picked":["Slice","Dodge and Roll"],"picked":"Terror","floor":2},{"not_picked":["Predator","Cloak And Dagger"],"picked":"Bouncing Flask","floor":4},{"not_picked":["Dash","Flying Knee"],"picked":"Choke","floor":7},{"not_picked":["Crippling Poison","Malaise"],"picked":"Poisoned Stab","floor":8},{"not_picked":["Flechettes","Blade Dance"],"picked":"Quick Slash","floor":13},{"not_picked":["Expertise","Dagger Throw+1"],"picked":"Blur","floor":14},{"not_picked":["Burst","Phantasmal Killer"],"picked":"Corpse Explosion","floor":16},{"not_picked":["Blade Dance+1","Flying Knee+1"],"picked":"Endless Agony+1","floor":18},{"not_picked":["Skewer+1","Flying Knee+1"],"picked":"Dagger Spray+1","floor":20},{"not_picked":["Dagger Throw+1","Blade Dance"],"picked":"Poisoned Stab+1","floor":22},{"not_picked":["Flying Knee+1","Acrobatics"],"picked":"Escape Plan","floor":24},{"not_picked":["Dodge and Roll","Predator+1"],"picked":"Calculated Gamble+1","floor":28},{"not_picked":["Tactician","Dagger Throw+1"],"picked":"Well Laid Plans","floor":29},{"not_picked":["Underhanded Strike+1","Dagger Throw+1"],"picked":"Envenom","floor":31}],"player_experience":238639,"relics_obtained":[{"floor":7,"key":"Matryoshka"},{"floor":9,"key":"Bottled Flame"},{"floor":9,"key":"Blue Candle"},{"floor":13,"key":"Molten Egg 2"},{"floor":24,"key":"Sundial"},{"floor":26,"key":"Whetstone"},{"floor":28,"key":"Art of War"}],"event_choices":[{"damage_healed":0,"gold_gain":0,"player_choice":"Entered Light","damage_taken":14,"max_hp_gain":0,"max_hp_loss":0,"event_name":"Shining Light","floor":3,"gold_loss":0,"cards_upgraded":["Neutralize","Strike_G"]},{"damage_healed":0,"gold_gain":0,"player_choice":"Left Gold","damage_taken":0,"max_hp_gain":0,"max_hp_loss":0,"event_name":"World of Goop","floor":10,"gold_loss":48},{"damage_healed":17,"gold_gain":0,"player_choice":"Healed","damage_taken":0,"max_hp_gain":0,"max_hp_loss":0,"event_name":"The Cleric","floor":11,"gold_loss":35},{"damage_healed":0,"gold_gain":0,"player_choice":"Trade","damage_taken":0,"relics_obtained":["NlothsMask"],"max_hp_gain":0,"max_hp_loss":0,"event_name":"FaceTrader","floor":19,"gold_loss":0},{"damage_healed":0,"gold_gain":0,"player_choice":"Simplicity","damage_taken":0,"max_hp_gain":0,"max_hp_loss":0,"event_name":"Back to Basics","floor":21,"gold_loss":0,"cards_upgraded":["Defend_G","Defend_G","Defend_G","Defend_G","Defend_G","Strike_G","Strike_G","Strike_G","Strike_G"]},{"damage_healed":0,"gold_gain":0,"player_choice":"Got Potions","damage_taken":0,"max_hp_gain":0,"max_hp_loss":0,"event_name":"Lab","floor":30,"gold_loss":0}],"is_beta":false,"boss_relics":[{"not_picked":["Ectoplasm","Sozu"],"picked":"Ring of the Serpent"}],"items_purged_floors":[],"is_endless":false,"potions_floor_spawned":[1,2,13,16,18,24,29],"killed_by":"Collector","ascension_level":7}