{"gold_per_floor":[114,132,207,207,207,207,237,247,247,267,279,279,121,121,121,195,195,209,259,159,169,189,221,221,233,233,233],"floor_reached":27,"playtime":1472,"items_purged":["Strike_B"],"score":490,"play_id":"a57456eb-0bc2-4593-9cec-aad53cc9566e","local_time":"20190206034350","is_ascension_mode":true,"campfire_choices":[{"floor":6,"key":"REST"},{"data":"Capacitor","floor":12,"key":"SMITH"},{"data":"Coolheaded","floor":15,"key":"SMITH"},{"floor":24,"key":"REST"}],"neow_cost":"NONE","seed_source_timestamp":36841039191567,"circlet_count":0,"master_deck":["AscendersBane","Strike_B","Strike_B","Strike_B","Defend_B","Defend_B","Defend_B","Defend_B","Zap+1","Dualcast","Cold Snap+1","Glacier","Reinforced Body","Coolheaded+1","Capacitor+1","Coolheaded","Glacier","Echo Form","Go for the Eyes","Loop","Barrage","Barrage+1"],"relics":["Cracked Core","NeowsBlessing","StoneCalendar","Blood Vial","Letter Opener","Cursed Key","Darkstone Periapt"],"potions_floor_usage":[21,23,25,27],"damage_taken":[{"damage":0,"enemies":"Jaw Worm","floor":1,"turns":1},{"damage":0,"enemies":"Small Slimes","floor":2,"turns":1},{"damage":0,"enemies":"Lagavulin","floor":7,"turns":1},{"damage":0,"enemies":"2 Louse","floor":8,"turns":4},{"damage":0,"enemies":"Looter","floor":10,"turns":3},{"damage":7,"enemies":"Lots of Slimes","floor":11,"turns":4},{"damage":9,"enemies":"The Guardian","floor":16,"turns":14},{"damage":17,"enemies":"3 Byrds","floor":18,"turns":6},{"damage":4,"enemies":"2 Thieves","floor":20,"turns":5},{"damage":5,"enemies":"3 Cultists","floor":21,"turns":6},{"damage":6,"enemies":"Shelled Parasite and Fungi","floor":22,"turns":7},{"damage":50,"enemies":"Book of Stabbing","floor":23,"turns":7},{"damage":13,"enemies":"Snake Plant","floor":25,"turns":5},{"damage":19,"enemies":"Gremlin Leader","floor":27,"turns":2}],"seed_played":"8312856975433481594","potions_obtained":[{"floor":8,"key":"SkillPotion"},{"floor":10,"key":"FocusPotion"},{"floor":16,"key":"Regen Potion"},{"floor":23,"key":"Poison Potion"},{"floor":25,"key":"LiquidBronze"}],"is_trial":false,"path_per_floor":["M","M","?","?","?","R","E","M","T","M","M","R","$","?","R","B",null,"M","?","M","M","M","E","R","M","T","E"],"character_chosen":"DEFECT","items_purchased":["Glacier"],"campfire_rested":2,"item_purchase_floors":[13],"current_hp_per_floor":[64,64,53,48,27,48,48,50,50,52,47,47,47,52,52,45,68,53,53,51,48,44,1,23,12,12,0],"gold":233,"neow_bonus":"THREE_ENEMY_KILL","is_prod":false,"is_daily":false,"chose_seed":false,"campfire_upgraded":2,"win_rate":0,"timestamp":1549413830,"path_taken":["M","M","?","?","?","R","E","M","T","M","M","R","$","?","R","BOSS","M","?","M","M","?","E","R","M","T","E"],"build_version":"2019-01-23","purchased_purges":1,"victory":false,"max_hp_per_floor":[71,71,71,71,71,71,71,71,71,71,71,71,71,76,76,76,76,76,76,76,76,76,76,76,76,76,76],"card_choices":[{"not_picked":["Stack","Sunder"],"picked":"Cold Snap","floor":1},{"not_picked":["Cold Snap","Stack"],"picked":"Glacier","floor":2},{"not_picked":["Tempest","Cold Snap"],"picked":"Reinforced Body","floor":7},{"not_picked":["Streamline","Steam"],"picked":"Coolheaded","floor":8},{"not_picked":["Hologram","Coolheaded"],"picked":"Capacitor","floor":10},{"not_picked":["Undo","All For One"],"picked":"Coolheaded","floor":11},{"not_picked":["Meteor Strike","All For One"],"picked":"Echo Form","floor":16},{"not_picked":["Conserve Battery","Undo"],"picked":"Go for the Eyes","floor":18},{"not_picked":["Go for the Eyes","Streamline","Skim"],"picked":"SKIP","floor":20},{"not_picked":["Beam Cell","Steam+1","Gash"],"picked":"SKIP","floor":21},{"not_picked":["Rip and Tear+1","Skim"],"picked":"Loop","floor":22},{"not_picked":["Stack","Conserve Battery"],"picked":"Barrage","floor":23},{"not_picked":["Cold Snap","Coolheaded"],"picked":"Barrage+1","floor":25}],"player_experience":923658,"relics_obtained":[{"floor":7,"key":"Blood Vial"},{"floor":9,"key":"Letter Opener"},{"floor":23,"key":"Darkstone Periapt"}],"event_choices":[{"damage_healed":0,"gold_gain":75,"player_choice":"Gather Gold","damage_taken":11,"max_hp_gain":0,"max_hp_loss":0,"event_name":"World of Goop","floor":3,"gold_loss":0},{"damage_healed":0,"gold_gain":0,"player_choice":"Success","damage_taken":5,"relics_obtained":["StoneCalendar"],"max_hp_gain":0,"max_hp_loss":0,"event_name":"Scrap Ooze","floor":4,"gold_loss":0},{"damage_healed":0,"gold_gain":0,"player_choice":"Entered Light","damage_taken":21,"max_hp_gain":0,"max_hp_loss":0,"event_name":"Shining Light","floor":5,"gold_loss":0,"cards_upgraded":["Cold Snap","Zap"]},{"damage_healed":0,"gold_gain":0,"player_choice":"Donut","damage_taken":0,"max_hp_gain":5,"max_hp_loss":0,"event_name":"Big Fish","floor":14,"gold_loss":0},{"damage_healed":0,"gold_gain":50,"player_choice":"Pray","damage_taken":0,"max_hp_gain":0,"max_hp_loss":0,"event_name":"Golden Shrine","floor":19,"gold_loss":0}],"is_beta":false,"boss_relics":[{"not_picked":["Snecko Eye","Runic Dome"],"picked":"Cursed Key"}],"items_purged_floors":[13],"is_endless":false,"potions_floor_spawned":[8,10,11,16,23,25],"killed_by":"Gremlin Leader","ascension_level":18}