{"gold_per_floor":[110,124,49,49,49,84,111,121,148,162,174,200,200,229,229,303,303,320,320,305,305,305,305,317,334,387,399,411,424,424,436,436,513,513,532,532,544,544,564,564,578,578,578,578,94,108,108,118,118,118],"floor_reached":51,"playtime":5695,"items_purged":["Shame"],"score":1166,"play_id":"b689a57b-a8f4-44a7-9083-6068f553e760","local_time":"20181203013217","is_ascension_mode":true,"campfire_choices":[{"data":"Defragment","floor":13.0,"key":"SMITH"},{"floor":15.0,"key":"REST"},{"floor":23.0,"key":"REST"},{"floor":30.0,"key":"REST"},{"floor":32.0,"key":"REST"},{"data":"Blizzard","floor":40,"key":"SMITH"},{"data":"Defragment","floor":42,"key":"SMITH"},{"data":"Defragment","floor":44,"key":"SMITH"},{"floor":49,"key":"REST"}],"neow_cost":"NONE","seed_source_timestamp":0,"circlet_count":0,"master_deck":["AscendersBane","Defend_B+1","Defend_B+1","Defend_B","Defend_B","Zap+1","Dualcast","FTL","Conserve Battery","Steam+1","Auto Shields","Capacitor","Defragment+1","Skim+1","Thunder Strike","Cold Snap","Double Energy","Blizzard+1","Chill","Capacitor","Defragment+1","Glacier","Defragment+1","Reboot","Self Repair","Capacitor+1","Tempest+1","Ball Lightning","Barrage+1","Beam Cell","Dark Shackles","Blizzard"],"special_seed":0,"relics":["Cracked Core","NeowsBlessing","War Paint","Strawberry","PreservedInsect","Prayer Wheel","Boot","Cursed Key","Centennial Puzzle","Empty Cage","Dream Catcher","Oddly Smooth Stone","Frozen Eye"],"potions_floor_usage":[50,50],"damage_taken":[{"damage":0.0,"enemies":"2 Louse","floor":1.0,"turns":1.0},{"damage":0.0,"enemies":"Jaw Worm","floor":2.0,"turns":1.0},{"damage":0.0,"enemies":"3 Sentries","floor":6.0,"turns":1.0},{"damage":0.0,"enemies":"Cultist","floor":8.0,"turns":3.0},{"damage":0.0,"enemies":"3 Louse","floor":10.0,"turns":4.0},{"damage":0.0,"enemies":"Large Slime","floor":11.0,"turns":6.0},{"damage":5.0,"enemies":"Lagavulin","floor":12.0,"turns":7.0},{"damage":6.0,"enemies":"3 Sentries","floor":14.0,"turns":6.0},{"damage":39.0,"enemies":"Hexaghost","floor":16.0,"turns":13.0},{"damage":5.0,"enemies":"3 Byrds","floor":18.0,"turns":7.0},{"damage":13.0,"enemies":"2 Thieves","floor":20.0,"turns":4.0},{"damage":8.0,"enemies":"Centurion and Healer","floor":24.0,"turns":7.0},{"damage":10.0,"enemies":"Sentry and Sphere","floor":25.0,"turns":8.0},{"damage":29.0,"enemies":"3 Cultists","floor":27.0,"turns":8.0},{"damage":3.0,"enemies":"Centurion and Healer","floor":28.0,"turns":8.0},{"damage":8.0,"enemies":"Chosen and Byrds","floor":29.0,"turns":8.0},{"damage":10.0,"enemies":"3 Cultists","floor":31.0,"turns":6.0},{"damage":25.0,"enemies":"Collector","floor":33.0,"turns":15.0},{"damage":1,"enemies":"Orb Walker","floor":35,"turns":6},{"damage":22,"enemies":"3 Shapes","floor":37,"turns":5},{"damage":12,"enemies":"3 Darklings","floor":39,"turns":7},{"damage":6,"enemies":"Maw","floor":41,"turns":7},{"damage":7,"enemies":"Sphere and 2 Shapes","floor":46,"turns":5},{"damage":22,"enemies":"3 Darklings","floor":48,"turns":5},{"damage":37,"enemies":"Time Eater","floor":50,"turns":12}],"seed_played":"-1006164541382004912","potions_obtained":[{"floor":1.0,"key":"SpeedPotion"},{"floor":11.0,"key":"Ancient Potion"},{"floor":12.0,"key":"Block Potion"},{"floor":14.0,"key":"SkillPotion"},{"floor":20.0,"key":"Dexterity Potion"},{"floor":28.0,"key":"Weak Potion"},{"floor":33.0,"key":"Fire Potion"},{"floor":41,"key":"Dexterity Potion"}],"is_trial":false,"path_per_floor":["M","M","?","?","$","E","T","M","T","M","M","E","R","E","R","B",null,"M","$","M","?","?","R","M","M","T","M","M","M","R","M","R","B",null,"M","?","M","?","M","R","M","R","T","R","$","M","?","M","R","B",null],"character_chosen":"DEFECT","items_purchased":["Oddly Smooth Stone","Ball Lightning","Frozen Eye"],"campfire_rested":5,"item_purchase_floors":[45,45,45],"current_hp_per_floor":[64,64,64,43,43,43,50,50,50,50,50,45,45,39,62,23,64,59,59,46,46,46,69,61,51,51,22,19,11,34,24,47,22,64,63,63,48,48,43,43,44,44,44,44,44,44,44,22,44,14],"gold":118,"neow_bonus":"THREE_ENEMY_KILL","is_prod":false,"is_daily":false,"chose_seed":false,"campfire_upgraded":4,"win_rate":0,"timestamp":1543789937,"path_taken":["M","M","?","?","?","E","?","M","T","?","M","E","R","E","R","BOSS","M","$","M","?","?","R","M","M","T","M","M","M","R","M","R","BOSS","M","?","M","?","M","R","M","R","T","R","$","M","?","M","R","BOSS"],"build_version":"2018-11-15","purchased_purges":1,"victory":true,"max_hp_per_floor":[71,71,71,71,71,71,78,78,78,78,78,78,78,78,78,78,78,78,78,78,78,78,78,78,78,78,78,78,78,78,78,78,78,78,78,78,78,74,74,74,74,74,74,74,74,74,74,74,74,74],"card_choices":[{"not_picked":["Hello World","Compile Driver"],"picked":"FTL","floor":1.0},{"not_picked":["Heatsinks","Streamline"],"picked":"Conserve Battery","floor":2.0},{"not_picked":["Gash","Conserve Battery"],"picked":"Steam","floor":6.0},{"not_picked":["Double Energy","Steam Power"],"picked":"Auto Shields","floor":8.0},{"not_picked":["Redo","Sunder"],"picked":"Capacitor","floor":10.0},{"not_picked":["Loop","Double Energy"],"picked":"Defragment","floor":11.0},{"not_picked":["Amplify","Hologram","Steam Power"],"picked":"SKIP","floor":12.0},{"not_picked":["Auto Shields","Compile Driver"],"picked":"Skim","floor":14.0},{"not_picked":["Amplify","Buffer"],"picked":"Thunder Strike","floor":16.0},{"not_picked":["Stack","Compile Driver","Genetic Algorithm"],"picked":"SKIP","floor":18.0},{"not_picked":["Storm","Barrage","Fusion"],"picked":"SKIP","floor":18.0},{"not_picked":["Conserve Battery","Streamline"],"picked":"Cold Snap","floor":20.0},{"not_picked":["Rip and Tear","Hologram","Go for the Eyes"],"picked":"SKIP","floor":20.0},{"not_picked":["Cold Snap","Steam","Coolheaded"],"picked":"SKIP","floor":24.0},{"not_picked":["FTL","Blizzard","Fission"],"picked":"SKIP","floor":24.0},{"not_picked":["Beam Cell","Skim+1"],"picked":"Chill","floor":25.0},{"not_picked":["Coolheaded","Conserve Battery","Leap"],"picked":"SKIP","floor":25.0},{"not_picked":["Cold Snap","Genetic Algorithm","Streamline"],"picked":"SKIP","floor":27.0},{"not_picked":["Sweeping Beam+1","Steam Power","Rebound"],"picked":"SKIP","floor":27.0},{"not_picked":["Fusion","Blizzard"],"picked":"Capacitor","floor":28.0},{"not_picked":["Leap","Steam Power"],"picked":"Defragment","floor":28.0},{"not_picked":["Storm","Lockon"],"picked":"Glacier","floor":29.0},{"not_picked":["Sweeping Beam","Hologram"],"picked":"Ball Lightning","floor":29.0},{"not_picked":["Beam Cell+1","Gash"],"picked":"Defragment","floor":31.0},{"not_picked":["Ball Lightning","Doom and Gloom","Auto Shields"],"picked":"SKIP","floor":31.0},{"not_picked":["Meteor Strike","Multi-Cast"],"picked":"Reboot","floor":33.0},{"not_picked":["Turbo+1","Darkness+1"],"picked":"Self Repair","floor":35},{"not_picked":["Fusion","Redo","Hello World"],"picked":"SKIP","floor":35},{"not_picked":["Reinforced Body+1","Turbo+1"],"picked":"Capacitor+1","floor":37},{"not_picked":["Fusion","Conserve Battery","Sweeping Beam"],"picked":"SKIP","floor":37},{"not_picked":["Go for the Eyes+1","Gash"],"picked":"Tempest+1","floor":39},{"not_picked":["Rebound","Streamline","Gash"],"picked":"SKIP","floor":39},{"not_picked":["Recycle","Melter+1","Meteor Strike"],"picked":"SKIP","floor":41},{"not_picked":["Gash+1","Auto Shields","Turbo"],"picked":"SKIP","floor":41},{"not_picked":["Consume","Genetic Algorithm"],"picked":"Barrage+1","floor":46},{"not_picked":["Steam","Force Field"],"picked":"Beam Cell","floor":46},{"not_picked":["Good Instincts","Jack Of All Trades"],"picked":"Dark Shackles","floor":47},{"not_picked":["Barrage","Undo+1","Redo"],"picked":"SKIP","floor":48},{"not_picked":["Recycle","Chill","Cold Snap"],"picked":"SKIP","floor":48},{"not_picked":["Redo+1","Streamline"],"picked":"Blizzard","floor":49}],"player_experience":803635,"relics_obtained":[{"floor":6.0,"key":"War Paint"},{"floor":7.0,"key":"Strawberry"},{"floor":9.0,"key":"PreservedInsect"},{"floor":12.0,"key":"Prayer Wheel"},{"floor":14.0,"key":"Boot"},{"floor":26.0,"key":"Centennial Puzzle"},{"floor":43,"key":"Dream Catcher"}],"event_choices":[{"cards_removed":["Strike_B"],"damage_healed":0.0,"max_hp_gain":0.0,"max_hp_loss":0.0,"gold_gain":0.0,"event_name":"The Cleric","player_choice":"Card Removal","floor":3.0,"gold_loss":75.0,"damage_taken":0.0},{"damage_healed":0.0,"max_hp_gain":0.0,"max_hp_loss":0.0,"gold_gain":0.0,"event_name":"Shining Light","player_choice":"Entered Light","floor":4.0,"gold_loss":0.0,"damage_taken":21.0,"cards_upgraded":["Defend_B","Zap"]},{"damage_healed":0.0,"max_hp_gain":0.0,"max_hp_loss":0.0,"gold_gain":0.0,"cards_transformed":["Strike_B","Strike_B"],"event_name":"Drug Dealer","player_choice":"Became Test Subject","floor":21.0,"gold_loss":0.0,"damage_taken":0.0,"cards_obtained":["Double Energy","Blizzard"]},{"damage_healed":0.0,"max_hp_gain":0.0,"max_hp_loss":0.0,"gold_gain":0.0,"event_name":"Upgrade Shrine","player_choice":"Upgraded","floor":22.0,"gold_loss":0.0,"damage_taken":0.0,"cards_upgraded":["Skim"]},{"cards_removed":["Ball Lightning"],"damage_healed":0,"gold_gain":0,"player_choice":"Removed Attack","damage_taken":0,"max_hp_gain":0,"max_hp_loss":0,"event_name":"Falling","floor":36,"gold_loss":0},{"damage_healed":0,"gold_gain":0,"player_choice":"Max HP","damage_taken":0,"max_hp_gain":0,"max_hp_loss":4,"event_name":"Winding Halls","floor":38,"gold_loss":0},{"damage_healed":0,"gold_gain":0,"player_choice":"Memory 1","damage_taken":0,"max_hp_gain":0,"max_hp_loss":0,"event_name":"SensoryStone","floor":47,"gold_loss":0}],"is_beta":false,"boss_relics":[{"not_picked":["White Beast Statue","Busted Crown"],"picked":"Cursed Key"},{"not_picked":["Pandora\u0027s Box","Coffee Dripper"],"picked":"Empty Cage"}],"items_purged_floors":[45],"is_endless":false,"potions_floor_spawned":[1,11,12,14,16,20,24,25,28,29,33,41,48],"ascension_level":16}