{"gold_per_floor":[365,375,1,19,19,19,44,44,44,63,93,93,93,93,93,212,212,236,251,274,74,98,98,119,134,134,134,154,16,16],"floor_reached":30,"playtime":1357,"items_purged":["Decay"],"score":360,"play_id":"7c4b67f7-753d-4ff7-9aa7-10bb50abcbda","local_time":"20190305141920","is_ascension_mode":true,"campfire_choices":[{"data":"Neutralize","floor":6,"key":"SMITH"},{"data":"Catalyst","floor":8,"key":"SMITH"},{"data":"Footwork","floor":13,"key":"SMITH"},{"floor":15,"key":"REST"},{"floor":23,"key":"REST"},{"data":"Catalyst","floor":27,"key":"SMITH"}],"neow_cost":"CURSE","seed_source_timestamp":144315793084011,"circlet_count":0,"master_deck":["Survivor","Neutralize+1","Poisoned Stab","Dodge and Roll","Adrenaline","Crippling Poison","Poisoned Stab","Catalyst+1","Deadly Poison","Footwork+1","Neutralize+1","Corpse Explosion","Flying Knee+1","PiercingWail","Grand Finale+1","Wraith Form v2","Choke+1","A Thousand Cuts","Caltrops","Well Laid Plans","Blur","Escape Plan","PiercingWail+1","Acrobatics","Bane+1","Crippling Poison","Catalyst+1","Cloak And Dagger","Slice+1"],"relics":["Ring of the Snake","Oddly Smooth Stone","The Courier","Molten Egg 2","Bottled Flame","Golden Idol","Pandora\u0027s Box","Paper Crane","Letter Opener","Happy Flower"],"potions_floor_usage":[18],"damage_taken":[{"damage":3,"enemies":"Small Slimes","floor":1,"turns":5},{"damage":6,"enemies":"Jaw Worm","floor":2,"turns":5},{"damage":0,"enemies":"Cultist","floor":4,"turns":4},{"damage":7,"enemies":"3 Sentries","floor":7,"turns":13},{"damage":0,"enemies":"Exordium Wildlife","floor":10,"turns":3},{"damage":0,"enemies":"Lagavulin","floor":11,"turns":5},{"damage":4,"enemies":"The Guardian","floor":16,"turns":8},{"damage":0,"enemies":"3 Byrds","floor":18,"turns":3},{"damage":22,"enemies":"Spheric Guardian","floor":19,"turns":4},{"damage":10,"enemies":"Snecko","floor":20,"turns":6},{"damage":12,"enemies":"Centurion and Healer","floor":22,"turns":8},{"damage":11,"enemies":"Shelled Parasite and Fungi","floor":24,"turns":7},{"damage":2,"enemies":"Snake Plant","floor":25,"turns":4},{"damage":9,"enemies":"3 Cultists","floor":28,"turns":3},{"damage":21,"enemies":"Sentry and Sphere","floor":30,"turns":3}],"seed_played":"5215594662024046648","potions_obtained":[{"floor":1,"key":"Strength Potion"},{"floor":7,"key":"AttackPotion"},{"floor":10,"key":"Dexterity Potion"},{"floor":19,"key":"Dexterity Potion"},{"floor":20,"key":"Ancient Potion"}],"is_trial":false,"path_per_floor":["M","M","$","M","?","R","E","R","T","M","E","?","R","?","R","B",null,"M","M","M","$","M","R","M","M","T","R","M","$","M"],"character_chosen":"THE_SILENT","items_purchased":["Adrenaline","Crippling Poison","Oddly Smooth Stone","Paper Crane","Happy Flower","Slice+1"],"campfire_rested":2,"item_purchase_floors":[3,3,3,21,29,29],"current_hp_per_floor":[60,54,54,54,54,54,47,47,47,47,47,30,30,30,51,47,64,64,42,32,32,20,41,30,28,28,28,19,19,0],"gold":16,"neow_bonus":"TWO_FIFTY_GOLD","is_prod":false,"is_daily":false,"chose_seed":false,"campfire_upgraded":4,"win_rate":0,"timestamp":1551817160,"path_taken":["M","M","$","M","?","R","E","R","T","M","E","?","R","?","R","BOSS","M","M","M","$","M","R","M","M","T","R","?","$","M"],"build_version":"2019-01-23","purchased_purges":1,"victory":false,"max_hp_per_floor":[70,70,70,70,70,70,70,70,70,70,70,70,70,70,70,70,70,70,70,70,70,70,70,70,70,70,70,70,70,70],"card_choices":[{"not_picked":["Backflip","Acrobatics"],"picked":"Poisoned Stab","floor":1},{"not_picked":["All Out Attack","Backflip"],"picked":"Dodge and Roll","floor":2},{"not_picked":["Dagger Spray","Prepared"],"picked":"Poisoned Stab","floor":4},{"not_picked":["Deflect","Sucker Punch"],"picked":"Catalyst","floor":7},{"not_picked":["Heel Hook+1","Dodge and Roll"],"picked":"Deadly Poison","floor":10},{"not_picked":["Blur","Masterful Stab+1"],"picked":"Footwork","floor":11},{"not_picked":["Tools of the Trade","Bullet Time"],"picked":"Corpse Explosion","floor":16},{"not_picked":["Sucker Punch+1","Backflip"],"picked":"Escape Plan","floor":18},{"not_picked":["Cloak And Dagger+1","Dagger Throw+1"],"picked":"PiercingWail+1","floor":19},{"not_picked":["Tools of the Trade","Underhanded Strike+1"],"picked":"Acrobatics","floor":20},{"not_picked":["Flechettes+1","Caltrops+1"],"picked":"Bane+1","floor":22},{"not_picked":["Slice+1","Underhanded Strike+1"],"picked":"Crippling Poison","floor":24},{"not_picked":["Bane+1","Crippling Poison+1"],"picked":"Catalyst","floor":25},{"not_picked":["Flying Knee+1","Blade Dance"],"picked":"Cloak And Dagger","floor":28}],"player_experience":267521,"relics_obtained":[{"floor":7,"key":"The Courier"},{"floor":9,"key":"Molten Egg 2"},{"floor":11,"key":"Bottled Flame"},{"floor":26,"key":"Letter Opener"}],"event_choices":[{"cards_removed":["Strike_G"],"damage_healed":0,"gold_gain":0,"player_choice":"Forget","damage_taken":0,"max_hp_gain":0,"max_hp_loss":0,"event_name":"Living Wall","floor":5,"gold_loss":0},{"damage_healed":0,"gold_gain":0,"player_choice":"Take Damage","damage_taken":17,"relics_obtained":["Golden Idol"],"max_hp_gain":0,"max_hp_loss":0,"event_name":"Golden Idol","floor":12,"gold_loss":0},{"damage_healed":0,"gold_gain":0,"player_choice":"1 cards matched","damage_taken":0,"max_hp_gain":0,"max_hp_loss":0,"event_name":"Match and Keep!","floor":14,"gold_loss":0,"cards_obtained":["Neutralize"]}],"is_beta":false,"boss_relics":[{"not_picked":["Eternal Feather","WristBlade"],"picked":"Pandora\u0027s Box"}],"items_purged_floors":[3],"is_endless":false,"potions_floor_spawned":[1,7,10,11,19,20,28],"killed_by":"Sentry and Sphere","ascension_level":7}