{"gold_per_floor":[159,159,204,261,261,261,261,346,346,437,551,639,743,844,844,1091,1091,1140,1090,726,807,807,888,976,1082,1143,1269,989,1093,478,582,582,823,823,875,621,621,282,615,699,795,870,893,974,1049,637,712,748,748,748,748],"floor_reached":52,"playtime":2669,"items_purged":[],"score":3704,"play_id":"9a718276-6997-4c8b-a598-afea93a64a07","local_time":"20190524174641","daily_mods":["Draft","Vintage","Diverse","Heirloom","Flight","DeadlyEvents","Elite Swarm","Midas"],"is_ascension_mode":true,"campfire_choices":[{"floor":6,"key":"REST"},{"floor":7,"key":"REST"},{"floor":15,"key":"REST"},{"data":"1","floor":32,"key":"LIFT"},{"data":"2","floor":49,"key":"LIFT"}],"neow_cost":"","seed_source_timestamp":0,"circlet_count":0,"master_deck":["AscendersBane","Anger","Wild Strike","Dagger Spray","Well Laid Plans+1","Stack","Hemokinesis","Gash","Terror","Clothesline","Reinforced Body","Armaments","Deadly Poison+1","Ball Lightning","Prepared+1","Feed","Core Surge","Immolate","Buffer","Envenom","Amplify","Intimidate","Dagger Throw","Thunderclap","Ball Lightning","Dagger Throw","After Image","Feed+1","RitualDagger","After Image","Double Tap+1","Core Surge","Blind+1","FTL","Impervious+1","Envenom","Impervious+1","Deflect+1","Dark Shackles+1","Flash of Steel+1","Apotheosis+1","Echo Form","After Image","Buffer","Offering+1","Phantasmal Killer+1","Backstab","True Grit+1","PiercingWail+1","Corpse Explosion+1"],"relics":["Ring of the Snake","Prayer Wheel","Bottled Tornado","Torii","Vajra","Matryoshka","Boot","War Paint","FossilizedHelix","PreservedInsect","Tingsha","Happy Flower","Letter Opener","Anchor","Orrery","Toxic Egg 2","Ninja Scroll","Orichalcum","Girya","MawBank","Incense Burner","Lantern","Blood Vial","Kunai","Strawberry","Pear","Meat on the Bone","Turnip","Bag of Marbles","Fusion Hammer","Ornamental Fan","TwistedFunnel","Unceasing Top","Smiling Mask","Bronze Scales","Paper Crane","Oddly Smooth Stone","Whetstone","Du-Vu Doll","Membership Card","Snake Skull","Thread and Needle","Mummified Hand"],"potions_floor_usage":[16,21,50],"damage_taken":[{"damage":7,"enemies":"Small Slimes","floor":1,"turns":3},{"damage":0,"enemies":"Cultist","floor":3,"turns":3},{"damage":0,"enemies":"2 Louse","floor":4,"turns":2},{"damage":2,"enemies":"Gremlin Nob","floor":8,"turns":3},{"damage":14,"enemies":"Lagavulin","floor":10,"turns":4},{"damage":0,"enemies":"Gremlin Nob","floor":11,"turns":3},{"damage":0,"enemies":"3 Sentries","floor":12,"turns":2},{"damage":0,"enemies":"Lagavulin","floor":13,"turns":5},{"damage":0,"enemies":"Gremlin Nob","floor":14,"turns":2},{"damage":0,"enemies":"Slime Boss","floor":16,"turns":7},{"damage":0,"enemies":"Chosen","floor":18,"turns":3},{"damage":0,"enemies":"Gremlin Leader","floor":21,"turns":3},{"damage":2,"enemies":"Book of Stabbing","floor":23,"turns":4},{"damage":15,"enemies":"Slavers","floor":24,"turns":3},{"damage":0,"enemies":"Gremlin Leader","floor":25,"turns":5},{"damage":6,"enemies":"Slavers","floor":27,"turns":3},{"damage":15,"enemies":"Book of Stabbing","floor":29,"turns":3},{"damage":0,"enemies":"Slavers","floor":31,"turns":1},{"damage":16,"enemies":"Champ","floor":33,"turns":11},{"damage":0,"enemies":"3 Darklings","floor":35,"turns":2},{"damage":0,"enemies":"Reptomancer","floor":40,"turns":2},{"damage":0,"enemies":"Giant Head","floor":41,"turns":4},{"damage":0,"enemies":"Nemesis","floor":42,"turns":3},{"damage":0,"enemies":"Giant Head","floor":44,"turns":6},{"damage":0,"enemies":"Nemesis","floor":45,"turns":5},{"damage":0,"enemies":"Giant Head","floor":47,"turns":5},{"damage":0,"enemies":"Orb Walker","floor":48,"turns":2},{"damage":0,"enemies":"Awakened One","floor":50,"turns":8},{"damage":0,"enemies":"Time Eater","floor":51,"turns":5}],"seed_played":"7580575105489446236","potions_obtained":[{"floor":4,"key":"Explosive Potion"},{"floor":11,"key":"Swift Potion"},{"floor":18,"key":"EntropicBrew"},{"floor":21,"key":"SpeedPotion"},{"floor":31,"key":"AttackPotion"},{"floor":42,"key":"PowerPotion"}],"is_trial":true,"path_per_floor":["M","?","M","M","?","R","R","E","T","E","E","E","E","E","R","B",null,"M","?","$","E","?","E","E","E","T","E","$","E","$","E","R","B",null,"M","$","?","$","?","E","E","E","T","E","E","$","E","M","R","B","B",null],"character_chosen":"THE_SILENT","items_purchased":["Ninja Scroll","After Image","Blind+1","FTL","Strawberry","Meat on the Bone","Turnip","TwistedFunnel","Deflect+1","Unceasing Top","Membership Card","Snake Skull","Backstab","True Grit+1","PiercingWail+1"],"campfire_rested":3,"item_purchase_floors":[20,20,28,28,28,30,30,36,36,38,46,46,46,46,46],"current_hp_per_floor":[52,52,52,52,29,48,66,64,64,54,58,61,65,69,85,88,88,88,88,88,91,85,83,71,71,71,70,77,74,74,76,76,62,101,103,103,93,93,93,98,100,102,102,108,114,114,116,118,118,120,122],"gold":748,"neow_bonus":"","is_prod":false,"is_daily":false,"chose_seed":false,"campfire_upgraded":0,"win_rate":0,"timestamp":1558738001,"path_taken":["M","?","?","M","?","R","R","E","T","E","E","E","E","?","R","BOSS","M","?","$","?","?","E","E","E","T","E","$","E","$","E","R","BOSS","M","$","?","$","?","E","E","E","T","E","E","$","E","M","R","BOSS","BOSS"],"build_version":"2019-01-23","purchased_purges":0,"victory":true,"max_hp_per_floor":[66,66,66,66,66,66,66,66,66,70,74,77,81,85,85,88,88,88,88,88,91,91,91,94,94,94,97,104,114,114,114,114,114,114,114,114,114,114,114,117,117,117,117,121,125,125,125,125,125,125,125],"card_choices":[{"not_picked":["Quick Slash","Sunder"],"picked":"Anger","floor":0},{"not_picked":["Blood for Blood","Perfected Strike"],"picked":"Wild Strike","floor":0},{"not_picked":["Compile Driver","Cleave"],"picked":"Dagger Spray","floor":0},{"not_picked":["Flex","Leg Sweep"],"picked":"Well Laid Plans","floor":0},{"not_picked":["Dagger Spray","Bloodletting"],"picked":"Stack","floor":0},{"not_picked":["Finisher","Outmaneuver"],"picked":"Hemokinesis","floor":0},{"not_picked":["Endless Agony","Clash"],"picked":"Gash","floor":0},{"not_picked":["Acrobatics","Cold Snap"],"picked":"Terror","floor":0},{"not_picked":["Glacier","Footwork"],"picked":"Clothesline","floor":0},{"not_picked":["Dual Wield","Compile Driver"],"picked":"Reinforced Body","floor":0},{"not_picked":["Headbutt","Perfected Strike"],"picked":"Armaments","floor":0},{"not_picked":["Streamline","Cloak And Dagger"],"picked":"Deadly Poison","floor":0},{"not_picked":["Infernal Blade","Concentrate"],"picked":"Ball Lightning","floor":0},{"not_picked":["Quick Slash","Rupture"],"picked":"Dropkick","floor":0},{"not_picked":["Conserve Battery","Sweeping Beam"],"picked":"Prepared","floor":0},{"not_picked":["Juggernaut","Wraith Form v2"],"picked":"Feed","floor":8},{"not_picked":["Corpse Explosion","Tools of the Trade"],"picked":"Core Surge","floor":10},{"not_picked":["Tools of the Trade","Machine Learning"],"picked":"Immolate","floor":11},{"not_picked":["Fission","Creative AI"],"picked":"Buffer","floor":12},{"not_picked":["Wraith Form v2","Phantasmal Killer"],"picked":"Envenom","floor":13},{"not_picked":["Unload","Juggernaut","Envenom"],"picked":"SKIP","floor":14},{"not_picked":["Meteor Strike","Berserk"],"picked":"Amplify","floor":16},{"not_picked":["Compile Driver","Wild Strike"],"picked":"Intimidate","floor":17},{"not_picked":["Barrage","Compile Driver"],"picked":"Dagger Throw","floor":17},{"not_picked":["Bane","Bludgeon"],"picked":"Thunderclap","floor":17},{"not_picked":["Blade Dance","Deflect"],"picked":"Ball Lightning","floor":17},{"not_picked":["Double Energy","Flex"],"picked":"Dagger Throw","floor":17},{"not_picked":["Glass Knife","Night Terror+1"],"picked":"Feed","floor":21},{"not_picked":["Thunder Strike","Electrodynamics","Doppelganger+1"],"picked":"SKIP","floor":23},{"not_picked":["Storm of Steel+1","Rainbow+1"],"picked":"After Image","floor":24},{"not_picked":["Glass Knife","Immolate"],"picked":"Double Tap+1","floor":25},{"not_picked":["Bludgeon","Unload"],"picked":"Core Surge","floor":27},{"not_picked":["Berserk","Wraith Form v2"],"picked":"Impervious+1","floor":29},{"not_picked":["Seek+1","Brutality"],"picked":"Envenom","floor":31},{"not_picked":["Bludgeon","Reaper"],"picked":"Impervious+1","floor":33},{"not_picked":["Finesse+1","Forethought+1"],"picked":"Dark Shackles+1","floor":37},{"not_picked":["Swift Strike","Discovery+1"],"picked":"Flash of Steel","floor":37},{"not_picked":["Good Instincts+1","Mind Blast"],"picked":"Apotheosis+1","floor":37},{"not_picked":["Biased Cognition","Feed"],"picked":"Echo Form","floor":40},{"not_picked":["Feed","Core Surge"],"picked":"After Image","floor":41},{"not_picked":["Rainbow+1","Envenom"],"picked":"Buffer","floor":42},{"not_picked":["Rainbow+1","After Image"],"picked":"Offering+1","floor":44},{"not_picked":["Reaper","Berserk"],"picked":"Phantasmal Killer+1","floor":45},{"not_picked":["Seek+1","After Image"],"picked":"Corpse Explosion+1","floor":47}],"player_experience":555231,"relics_obtained":[{"floor":1,"key":"Bottled Tornado"},{"floor":3,"key":"Vajra"},{"floor":4,"key":"Matryoshka"},{"floor":8,"key":"Boot"},{"floor":9,"key":"War Paint"},{"floor":9,"key":"FossilizedHelix"},{"floor":10,"key":"PreservedInsect"},{"floor":11,"key":"Tingsha"},{"floor":12,"key":"Happy Flower"},{"floor":13,"key":"Letter Opener"},{"floor":14,"key":"Anchor"},{"floor":18,"key":"Toxic Egg 2"},{"floor":21,"key":"Orichalcum"},{"floor":23,"key":"Girya"},{"floor":24,"key":"MawBank"},{"floor":25,"key":"Incense Burner"},{"floor":26,"key":"Lantern"},{"floor":26,"key":"Blood Vial"},{"floor":27,"key":"Kunai"},{"floor":29,"key":"Pear"},{"floor":31,"key":"Bag of Marbles"},{"floor":35,"key":"Ornamental Fan"},{"floor":40,"key":"Smiling Mask"},{"floor":41,"key":"Bronze Scales"},{"floor":42,"key":"Paper Crane"},{"floor":43,"key":"Oddly Smooth Stone"},{"floor":44,"key":"Whetstone"},{"floor":45,"key":"Du-Vu Doll"},{"floor":47,"key":"Thread and Needle"},{"floor":48,"key":"Mummified Hand"}],"event_choices":[{"cards_removed":["Dropkick"],"damage_healed":0,"gold_gain":0,"player_choice":"Gave Card","damage_taken":0,"relics_obtained":["Torii"],"max_hp_gain":0,"max_hp_loss":0,"event_name":"WeMeetAgain","floor":2,"gold_loss":0},{"damage_healed":0,"gold_gain":0,"player_choice":"Take Damage","damage_taken":23,"relics_obtained":["Golden Idol"],"max_hp_gain":0,"max_hp_loss":0,"event_name":"Golden Idol","floor":5,"gold_loss":0},{"damage_healed":0,"gold_gain":0,"player_choice":"Upgrade","damage_taken":0,"max_hp_gain":0,"max_hp_loss":0,"event_name":"Designer","floor":19,"gold_loss":50,"cards_upgraded":["Well Laid Plans"]},{"damage_healed":0,"gold_gain":0,"player_choice":"Joined the Cult","damage_taken":6,"max_hp_gain":0,"max_hp_loss":0,"event_name":"Nest","floor":22,"gold_loss":0,"cards_obtained":["RitualDagger"]},{"damage_healed":0,"gold_gain":0,"player_choice":"Memory 3","damage_taken":10,"max_hp_gain":0,"max_hp_loss":0,"event_name":"SensoryStone","floor":37,"gold_loss":0},{"damage_healed":0,"gold_gain":333,"player_choice":"Gave Idol","damage_taken":0,"max_hp_gain":0,"max_hp_loss":0,"event_name":"The Moai Head","floor":39,"relics_lost":["Golden Idol"],"gold_loss":0}],"is_beta":false,"boss_relics":[{"not_picked":["Cursed Key","Astrolabe"],"picked":"Orrery"},{"not_picked":["Lizard Tail","Runic Dome"],"picked":"Fusion Hammer"}],"items_purged_floors":[],"is_endless":false,"potions_floor_spawned":[4,11,13,14,18,21,25,31,42,44,45,47],"ascension_level":20}