{"gold_per_floor":[113,113,38,54,54,80,92,103,176,176,188,203,203,218,218,294,294,304,155,0,18,38,38,66,66,92,92,112,122,137,137,137,213,213,229,229],"floor_reached":36,"playtime":4750,"items_purged":["Well Laid Plans"],"score":854,"play_id":"7a55e873-fcde-4d4d-87b4-6f4ba444f1f3","local_time":"20190223203502","is_ascension_mode":true,"campfire_choices":[{"data":"Footwork","floor":10.0,"key":"SMITH"},{"data":"Corpse Explosion","floor":13.0,"key":"SMITH"},{"floor":15.0,"key":"REST"},{"floor":23,"key":"REST"},{"floor":25,"key":"REST"},{"data":"Noxious Fumes","floor":27,"key":"SMITH"},{"data":"Acrobatics","floor":32,"key":"SMITH"}],"neow_cost":"NONE","seed_source_timestamp":0,"circlet_count":0,"master_deck":["AscendersBane","Defend_G+1","Defend_G","Defend_G","Defend_G","Defend_G+1","Strike_G","Strike_G","Strike_G","Strike_G","Survivor","Neutralize","Tactician","Corpse Explosion+1","Footwork+1","Leg Sweep","Malaise","Noxious Fumes+1","Footwork","Concentrate","Footwork","Acrobatics+1","Backflip","A Thousand Cuts","After Image"],"special_seed":0,"relics":["Ring of the Snake","NeowsBlessing","Du-Vu Doll","Letter Opener","Runic Pyramid","Vajra","Happy Flower","Busted Crown"],"potions_floor_usage":[24,24,33,33],"damage_taken":[{"damage":0.0,"enemies":"Small Slimes","floor":1.0,"turns":1.0},{"damage":0.0,"enemies":"2 Louse","floor":4.0,"turns":1.0},{"damage":0.0,"enemies":"Lagavulin","floor":6.0,"turns":1.0},{"damage":4.0,"enemies":"Jaw Worm","floor":7.0,"turns":4.0},{"damage":0.0,"enemies":"2 Fungi Beasts","floor":8.0,"turns":2.0},{"damage":5.0,"enemies":"Gremlin Gang","floor":11.0,"turns":3.0},{"damage":0.0,"enemies":"Red Slaver","floor":12.0,"turns":5.0},{"damage":3.0,"enemies":"Looter","floor":14.0,"turns":4.0},{"damage":5.0,"enemies":"The Guardian","floor":16.0,"turns":12.0},{"damage":11,"enemies":"Chosen","floor":18,"turns":7},{"damage":5,"enemies":"Shell Parasite","floor":21,"turns":6},{"damage":23,"enemies":"Shelled Parasite and Fungi","floor":22,"turns":8},{"damage":30,"enemies":"Gremlin Leader","floor":24,"turns":9},{"damage":0,"enemies":"Snecko","floor":28,"turns":5},{"damage":0,"enemies":"Chosen and Byrds","floor":29,"turns":8},{"damage":3,"enemies":"Centurion and Healer","floor":30,"turns":6},{"damage":34,"enemies":"Champ","floor":33,"turns":13},{"damage":2,"enemies":"Orb Walker","floor":35,"turns":4},{"damage":49,"enemies":"2 Orb Walkers","floor":36,"turns":3}],"seed_played":"-140801609824623951","potions_obtained":[{"floor":4.0,"key":"Block Potion"},{"floor":6.0,"key":"GamblersBrew"},{"floor":12.0,"key":"AttackPotion"},{"floor":14.0,"key":"Energy Potion"},{"floor":24,"key":"AttackPotion"},{"floor":30,"key":"FearPotion"}],"is_trial":false,"path_per_floor":["M","?","?","M","?","E","M","M","T","R","M","M","R","M","R","B",null,"M","$","?","M","M","R","E","R","T","R","M","M","M","?","R","B",null,"M","?"],"character_chosen":"THE_SILENT","items_purchased":["Footwork"],"campfire_rested":3,"item_purchase_floors":[19],"current_hp_per_floor":[59,39,39,39,39,39,35,35,35,35,30,30,30,27,46,41,60,49,49,49,44,21,40,10,29,29,29,29,29,26,39,39,5,51,49,0],"gold":229,"neow_bonus":"THREE_ENEMY_KILL","is_prod":false,"is_daily":false,"chose_seed":false,"campfire_upgraded":4,"win_rate":0,"timestamp":1550943302,"path_taken":["M","?","?","?","?","E","M","M","T","R","?","M","R","M","R","BOSS","M","$","?","M","M","R","E","R","T","R","M","M","M","?","R","BOSS","M","?"],"build_version":"2019-01-23","purchased_purges":1,"victory":false,"max_hp_per_floor":[66,66,66,66,66,66,66,66,66,66,66,66,66,66,66,66,66,66,66,66,66,66,66,66,66,66,66,66,66,66,66,66,66,66,66,66],"card_choices":[{"not_picked":["Acrobatics","Bane"],"picked":"Tactician","floor":1.0},{"not_picked":["Quick Slash","Deadly Poison","Finisher"],"picked":"SKIP","floor":4.0},{"not_picked":["Endless Agony","Underhanded Strike","Flying Knee"],"picked":"SKIP","floor":6.0},{"not_picked":["Bane","Sucker Punch"],"picked":"Footwork","floor":7.0},{"not_picked":["Crippling Poison","Underhanded Strike","Sucker Punch"],"picked":"SKIP","floor":8.0},{"not_picked":["Setup","Deadly Poison"],"picked":"Leg Sweep","floor":11.0},{"not_picked":["Outmaneuver","Dagger Throw"],"picked":"Well Laid Plans","floor":12.0},{"not_picked":["Bane","Underhanded Strike","Accuracy"],"picked":"SKIP","floor":14.0},{"not_picked":["Phantasmal Killer","Glass Knife"],"picked":"Malaise","floor":16.0},{"not_picked":["PiercingWail","Deflect"],"picked":"Noxious Fumes","floor":18},{"not_picked":["Quick Slash","PiercingWail"],"picked":"Concentrate","floor":21},{"not_picked":["Noxious Fumes","PiercingWail","Quick Slash"],"picked":"SKIP","floor":22},{"not_picked":["Backflip","Dash"],"picked":"Footwork","floor":24},{"not_picked":["Outmaneuver+1","Leg Sweep"],"picked":"Acrobatics","floor":28},{"not_picked":["Cloak And Dagger","Dagger Throw+1"],"picked":"Backflip","floor":29},{"not_picked":["Sucker Punch+1","A Thousand Cuts","Underhanded Strike"],"picked":"SKIP","floor":30},{"not_picked":["Sucker Punch+1","Underhanded Strike"],"picked":"A Thousand Cuts","floor":30},{"not_picked":["Malaise","Grand Finale"],"picked":"After Image","floor":33},{"not_picked":["Deadly Poison"],"picked":"SKIP","floor":35}],"player_experience":988350,"relics_obtained":[{"floor":6.0,"key":"Du-Vu Doll"},{"floor":9.0,"key":"Letter Opener"},{"floor":24,"key":"Vajra"},{"floor":26,"key":"Happy Flower"}],"event_choices":[{"damage_healed":0.0,"max_hp_gain":0.0,"max_hp_loss":0.0,"gold_gain":0.0,"event_name":"Shining Light","player_choice":"Entered Light","floor":2.0,"gold_loss":0.0,"damage_taken":20.0,"cards_upgraded":["Defend_G","Defend_G"]},{"cards_removed":["Strike_G"],"damage_healed":0.0,"max_hp_gain":0.0,"max_hp_loss":0.0,"gold_gain":0.0,"event_name":"The Cleric","player_choice":"Card Removal","floor":3.0,"gold_loss":75.0,"damage_taken":0.0},{"damage_healed":0.0,"max_hp_gain":0.0,"max_hp_loss":0.0,"gold_gain":0.0,"event_name":"Match and Keep!","player_choice":"1 cards matched","floor":5.0,"gold_loss":0.0,"damage_taken":0.0,"cards_obtained":["Corpse Explosion"]},{"damage_healed":0,"gold_gain":0,"player_choice":"Paid Fearfully","damage_taken":0,"max_hp_gain":0,"max_hp_loss":0,"event_name":"Masked Bandits","floor":20,"gold_loss":155},{"damage_healed":13,"gold_gain":0,"player_choice":"Heal","damage_taken":0,"max_hp_gain":0,"max_hp_loss":0,"event_name":"The Library","floor":31,"gold_loss":0},{"damage_healed":0,"gold_gain":0,"player_choice":"Fight","damage_taken":0,"max_hp_gain":0,"max_hp_loss":0,"event_name":"Mysterious Sphere","floor":36,"gold_loss":0}],"is_beta":false,"boss_relics":[{"not_picked":["Runic Dome","Pandora\u0027s Box"],"picked":"Runic Pyramid"},{"not_picked":["Coffee Dripper","Velvet Choker"],"picked":"Busted Crown"}],"items_purged_floors":[19],"is_endless":false,"potions_floor_spawned":[4,6,8,12,14,18,21,24,30],"killed_by":"2 Orb Walkers","ascension_level":19}