{"gold_per_floor":[117,135,210,210,210,236,236,266,266,279,279,295,327,327,327,430,430,441,460,476,492,211,239,239,239,239,239,249,268,294,312,312,417,417,435,448,448,52,52,52,77,77,151,186,186,205,205,4,4,4,4,4,4,34,34],"floor_reached":55,"playtime":2994,"items_purged":["Strike_G","Tactician+1","Strike_G"],"score":795,"play_id":"e2a27853-81dc-421e-bc24-12641bc13aa3","local_time":"20190508200007","is_ascension_mode":true,"campfire_choices":[{"data":"A Thousand Cuts","floor":7,"key":"SMITH"},{"floor":11,"key":"REST"},{"data":"Backstab","floor":15,"key":"SMITH"},{"floor":25,"key":"REST"},{"data":"Bane","floor":27,"key":"SMITH"},{"floor":32,"key":"REST"},{"data":"A Thousand Cuts","floor":40,"key":"SMITH"},{"floor":42,"key":"REST"},{"floor":45,"key":"RECALL"},{"floor":47,"key":"REST"},{"data":"Flechettes","floor":49,"key":"SMITH"},{"data":"Noxious Fumes","floor":52,"key":"SMITH"}],"neow_cost":"NONE","seed_source_timestamp":1747272339112400,"circlet_count":0,"master_deck":["Defend_G","Defend_G","Defend_G+1","Defend_G","Defend_G","Survivor+1","Neutralize+1","Noxious Fumes+1","Caltrops+1","A Thousand Cuts+1","Blur+1","Bane+1","Backstab+1","Deflect+1","Night Terror+1","Deflect+1","Calculated Gamble+1","Cloak And Dagger+1","Skewer","Escape Plan+1","Cloak And Dagger+1","Footwork+1","Backflip+1","Poisoned Stab","Blade Dance+1","Dodge and Roll+1","A Thousand Cuts+1","Slice+1","Predator+1","Dagger Throw","Dodge and Roll+1","Backflip+1","Noxious Fumes+1","Backflip+1","Flechettes+1","PiercingWail+1","Distraction+1","Crippling Poison+1"],"relics":["Ring of the Serpent","Toxic Egg 2","War Paint","Bottled Tornado","Regal Pillow","Snake Skull","Bottled Flame","Astrolabe","OrangePellets","Letter Opener","Paper Crane","Bronze Scales","Mango"],"potions_floor_usage":[8,30,30,30,36,50],"damage_taken":[{"damage":0,"enemies":"Small Slimes","floor":1,"turns":5},{"damage":0,"enemies":"Jaw Worm","floor":2,"turns":5},{"damage":28,"enemies":"3 Sentries","floor":6,"turns":10},{"damage":13,"enemies":"Lagavulin","floor":8,"turns":7},{"damage":1,"enemies":"Cultist","floor":10,"turns":4},{"damage":4,"enemies":"Blue Slaver","floor":12,"turns":5},{"damage":12,"enemies":"Gremlin Nob","floor":13,"turns":5},{"damage":7,"enemies":"The Guardian","floor":16,"turns":10},{"damage":17,"enemies":"Spheric Guardian","floor":18,"turns":4},{"damage":10,"enemies":"Shell Parasite","floor":19,"turns":6},{"damage":10,"enemies":"Snake Plant","floor":20,"turns":4},{"damage":8,"enemies":"3 Cultists","floor":21,"turns":4},{"damage":3,"enemies":"Book of Stabbing","floor":23,"turns":6},{"damage":12,"enemies":"Centurion and Healer","floor":28,"turns":5},{"damage":12,"enemies":"Snecko","floor":29,"turns":4},{"damage":32,"enemies":"Slavers","floor":30,"turns":4},{"damage":0,"enemies":"3 Cultists","floor":31,"turns":5},{"damage":17,"enemies":"Collector","floor":33,"turns":8},{"damage":0,"enemies":"3 Shapes","floor":35,"turns":3},{"damage":3,"enemies":"Orb Walker","floor":36,"turns":3},{"damage":42,"enemies":"Giant Head","floor":41,"turns":12},{"damage":26,"enemies":"Nemesis","floor":44,"turns":8},{"damage":1,"enemies":"Maw","floor":46,"turns":7},{"damage":48,"enemies":"Awakened One","floor":50,"turns":13},{"damage":58,"enemies":"Shield and Spear","floor":54,"turns":8},{"damage":34,"enemies":"The Heart","floor":55,"turns":3}],"seed_played":"8037356800135874231","potions_obtained":[{"floor":2,"key":"FearPotion"},{"floor":8,"key":"Fire Potion"},{"floor":13,"key":"Regen Potion"},{"floor":18,"key":"Ancient Potion"},{"floor":28,"key":"LiquidBronze"},{"floor":33,"key":"SkillPotion"},{"floor":41,"key":"Fire Potion"}],"is_trial":false,"path_per_floor":["M","M","?","?","?","E","R","E","T","M","R","M","E","?","R","B",null,"M","M","M","M","$","E","?","R","T","R","M","M","E","M","R","B",null,"M","M","?","$","?","R","E","R","T","E","R","M","R","$","R","B",null,"R","$","E","B"],"character_chosen":"THE_SILENT","items_purchased":["Escape Plan+1","Cloak And Dagger+1","Footwork","Backflip+1","Noxious Fumes","OrangePellets","Distraction+1"],"campfire_rested":5,"item_purchase_floors":[22,22,22,38,38,38,48],"current_hp_per_floor":[70,70,59,45,68,40,40,27,27,26,47,43,31,31,31,24,70,53,43,33,25,25,22,22,58,58,58,46,34,14,14,50,33,70,70,67,67,67,67,67,25,61,61,35,35,34,70,70,70,22,70,70,70,26,0],"gold":34,"neow_bonus":"THREE_CARDS","is_prod":false,"is_daily":false,"chose_seed":false,"campfire_upgraded":6,"win_rate":0,"timestamp":1557363607,"path_taken":["M","M","?","?","?","E","R","E","T","M","R","?","E","?","R","BOSS","M","M","M","?","$","E","?","R","T","R","M","M","E","M","R","BOSS","M","?","?","$","?","R","E","R","T","E","R","M","R","$","R","BOSS","R","$","E","BOSS"],"build_version":"2019-01-23","purchased_purges":3,"victory":false,"max_hp_per_floor":[70,70,70,70,70,70,70,70,70,70,70,70,70,70,70,70,70,70,70,70,70,70,70,70,70,70,70,70,70,70,70,70,70,70,70,70,70,70,70,70,70,70,70,70,70,70,70,70,70,70,70,70,70,84,84],"card_choices":[{"not_picked":["Concentrate","Cloak And Dagger"],"picked":"Noxious Fumes","floor":0},{"not_picked":["Outmaneuver","Masterful Stab","Underhanded Strike"],"picked":"SKIP","floor":1},{"not_picked":["Cloak And Dagger","Prepared"],"picked":"Caltrops","floor":2},{"not_picked":["Setup","Dash"],"picked":"A Thousand Cuts","floor":6},{"not_picked":["Bane","Eviscerate"],"picked":"Blur+1","floor":8},{"not_picked":["Dodge and Roll+1","Acrobatics+1"],"picked":"Bane","floor":10},{"not_picked":["Terror+1","Underhanded Strike"],"picked":"Backstab","floor":12},{"not_picked":["Flying Knee","Flechettes"],"picked":"Deflect+1","floor":13},{"not_picked":["Phantasmal Killer+1","Unload"],"picked":"Night Terror+1","floor":16},{"not_picked":["Poisoned Stab","Flechettes"],"picked":"Deflect+1","floor":18},{"not_picked":["Cloak And Dagger+1","Choke"],"picked":"Calculated Gamble+1","floor":19},{"not_picked":["Sucker Punch+1","Prepared+1"],"picked":"Cloak And Dagger+1","floor":20},{"not_picked":["Night Terror+1","Sucker Punch"],"picked":"Skewer","floor":21},{"not_picked":["Calculated Gamble+1","Dagger Spray"],"picked":"Backflip+1","floor":23},{"not_picked":["Prepared+1","Predator"],"picked":"Poisoned Stab","floor":28},{"not_picked":["Distraction+1","Prepared+1"],"picked":"Blade Dance+1","floor":29},{"not_picked":["Infinite Blades","Dash"],"picked":"Dodge and Roll+1","floor":30},{"not_picked":["Quick Slash","Dagger Spray"],"picked":"Cloak And Dagger+1","floor":31},{"not_picked":["Wraith Form v2","Envenom"],"picked":"A Thousand Cuts","floor":33},{"not_picked":["Accuracy","Flying Knee"],"picked":"Dagger Throw","floor":35},{"not_picked":["Leg Sweep+1","Accuracy"],"picked":"Dodge and Roll+1","floor":36},{"not_picked":["Distraction+1","Dodge and Roll+1"],"picked":"Backflip+1","floor":41},{"not_picked":["Dagger Spray","All Out Attack"],"picked":"Flechettes","floor":44},{"not_picked":["Concentrate+1","Acrobatics+1"],"picked":"PiercingWail+1","floor":46},{"not_picked":["PiercingWail+1","Skewer"],"picked":"Crippling Poison+1","floor":54}],"player_experience":151286,"relics_obtained":[{"floor":6,"key":"Toxic Egg 2"},{"floor":8,"key":"War Paint"},{"floor":9,"key":"Bottled Tornado"},{"floor":13,"key":"Regal Pillow"},{"floor":23,"key":"Snake Skull"},{"floor":30,"key":"Bottled Flame"},{"floor":41,"key":"Letter Opener"},{"floor":43,"key":"Paper Crane"},{"floor":44,"key":"Bronze Scales"},{"floor":54,"key":"Mango"}],"event_choices":[{"damage_healed":0,"gold_gain":75,"player_choice":"Gather Gold","damage_taken":11,"max_hp_gain":0,"max_hp_loss":0,"event_name":"World of Goop","floor":3,"gold_loss":0},{"damage_healed":0,"gold_gain":0,"player_choice":"Entered Light","damage_taken":14,"max_hp_gain":0,"max_hp_loss":0,"event_name":"Shining Light","floor":4,"gold_loss":0,"cards_upgraded":["Noxious Fumes","Caltrops"]},{"damage_healed":23,"gold_gain":0,"player_choice":"Banana","damage_taken":0,"max_hp_gain":0,"max_hp_loss":0,"event_name":"Big Fish","floor":5,"gold_loss":0},{"damage_healed":0,"gold_gain":0,"player_choice":"Upgraded","damage_taken":0,"max_hp_gain":0,"max_hp_loss":0,"event_name":"Upgrade Shrine","floor":14,"gold_loss":0,"cards_upgraded":["Neutralize"]},{"damage_healed":0,"gold_gain":0,"player_choice":"Upgraded","damage_taken":0,"max_hp_gain":0,"max_hp_loss":0,"event_name":"Upgrade Shrine","floor":24,"gold_loss":0,"cards_upgraded":["Footwork"]},{"cards_removed":["Cloak And Dagger"],"damage_healed":0,"gold_gain":0,"player_choice":"Removed Skill","damage_taken":0,"max_hp_gain":0,"max_hp_loss":0,"event_name":"Falling","floor":37,"gold_loss":0},{"damage_healed":0,"gold_gain":0,"player_choice":"Ignored","damage_taken":0,"max_hp_gain":0,"max_hp_loss":0,"event_name":"SecretPortal","floor":39,"gold_loss":0}],"is_beta":false,"boss_relics":[{"not_picked":["Orrery","Fusion Hammer"],"picked":"Ring of the Serpent"},{"not_picked":["Coffee Dripper","Lizard Tail"],"picked":"Astrolabe"}],"items_purged_floors":[22,38,48],"is_endless":false,"potions_floor_spawned":[2,8,13,18,19,28,33,41],"killed_by":"The Heart","ascension_level":1}