{"gold_per_floor":[116,116,133,149,168,168,201,201,228,242,242,260,291,322,334,445,457,484,546,570,593,640,652,693,719,731,743,774,786,826,274,274,379,379,390,400,416,431,119,119,150,150,150,180,200,200,227,242,242,242],"floor_reached":50,"playtime":2540,"items_purged":["Strike_G","Strike_G"],"score":839,"play_id":"31cb5473-3d83-49e7-8dce-5af5f1c556bb","local_time":"20190513135116","is_ascension_mode":true,"campfire_choices":[{"data":"Poisoned Stab","floor":6.0,"key":"SMITH"},{"floor":8.0,"key":"REST"},{"floor":11.0,"key":"REST"},{"data":"Catalyst","floor":15.0,"key":"SMITH"},{"floor":23.0,"key":"REST"},{"floor":27.0,"key":"REST"},{"data":"Corpse Explosion","floor":29.0,"key":"SMITH"},{"data":"Crippling Poison","floor":32.0,"key":"SMITH"},{"floor":40,"key":"REST"},{"floor":46,"key":"RECALL"},{"floor":49,"key":"REST"}],"neow_cost":"NONE","seed_source_timestamp":239843802013900,"circlet_count":0,"master_deck":["Defend_G","Defend_G","Defend_G","Defend_G","Defend_G","Strike_G","Strike_G","Survivor","Neutralize","Poisoned Stab+1","Deadly Poison","Corpse Explosion+1","Dodge and Roll","Well Laid Plans","Poisoned Stab","Sucker Punch+1","Calculated Gamble","Catalyst+1","Envenom","Doubt","Parasite","Injury","Dash+1","Escape Plan+1","Crippling Poison+1","Bane+1","Bullet Time+1","Catalyst+1","Endless Agony","Deflect","Dagger Throw","Acrobatics","Parasite","Deflect","Burst","Blur","Bane+1","PiercingWail"],"special_seed":0,"relics":["Ring of the Snake","Art of War","Regal Pillow","MawBank","Calling Bell","Pen Nib","Kunai","Du-Vu Doll","Red Mask","Thread and Needle","Paper Crane","Whetstone","TwistedFunnel","Bottled Lightning","Black Star","Anchor","The Courier","War Paint","Orichalcum","Bottled Flame","Juzu Bracelet","Pantograph"],"potions_floor_usage":[33,47,47],"damage_taken":[{"damage":0.0,"enemies":"Jaw Worm","floor":1.0,"turns":4.0},{"damage":0.0,"enemies":"Cultist","floor":3.0,"turns":4.0},{"damage":1.0,"enemies":"Small Slimes","floor":4.0,"turns":4.0},{"damage":11.0,"enemies":"3 Louse","floor":5.0,"turns":3.0},{"damage":63.0,"enemies":"Gremlin Nob","floor":7.0,"turns":6.0},{"damage":0.0,"enemies":"Exordium Wildlife","floor":10.0,"turns":2.0},{"damage":0.0,"enemies":"Lots of Slimes","floor":12.0,"turns":2.0},{"damage":10.0,"enemies":"3 Sentries","floor":13.0,"turns":2.0},{"damage":0.0,"enemies":"3 Louse","floor":14.0,"turns":1.0},{"damage":0.0,"enemies":"Slime Boss","floor":16.0,"turns":6.0},{"damage":24.0,"enemies":"2 Thieves","floor":18.0,"turns":3.0},{"damage":2.0,"enemies":"Spheric Guardian","floor":20.0,"turns":5.0},{"damage":10.0,"enemies":"Centurion and Healer","floor":21.0,"turns":3.0},{"damage":7.0,"enemies":"Masked Bandits","floor":22.0,"turns":2.0},{"damage":43.0,"enemies":"Gremlin Leader","floor":24.0,"turns":8.0},{"damage":0.0,"enemies":"Chosen and Byrds","floor":25.0,"turns":5.0},{"damage":5.0,"enemies":"3 Cultists","floor":28.0,"turns":3.0},{"damage":12.0,"enemies":"Slavers","floor":30.0,"turns":2.0},{"damage":12,"enemies":"Champ","floor":33,"turns":9},{"damage":2,"enemies":"Orb Walker","floor":35,"turns":3},{"damage":6,"enemies":"3 Shapes","floor":36,"turns":3},{"damage":18,"enemies":"Writhing Mass","floor":37,"turns":5},{"damage":7,"enemies":"4 Shapes","floor":38,"turns":3},{"damage":20,"enemies":"Giant Head","floor":41,"turns":6},{"damage":18,"enemies":"Nemesis","floor":44,"turns":5},{"damage":8,"enemies":"Maw","floor":45,"turns":3},{"damage":0,"enemies":"Reptomancer","floor":47,"turns":5},{"damage":10,"enemies":"Sphere and 2 Shapes","floor":48,"turns":4},{"damage":80,"enemies":"Time Eater","floor":50,"turns":9}],"seed_played":"-2574913475261801266","potions_obtained":[{"floor":1.0,"key":"Fire Potion"},{"floor":5.0,"key":"SpeedPotion"},{"floor":7.0,"key":"Explosive Potion"},{"floor":13.0,"key":"Energy Potion"},{"floor":14.0,"key":"SteroidPotion"},{"floor":16.0,"key":"PowerPotion"},{"floor":18.0,"key":"PowerPotion"},{"floor":21.0,"key":"PowerPotion"},{"floor":30.0,"key":"EssenceOfSteel"},{"floor":35,"key":"LiquidBronze"},{"floor":41,"key":"Ancient Potion"},{"floor":45,"key":"Swift Potion"}],"is_trial":false,"path_per_floor":["M","?","M","M","M","R","E","R","T","M","R","M","E","M","R","B",null,"M","?","M","M","?","R","E","M","T","R","M","R","E","$","R","B",null,"M","M","M","M","$","R","E","?","T","E","M","R","E","M","R","B"],"character_chosen":"THE_SILENT","items_purchased":["TwistedFunnel","Bottled Lightning","Deflect","Blur","Anchor"],"campfire_rested":6,"item_purchase_floors":[31,31,31,39,39],"current_hp_per_floor":[77,77,77,76,65,65,2,25,25,25,63,63,53,53,53,53,77,53,53,51,41,34,72,29,29,29,67,62,62,50,50,50,38,77,75,69,51,44,44,77,57,57,57,39,31,31,31,21,59,0],"gold":242,"neow_bonus":"TEN_PERCENT_HP_BONUS","is_prod":false,"is_daily":false,"chose_seed":false,"campfire_upgraded":4,"win_rate":0,"timestamp":1557773476,"path_taken":["M","?","M","M","M","R","E","R","T","?","R","M","E","M","R","BOSS","M","?","?","M","?","R","E","M","T","R","M","R","E","$","R","BOSS","M","M","M","M","$","R","E","?","T","E","M","R","E","M","R","BOSS"],"build_version":"2019-01-23","purchased_purges":2,"victory":false,"max_hp_per_floor":[77,77,77,77,77,77,77,77,77,77,77,77,77,77,77,77,77,77,77,77,77,77,77,77,77,77,77,77,77,77,77,77,77,77,77,77,77,77,77,77,77,77,77,77,77,77,77,77,77,77],"card_choices":[{"not_picked":["Blur","Bane"],"picked":"Poisoned Stab","floor":1.0},{"not_picked":["Sucker Punch","Blade Dance"],"picked":"Deadly Poison","floor":3.0},{"not_picked":["Poisoned Stab","Backflip"],"picked":"Corpse Explosion","floor":4.0},{"not_picked":["Eviscerate","Terror"],"picked":"Dodge and Roll","floor":5.0},{"not_picked":["Prepared","Leg Sweep"],"picked":"Well Laid Plans","floor":7.0},{"not_picked":["Slice","Dagger Spray"],"picked":"Poisoned Stab","floor":10.0},{"not_picked":["Acrobatics","Prepared"],"picked":"Sucker Punch","floor":12.0},{"not_picked":["Bane","Caltrops"],"picked":"Calculated Gamble","floor":13.0},{"not_picked":["Reflex","Dodge and Roll"],"picked":"Catalyst","floor":14.0},{"not_picked":["Corpse Explosion","Doppelganger"],"picked":"Envenom","floor":16.0},{"not_picked":["Acrobatics","Concentrate"],"picked":"Dash","floor":18.0},{"not_picked":["Quick Slash","Sucker Punch"],"picked":"Escape Plan","floor":20.0},{"not_picked":["Well Laid Plans","Expertise"],"picked":"Crippling Poison","floor":21.0},{"not_picked":["Distraction","Prepared"],"picked":"Bane+1","floor":22.0},{"not_picked":["Calculated Gamble","Flying Knee+1"],"picked":"Bullet Time","floor":24.0},{"not_picked":["Quick Slash","Noxious Fumes"],"picked":"Catalyst+1","floor":25.0},{"not_picked":["Flying Knee","Crippling Poison+1"],"picked":"Endless Agony","floor":28.0},{"not_picked":["Flying Knee+1","Crippling Poison","Finisher"],"picked":"SKIP","floor":30.0},{"not_picked":["Deadly Poison","Prepared+1"],"picked":"Dagger Throw","floor":35},{"not_picked":["Dagger Spray+1","Slice"],"picked":"Acrobatics","floor":36},{"not_picked":["Eviscerate+1","Flying Knee"],"picked":"Deflect","floor":37},{"not_picked":["Dagger Spray+1","Leg Sweep+1"],"picked":"Burst","floor":38},{"not_picked":["Underhanded Strike+1","Tools of the Trade"],"picked":"Bane+1","floor":41},{"not_picked":["Bane","Sucker Punch+1","Skewer"],"picked":"SKIP","floor":44},{"not_picked":["All Out Attack","Underhanded Strike+1","Bane"],"picked":"SKIP","floor":45},{"not_picked":["Blade Dance","Dodge and Roll"],"picked":"PiercingWail","floor":47},{"not_picked":["Deflect","Prepared","Choke+1"],"picked":"SKIP","floor":48}],"player_experience":174784,"relics_obtained":[{"floor":7.0,"key":"Art of War"},{"floor":9.0,"key":"Regal Pillow"},{"floor":13.0,"key":"MawBank"},{"floor":17.0,"key":"Pen Nib"},{"floor":17.0,"key":"Kunai"},{"floor":17.0,"key":"Du-Vu Doll"},{"floor":22.0,"key":"Red Mask"},{"floor":24.0,"key":"Thread and Needle"},{"floor":26.0,"key":"Paper Crane"},{"floor":30.0,"key":"Whetstone"},{"floor":41,"key":"The Courier"},{"floor":41,"key":"War Paint"},{"floor":44,"key":"Orichalcum"},{"floor":44,"key":"Bottled Flame"},{"floor":47,"key":"Juzu Bracelet"},{"floor":47,"key":"Pantograph"}],"event_choices":[{"cards_removed":["Strike_G"],"damage_healed":0.0,"max_hp_gain":0.0,"max_hp_loss":0.0,"gold_gain":0.0,"event_name":"Bonfire Elementals","player_choice":"Offered Basic","floor":2.0,"gold_loss":0.0,"damage_taken":0.0},{"damage_healed":0.0,"max_hp_gain":0.0,"max_hp_loss":0.0,"gold_gain":100.0,"event_name":"The Joust","player_choice":"Bet on Murderer","floor":19.0,"gold_loss":50.0,"damage_taken":0.0},{"damage_healed":0.0,"max_hp_gain":0.0,"max_hp_loss":0.0,"gold_gain":0.0,"event_name":"Masked Bandits","player_choice":"Fought Bandits","floor":22.0,"gold_loss":0.0,"damage_taken":0.0},{"damage_healed":0,"gold_gain":0,"player_choice":"Bought 0 Potions","damage_taken":0,"max_hp_gain":0,"max_hp_loss":0,"event_name":"The Woman in Blue","floor":42,"gold_loss":0}],"is_beta":false,"boss_relics":[{"not_picked":["Runic Dome","Tiny House"],"picked":"Calling Bell"},{"not_picked":["Busted Crown","Pandora\u0027s Box"],"picked":"Black Star"}],"items_purged_floors":[31,39],"is_endless":false,"potions_floor_spawned":[1,5,7,13,14,16,18,21,30,35,41,44,45],"killed_by":"Time Eater","ascension_level":3}