{"gold_per_floor":[117,117,137,62,62,62,93,108,108,124,124,145,145,168,168,266,266,287,303,303,303,303,303,342,342,342,362,362,375,22,46,46,46],"floor_reached":33,"playtime":2459,"items_purged":["Regret"],"score":467,"play_id":"f0c9bcf4-ceba-4b15-9703-2ee2c7400cd5","local_time":"20181127000649","is_ascension_mode":true,"campfire_choices":[{"data":"Zap","floor":6,"key":"SMITH"},{"floor":11,"key":"REST"},{"data":"Reinforced Body","floor":15,"key":"SMITH"},{"data":"Beam Cell","floor":23,"key":"SMITH"},{"data":"J.A.X.","floor":25,"key":"SMITH"},{"floor":32,"key":"REST"}],"neow_cost":"NONE","seed_source_timestamp":73055674960639,"circlet_count":0,"master_deck":["AscendersBane","Strike_B","Strike_B","Strike_B","Defend_B","Defend_B","Defend_B","Defend_B","Zap+1","Dualcast","Skim","White Noise","Reinforced Body+1","Self Repair","Cold Snap","Beam Cell+1","Glacier","All For One","Go for the Eyes","J.A.X.+1","RitualDagger","All For One","Melter","Zap","Hologram","Rip and Tear","Streamline","Beam Cell+1"],"relics":["Cracked Core","Shuriken","Golden Idol","PreservedInsect","Kunai","Sozu","Nilry\u0027s Codex","Mango","Sundial","Nunchaku"],"potions_floor_usage":[],"damage_taken":[{"damage":7,"enemies":"Jaw Worm","floor":1,"turns":3},{"damage":3,"enemies":"2 Louse","floor":3,"turns":3},{"damage":40,"enemies":"3 Sentries","floor":7,"turns":8},{"damage":3,"enemies":"Small Slimes","floor":8,"turns":3},{"damage":4,"enemies":"Blue Slaver","floor":10,"turns":3},{"damage":7,"enemies":"3 Louse","floor":12,"turns":5},{"damage":7,"enemies":"2 Fungi Beasts","floor":14,"turns":4},{"damage":23,"enemies":"Hexaghost","floor":16,"turns":18},{"damage":2,"enemies":"Spheric Guardian","floor":18,"turns":6},{"damage":10,"enemies":"3 Byrds","floor":19,"turns":6},{"damage":21,"enemies":"Book of Stabbing","floor":24,"turns":3},{"damage":6,"enemies":"Centurion and Healer","floor":27,"turns":4},{"damage":13,"enemies":"3 Cultists","floor":29,"turns":5},{"damage":14,"enemies":"Cultist and Chosen","floor":31,"turns":5},{"damage":63,"enemies":"Automaton","floor":33,"turns":6}],"seed_played":"4659670058404141072","potions_obtained":[{"floor":1,"key":"Ancient Potion"},{"floor":12,"key":"Ancient Potion"}],"is_trial":false,"path_per_floor":["M","?","M","$","?","R","E","M","T","M","R","M","?","M","R","B",null,"M","M","?","?","?","R","E","R","T","M","?","M","$","M","R","B"],"character_chosen":"DEFECT","items_purchased":["Nunchaku","Streamline"],"campfire_rested":2,"item_purchase_floors":[30,30],"current_hp_per_floor":[64,64,61,61,61,61,21,18,18,21,42,42,35,35,35,19,58,63,60,60,39,33,33,33,33,33,34,34,28,28,21,46,0],"gold":46,"neow_bonus":"TEN_PERCENT_HP_BONUS","is_prod":false,"is_daily":false,"chose_seed":false,"campfire_upgraded":4,"win_rate":0,"timestamp":1543266409,"path_taken":["M","?","M","?","?","R","E","M","T","M","R","?","?","M","R","BOSS","M","M","?","?","?","R","E","R","T","M","?","M","$","M","R","BOSS"],"build_version":"2018-11-15","purchased_purges":1,"victory":false,"max_hp_per_floor":[78,78,78,78,71,71,71,71,71,71,71,71,71,71,71,71,71,71,71,71,71,71,71,85,85,85,85,85,85,85,85,85,85],"card_choices":[{"not_picked":["Steam","Darkness"],"picked":"Skim","floor":1},{"not_picked":["Static Discharge","Steam"],"picked":"White Noise","floor":3},{"not_picked":["Fission","Conserve Battery"],"picked":"Reinforced Body","floor":7},{"not_picked":["Force Field","Hello World"],"picked":"Self Repair","floor":8},{"not_picked":["Ball Lightning","Tempest"],"picked":"Cold Snap","floor":10},{"not_picked":["Rebound","Steam"],"picked":"Beam Cell","floor":12},{"not_picked":["Streamline","Doom and Gloom"],"picked":"Glacier","floor":14},{"not_picked":["Electrodynamics","Amplify"],"picked":"All For One","floor":16},{"not_picked":["White Noise","Force Field"],"picked":"Go for the Eyes","floor":18},{"not_picked":["Go for the Eyes","Stack","White Noise"],"picked":"SKIP","floor":19},{"not_picked":["Force Field","Cold Snap","Melter+1"],"picked":"SKIP","floor":24},{"not_picked":["Undo","Steam"],"picked":"All For One","floor":27},{"not_picked":["Chaos","Conserve Battery"],"picked":"Rip and Tear","floor":29},{"not_picked":["Chaos","Go for the Eyes"],"picked":"Beam Cell+1","floor":31}],"player_experience":757296,"relics_obtained":[{"floor":7,"key":"PreservedInsect"},{"floor":9,"key":"Kunai"},{"floor":21,"key":"Nilry\u0027s Codex"},{"floor":24,"key":"Mango"},{"floor":26,"key":"Sundial"}],"event_choices":[{"damage_healed":0,"gold_gain":0,"player_choice":"Box","damage_taken":0,"relics_obtained":["Shuriken"],"max_hp_gain":0,"max_hp_loss":0,"event_name":"Big Fish","floor":2,"gold_loss":0,"cards_obtained":["Regret"]},{"damage_healed":0,"gold_gain":0,"player_choice":"Lose Max HP","damage_taken":0,"relics_obtained":["Golden Idol"],"max_hp_gain":0,"max_hp_loss":7,"event_name":"Golden Idol","floor":5,"gold_loss":0},{"cards_removed":["Strike_B"],"damage_healed":0,"gold_gain":0,"player_choice":"Card Removal","damage_taken":7,"max_hp_gain":0,"max_hp_loss":0,"event_name":"Golden Wing","floor":13,"gold_loss":0},{"damage_healed":0,"gold_gain":0,"player_choice":"Obtain J.A.X.","damage_taken":0,"max_hp_gain":0,"max_hp_loss":0,"event_name":"Drug Dealer","floor":20,"gold_loss":0,"cards_obtained":["J.A.X."]},{"damage_healed":0,"gold_gain":0,"player_choice":"Obtained Book","damage_taken":21,"max_hp_gain":0,"max_hp_loss":0,"event_name":"Cursed Tome","floor":21,"gold_loss":0},{"damage_healed":0,"gold_gain":0,"player_choice":"Joined the Cult","damage_taken":6,"max_hp_gain":0,"max_hp_loss":0,"event_name":"Nest","floor":22,"gold_loss":0,"cards_obtained":["RitualDagger"]},{"damage_healed":0,"gold_gain":0,"player_choice":"3 cards matched","damage_taken":0,"max_hp_gain":0,"max_hp_loss":0,"event_name":"Match and Keep!","floor":28,"gold_loss":0,"cards_obtained":["Melter","Zap","Hologram"]}],"is_beta":false,"boss_relics":[{"not_picked":["Inserter","Coffee Dripper"],"picked":"Sozu"}],"items_purged_floors":[4],"is_endless":false,"potions_floor_spawned":[1,12,27,31],"killed_by":"Automaton","ascension_level":15}