{"gold_per_floor":[110,110,127,31,31,59,59,59,82,92,105,105,119,150,150,252,252,266,278,278,29,47,76,76],"floor_reached":24,"playtime":734,"items_purged":[],"score":316,"play_id":"6cbf05ea-045c-4e4f-bc12-102550d598ca","local_time":"20190309202928","is_ascension_mode":true,"campfire_choices":[{"data":"Noxious Fumes","floor":7,"key":"SMITH"},{"data":"Noxious Fumes","floor":15,"key":"SMITH"}],"neow_cost":"NONE","seed_source_timestamp":180311055331296,"circlet_count":0,"master_deck":["Defend_G","Defend_G","Defend_G","Defend_G","Strike_G","Strike_G","Strike_G","Survivor","Neutralize+1","Cloak And Dagger","Noxious Fumes+1","Bane","Noxious Fumes+1","Deadly Poison","Backflip","Deflect","Cloak And Dagger","Dodge and Roll","A Thousand Cuts","Quick Slash","Escape Plan","Slice"],"relics":["Ring of the Snake","Strawberry","Bronze Scales","Paper Crane","Regal Pillow","PreservedInsect","Busted Crown","Membership Card","Tough Bandages"],"potions_floor_usage":[14,22],"damage_taken":[{"damage":0,"enemies":"2 Louse","floor":1,"turns":3},{"damage":1,"enemies":"Cultist","floor":3,"turns":4},{"damage":27,"enemies":"Gremlin Nob","floor":6,"turns":5},{"damage":1,"enemies":"Small Slimes","floor":10,"turns":2},{"damage":2,"enemies":"Blue Slaver","floor":11,"turns":4},{"damage":13,"enemies":"Large Slime","floor":13,"turns":6},{"damage":1,"enemies":"3 Sentries","floor":14,"turns":6},{"damage":2,"enemies":"Hexaghost","floor":16,"turns":9},{"damage":12,"enemies":"2 Thieves","floor":18,"turns":4},{"damage":1,"enemies":"3 Byrds","floor":19,"turns":4},{"damage":13,"enemies":"Centurion and Healer","floor":22,"turns":6},{"damage":25,"enemies":"Slavers","floor":23,"turns":4},{"damage":17,"enemies":"Shelled Parasite and Fungi","floor":24,"turns":4}],"seed_played":"-4564668881121196106","potions_obtained":[{"floor":13,"key":"Dexterity Potion"},{"floor":14,"key":"Energy Potion"},{"floor":16,"key":"Strength Potion"}],"is_trial":false,"path_per_floor":["M","?","M","$","?","E","R","T","T","M","M","?","M","E","R","B",null,"M","M","?","$","M","E","M"],"character_chosen":"THE_SILENT","items_purchased":["Noxious Fumes","Bane","Membership Card","Escape Plan"],"campfire_rested":0,"item_purchase_floors":[4,4,21,21],"current_hp_per_floor":[70,70,69,69,69,42,42,42,42,41,39,39,26,25,25,23,64,52,51,51,51,38,13,0],"gold":76,"neow_bonus":"RANDOM_COMMON_RELIC","is_prod":false,"is_daily":false,"chose_seed":false,"campfire_upgraded":2,"win_rate":0,"timestamp":1552184968,"path_taken":["M","?","?","?","?","E","R","?","T","M","M","?","?","E","R","BOSS","M","?","?","$","M","E","M"],"build_version":"2019-01-23","purchased_purges":0,"victory":false,"max_hp_per_floor":[77,77,77,77,77,77,77,77,77,77,77,77,77,77,77,77,77,77,77,77,77,77,77,77],"card_choices":[{"not_picked":["Backflip","Quick Slash"],"picked":"Cloak And Dagger","floor":1},{"not_picked":["Flechettes","Expertise","Outmaneuver"],"picked":"SKIP","floor":3},{"not_picked":["All Out Attack","Slice"],"picked":"Noxious Fumes","floor":6},{"not_picked":["Flying Knee","Blur"],"picked":"Deadly Poison","floor":10},{"not_picked":["Setup","Masterful Stab"],"picked":"Backflip","floor":11},{"not_picked":["PiercingWail","Burst"],"picked":"Deflect","floor":13},{"not_picked":["Backflip","Tactician"],"picked":"Cloak And Dagger","floor":14},{"not_picked":["Tactician"],"picked":"SKIP","floor":18},{"not_picked":[],"picked":"Dodge and Roll","floor":19},{"not_picked":["Dagger Spray"],"picked":"SKIP","floor":22},{"not_picked":[],"picked":"Slice","floor":23}],"player_experience":301407,"relics_obtained":[{"floor":6,"key":"Bronze Scales"},{"floor":8,"key":"Paper Crane"},{"floor":9,"key":"Regal Pillow"},{"floor":14,"key":"PreservedInsect"},{"floor":23,"key":"Tough Bandages"}],"event_choices":[{"cards_removed":["Defend_G"],"damage_healed":0,"gold_gain":0,"player_choice":"Offered Basic","damage_taken":0,"max_hp_gain":0,"max_hp_loss":0,"event_name":"Bonfire Elementals","floor":2,"gold_loss":0},{"damage_healed":0,"gold_gain":0,"player_choice":"Leave","damage_taken":0,"max_hp_gain":0,"max_hp_loss":0,"event_name":"The Cleric","floor":5,"gold_loss":0},{"damage_healed":0,"gold_gain":0,"player_choice":"Grow","damage_taken":0,"max_hp_gain":0,"max_hp_loss":0,"event_name":"Living Wall","floor":12,"gold_loss":0,"cards_upgraded":["Neutralize"]},{"damage_healed":0,"gold_gain":0,"cards_transformed":["Strike_G","Strike_G"],"player_choice":"Became Test Subject","damage_taken":0,"max_hp_gain":0,"max_hp_loss":0,"event_name":"Drug Dealer","floor":20,"gold_loss":0,"cards_obtained":["A Thousand Cuts","Quick Slash"]}],"is_beta":false,"boss_relics":[{"not_picked":["Orrery","Calling Bell"],"picked":"Busted Crown"}],"items_purged_floors":[],"is_endless":false,"potions_floor_spawned":[13,14,16],"killed_by":"Shelled Parasite and Fungi","ascension_level":8}