{"gold_per_floor":[119,119,119,131,131,159,159,169,169,188,200,168,186,214,214,311,311,329,244,244,259,259,289,300,331,401,413,413,433,433,196,196,300,300,318,418,436,482,501,501,531,300,300,300,335,347,375,407,419,431,443,455,76,110,110],"floor_reached":55,"playtime":3021,"items_purged":[],"score":852,"play_id":"1e67c036-0bf0-4b17-9f3f-a5c4887fcb87","local_time":"20190407151608","is_ascension_mode":false,"campfire_choices":[{"data":"Well Laid Plans","floor":7,"key":"SMITH"},{"data":"Noxious Fumes","floor":15,"key":"SMITH"},{"floor":30,"key":"REST"},{"data":"Catalyst","floor":32,"key":"SMITH"},{"floor":40,"key":"REST"},{"floor":46,"key":"REST"},{"floor":49,"key":"RECALL"},{"data":"Catalyst","floor":52,"key":"SMITH"}],"neow_cost":"NONE","seed_source_timestamp":242137324874702,"circlet_count":0,"master_deck":["Defend_G","Defend_G","Defend_G","Defend_G","Defend_G","Survivor","Neutralize+1","Trip","Backflip","Skewer","Well Laid Plans+1","Catalyst+1","Slice","Noxious Fumes+1","PiercingWail","Dagger Spray","Adrenaline","PiercingWail","Escape Plan","Die Die Die","Slice","Outmaneuver+1","Prepared","Catalyst+1","Deadly Poison","Cloak And Dagger+1","PiercingWail+1","Distraction+1","Terror+1","Riddle With Holes+1","Accuracy","Dagger Throw+1","Dark Shackles","Acrobatics+1","Concentrate","Deflect","Good Instincts","Master of Strategy","Catalyst+1"],"relics":["Ring of the Snake","Paper Crane","Bag of Preparation","Lantern","Busted Crown","Bronze Scales","Darkstone Periapt","Pantograph","Pear","Tiny Chest","Astrolabe","Dead Branch","Tough Bandages","Du-Vu Doll","PreservedInsect","MawBank","Anchor"],"potions_floor_usage":[6,35,54,55,55,55],"damage_taken":[{"damage":1,"enemies":"Jaw Worm","floor":1,"turns":4},{"damage":0,"enemies":"2 Louse","floor":4,"turns":3},{"damage":18,"enemies":"Lagavulin","floor":6,"turns":8},{"damage":1,"enemies":"Small Slimes","floor":8,"turns":4},{"damage":0,"enemies":"Red Slaver","floor":10,"turns":4},{"damage":0,"enemies":"Blue Slaver","floor":11,"turns":4},{"damage":0,"enemies":"2 Fungi Beasts","floor":13,"turns":4},{"damage":13,"enemies":"3 Sentries","floor":14,"turns":8},{"damage":8,"enemies":"Hexaghost","floor":16,"turns":11},{"damage":0,"enemies":"Chosen","floor":18,"turns":4},{"damage":5,"enemies":"Spheric Guardian","floor":21,"turns":5},{"damage":6,"enemies":"Gremlin Leader","floor":23,"turns":6},{"damage":11,"enemies":"Cultist and Chosen","floor":24,"turns":6},{"damage":11,"enemies":"Book of Stabbing","floor":25,"turns":6},{"damage":0,"enemies":"Centurion and Healer","floor":27,"turns":6},{"damage":25,"enemies":"Sentry and Sphere","floor":29,"turns":6},{"damage":45,"enemies":"Automaton","floor":33,"turns":9},{"damage":6,"enemies":"3 Darklings","floor":35,"turns":6},{"damage":0,"enemies":"Mind Bloom Boss Battle","floor":36,"turns":6},{"damage":6,"enemies":"Orb Walker","floor":37,"turns":5},{"damage":23,"enemies":"2 Orb Walkers","floor":38,"turns":4},{"damage":15,"enemies":"Writhing Mass","floor":39,"turns":4},{"damage":28,"enemies":"Reptomancer","floor":41,"turns":6},{"damage":18,"enemies":"Giant Head","floor":45,"turns":7},{"damage":18,"enemies":"Jaw Worm Horde","floor":47,"turns":4},{"damage":0,"enemies":"Maw","floor":48,"turns":5},{"damage":2,"enemies":"Donu and Deca","floor":50,"turns":6},{"damage":0,"enemies":"Shield and Spear","floor":54,"turns":4},{"damage":102,"enemies":"The Heart","floor":55,"turns":5}],"seed_played":"8157822365459274232","potions_obtained":[{"floor":1,"key":"Weak Potion"},{"floor":4,"key":"Fire Potion"},{"floor":8,"key":"Energy Potion"},{"floor":11,"key":"Strength Potion"},{"floor":16,"key":"AttackPotion"},{"floor":37,"key":"Strength Potion"},{"floor":47,"key":"Regen Potion"},{"floor":54,"key":"PowerPotion"}],"is_trial":false,"path_per_floor":["M","?","?","M","$","E","R","M","T","M","M","?","M","E","R","B",null,"M","?","$","M","?","E","M","E","T","M","?","M","R","$","R","B",null,"M","?","M","?","M","R","E","$","T","?","E","R","M","M","R","B",null,"R","$","E","B"],"character_chosen":"THE_SILENT","items_purchased":["Tiny Chest","Catalyst","Deadly Poison","PreservedInsect","Dark Shackles","Deflect","Good Instincts","Master of Strategy","GhostInAJar"],"campfire_rested":3,"item_purchase_floors":[31,31,31,42,42,53,53,53,53],"current_hp_per_floor":[69,62,62,62,62,44,44,43,43,43,43,43,43,30,30,22,70,70,70,70,65,65,59,48,37,47,47,47,22,46,46,46,26,80,74,80,74,51,36,60,32,32,32,32,14,38,20,20,20,43,80,80,80,80,0],"gold":110,"neow_bonus":"RANDOM_COLORLESS","is_prod":false,"is_daily":false,"chose_seed":false,"campfire_upgraded":4,"win_rate":0,"timestamp":1554668168,"path_taken":["M","?","?","M","$","E","R","M","T","M","M","?","M","E","R","BOSS","M","?","$","M","?","E","?","E","T","M","?","?","R","$","R","BOSS","M","?","M","?","M","R","E","$","T","?","E","R","M","?","R","BOSS","R","$","E","BOSS"],"build_version":"2019-01-23","purchased_purges":0,"victory":false,"max_hp_per_floor":[70,70,70,70,70,70,70,70,70,70,70,70,70,70,70,70,70,70,70,70,70,70,70,70,70,80,80,80,80,80,80,80,80,80,80,80,80,80,80,80,80,80,80,80,80,80,80,80,80,80,80,80,80,80,80],"card_choices":[{"not_picked":["Tactician","PiercingWail"],"picked":"Backflip","floor":1},{"not_picked":["Blade Dance","Leg Sweep"],"picked":"Skewer","floor":4},{"not_picked":["Predator","Backflip"],"picked":"Well Laid Plans","floor":6},{"not_picked":["Dagger Spray","Cloak And Dagger"],"picked":"Catalyst","floor":8},{"not_picked":["Dagger Throw","Flying Knee"],"picked":"Slice","floor":10},{"not_picked":["All Out Attack","Quick Slash"],"picked":"Noxious Fumes","floor":11},{"not_picked":["Backflip","Quick Slash"],"picked":"PiercingWail","floor":13},{"not_picked":["Doppelganger","Expertise"],"picked":"Dagger Spray","floor":14},{"not_picked":["Bullet Time","Tools of the Trade"],"picked":"Adrenaline","floor":16},{"not_picked":[],"picked":"PiercingWail","floor":18},{"not_picked":[],"picked":"Escape Plan","floor":21},{"not_picked":[],"picked":"Slice","floor":23},{"not_picked":["Infinite Blades"],"picked":"SKIP","floor":24},{"not_picked":[],"picked":"Outmaneuver+1","floor":25},{"not_picked":[],"picked":"Prepared","floor":27},{"not_picked":["Calculated Gamble"],"picked":"SKIP","floor":29},{"not_picked":["Blade Dance"],"picked":"SKIP","floor":35},{"not_picked":[],"picked":"Terror+1","floor":36},{"not_picked":[],"picked":"Riddle With Holes+1","floor":37},{"not_picked":[],"picked":"Accuracy","floor":38},{"not_picked":["Quick Slash"],"picked":"SKIP","floor":39},{"not_picked":[],"picked":"Dagger Throw+1","floor":41},{"not_picked":[],"picked":"Acrobatics+1","floor":45},{"not_picked":[],"picked":"Concentrate","floor":47},{"not_picked":["Poisoned Stab"],"picked":"SKIP","floor":48},{"not_picked":[],"picked":"Catalyst+1","floor":54}],"player_experience":393982,"relics_obtained":[{"floor":6,"key":"Paper Crane"},{"floor":9,"key":"Bag of Preparation"},{"floor":14,"key":"Lantern"},{"floor":23,"key":"Darkstone Periapt"},{"floor":25,"key":"Pantograph"},{"floor":26,"key":"Pear"},{"floor":36,"key":"Dead Branch"},{"floor":38,"key":"Tough Bandages"},{"floor":41,"key":"Du-Vu Doll"},{"floor":45,"key":"MawBank"},{"floor":54,"key":"Anchor"}],"event_choices":[{"cards_removed":["Strike_G"],"damage_healed":0,"gold_gain":0,"player_choice":"Card Removal","damage_taken":7,"max_hp_gain":0,"max_hp_loss":0,"event_name":"Golden Wing","floor":2,"gold_loss":0},{"damage_healed":0,"gold_gain":0,"player_choice":"Grow","damage_taken":0,"max_hp_gain":0,"max_hp_loss":0,"event_name":"Living Wall","floor":3,"gold_loss":0,"cards_upgraded":["Neutralize"]},{"damage_healed":0,"gold_gain":0,"player_choice":"Left Gold","damage_taken":0,"max_hp_gain":0,"max_hp_loss":0,"event_name":"World of Goop","floor":12,"gold_loss":32},{"damage_healed":0,"gold_gain":0,"player_choice":"Obtained Relic","damage_taken":0,"relics_obtained":["Bronze Scales"],"max_hp_gain":0,"max_hp_loss":0,"event_name":"Addict","floor":19,"gold_loss":85},{"damage_healed":0,"gold_gain":0,"cards_transformed":["Strike_G"],"player_choice":"Transformed","damage_taken":0,"max_hp_gain":0,"max_hp_loss":0,"event_name":"Transmorgrifier","floor":22,"gold_loss":0,"cards_obtained":["Die Die Die"]},{"damage_healed":0,"gold_gain":0,"player_choice":"Ignored","damage_taken":0,"max_hp_gain":0,"max_hp_loss":0,"event_name":"N\u0027loth","floor":28,"gold_loss":0},{"damage_healed":0,"gold_gain":0,"player_choice":"Fight","damage_taken":0,"max_hp_gain":0,"max_hp_loss":0,"event_name":"MindBloom","floor":36,"gold_loss":0},{"damage_healed":0,"gold_gain":0,"player_choice":"Fight","damage_taken":0,"max_hp_gain":0,"max_hp_loss":0,"event_name":"Mysterious Sphere","floor":38,"gold_loss":0},{"damage_healed":0,"gold_gain":0,"player_choice":"Ignored","damage_taken":0,"max_hp_gain":0,"max_hp_loss":0,"event_name":"SecretPortal","floor":44,"gold_loss":0}],"is_beta":false,"boss_relics":[{"not_picked":["Empty Cage","HoveringKite"],"picked":"Busted Crown"},{"not_picked":["White Beast Statue","Velvet Choker"],"picked":"Astrolabe"}],"items_purged_floors":[],"is_endless":false,"potions_floor_spawned":[1,4,8,11,16,18,24,29,37,38,39,47,54],"killed_by":"The Heart","ascension_level":0}