{"gold_per_floor":[117,134,134,9,9,55,77,102,114,138,207,238,250,262,274,386,398,395,427,439,451,463,475,487],"floor_reached":24,"playtime":2748,"items_purged":["Strike_G"],"score":196,"play_id":"d5965b23-c63e-4f14-a669-c6c61d4a92c3","local_time":"20190611164617","is_ascension_mode":false,"campfire_choices":[{"floor":13,"key":"REST"},{"floor":15,"key":"REST"}],"neow_cost":"NONE","seed_source_timestamp":2610758771959090,"circlet_count":0,"master_deck":["Defend_G","Defend_G","Defend_G","Defend_G","Defend_G","Strike_G","Strike_G","Strike_G","Survivor","Neutralize","Footwork","Flying Knee","Dash","Footwork","Flying Knee","Acrobatics","Deadly Poison","Blur","Footwork","Outmaneuver","Dagger Spray","Envenom","Cloak And Dagger","Poisoned Stab+1","Bouncing Flask"],"relics":["Ring of the Snake","Smiling Mask","MawBank","Dodecahedron","Ninja Scroll","Dream Catcher","Black Star","Enchiridion"],"potions_floor_usage":[11,11,16,16,24],"damage_taken":[{"damage":0,"enemies":"Small Slimes","floor":1,"turns":5},{"damage":0,"enemies":"2 Louse","floor":2,"turns":3},{"damage":22,"enemies":"3 Sentries","floor":6,"turns":11},{"damage":4,"enemies":"Jaw Worm","floor":7,"turns":5},{"damage":0,"enemies":"3 Louse","floor":8,"turns":4},{"damage":0,"enemies":"2 Fungi Beasts","floor":10,"turns":3},{"damage":19,"enemies":"Gremlin Nob","floor":11,"turns":5},{"damage":0,"enemies":"Looter","floor":12,"turns":3},{"damage":2,"enemies":"The Guardian","floor":16,"turns":14},{"damage":15,"enemies":"2 Thieves","floor":18,"turns":4},{"damage":6,"enemies":"Chosen","floor":19,"turns":7},{"damage":47,"enemies":"Sentry and Sphere","floor":24,"turns":7}],"seed_played":"-2728219891403498685","potions_obtained":[{"floor":1,"key":"FearPotion"},{"floor":6,"key":"GhostInAJar"},{"floor":11,"key":"FearPotion"},{"floor":12,"key":"EssenceOfSteel"},{"floor":18,"key":"SkillPotion"}],"is_trial":false,"path_per_floor":["M","M","?","$","?","E","M","M","T","M","?","M","R","?","R","B",null,"M","M","?","?","?","$","M"],"character_chosen":"THE_SILENT","items_purchased":["Dash"],"campfire_rested":2,"item_purchase_floors":[4],"current_hp_per_floor":[70,70,75,75,57,35,31,31,31,31,12,12,34,34,56,54,75,60,54,54,38,38,38,0],"gold":487,"neow_bonus":"RANDOM_COMMON_RELIC","is_prod":false,"is_daily":false,"chose_seed":false,"campfire_upgraded":0,"win_rate":0,"timestamp":1560296777,"path_taken":["M","M","?","$","?","E","M","M","T","M","?","?","R","?","R","BOSS","M","M","?","?","?","$","M"],"build_version":"2019-01-23","purchased_purges":1,"victory":false,"max_hp_per_floor":[70,70,75,75,75,75,75,75,75,75,75,75,75,75,75,75,75,75,75,75,75,75,75,75],"card_choices":[{"not_picked":["Catalyst","Underhanded Strike"],"picked":"Footwork","floor":1},{"not_picked":["Sucker Punch","Dodge and Roll"],"picked":"Flying Knee","floor":2},{"not_picked":["Flechettes","Dash"],"picked":"Footwork","floor":6},{"not_picked":["Dagger Throw","Acrobatics"],"picked":"Flying Knee","floor":7},{"not_picked":["Eviscerate","Leg Sweep"],"picked":"Acrobatics","floor":8},{"not_picked":["Corpse Explosion","Outmaneuver"],"picked":"Deadly Poison","floor":10},{"not_picked":["Blade Dance","Quick Slash"],"picked":"Blur","floor":11},{"not_picked":["Sucker Punch","Dodge and Roll"],"picked":"Footwork","floor":12},{"not_picked":["Cloak And Dagger","Catalyst"],"picked":"Outmaneuver","floor":13},{"not_picked":["Underhanded Strike","Prepared"],"picked":"Dagger Spray","floor":15},{"not_picked":["Malaise","Adrenaline"],"picked":"Envenom","floor":16},{"not_picked":["Expertise","Outmaneuver"],"picked":"Cloak And Dagger","floor":18},{"not_picked":["Slice","Backflip"],"picked":"Poisoned Stab+1","floor":19}],"player_experience":116784,"relics_obtained":[{"floor":6,"key":"Dodecahedron"},{"floor":9,"key":"Ninja Scroll"},{"floor":21,"key":"Enchiridion"}],"event_choices":[{"damage_healed":0,"gold_gain":0,"player_choice":"Donut","damage_taken":0,"max_hp_gain":5,"max_hp_loss":0,"event_name":"Big Fish","floor":3,"gold_loss":0},{"damage_healed":0,"gold_gain":0,"player_choice":"Success","damage_taken":18,"relics_obtained":["MawBank"],"max_hp_gain":0,"max_hp_loss":0,"event_name":"Scrap Ooze","floor":5,"gold_loss":0},{"damage_healed":0,"gold_gain":0,"player_choice":"Searched \u00272\u0027 times","damage_taken":0,"relics_obtained":["Dream Catcher"],"max_hp_gain":0,"max_hp_loss":0,"event_name":"Dead Adventurer","floor":11,"gold_loss":0},{"damage_healed":0,"gold_gain":0,"player_choice":"Ignored","damage_taken":0,"max_hp_gain":0,"max_hp_loss":0,"event_name":"Liars Game","floor":14,"gold_loss":0},{"damage_healed":0,"gold_gain":0,"player_choice":"Read","damage_taken":0,"max_hp_gain":0,"max_hp_loss":0,"event_name":"The Library","floor":20,"gold_loss":0,"cards_obtained":["Bouncing Flask"]},{"damage_healed":0,"gold_gain":0,"player_choice":"Obtained Book","damage_taken":16,"max_hp_gain":0,"max_hp_loss":0,"event_name":"Cursed Tome","floor":21,"gold_loss":0},{"cards_removed":["Strike_G"],"damage_healed":0,"gold_gain":0,"player_choice":"Offered Basic","damage_taken":0,"max_hp_gain":0,"max_hp_loss":0,"event_name":"Bonfire Elementals","floor":22,"gold_loss":0}],"is_beta":false,"boss_relics":[{"not_picked":["Orrery","Eternal Feather"],"picked":"Black Star"}],"items_purged_floors":[4],"is_endless":false,"potions_floor_spawned":[1,6,11,12,18],"killed_by":"Sentry and Sphere","ascension_level":0}