{"gold_per_floor":[114,189,43,58,58,85,85,119,144,156,173,202,202,218,218,316,316,330,255,273,291,291,291,291],"floor_reached":24,"playtime":1030,"items_purged":[],"score":349,"play_id":"53111b9a-bce0-4843-bd69-b9b17a035a7a","local_time":"20190412165942","is_ascension_mode":true,"campfire_choices":[{"data":"Neutralize","floor":7,"key":"SMITH"},{"floor":13,"key":"REST"},{"data":"PiercingWail","floor":15,"key":"SMITH"},{"data":"Tools of the Trade","floor":23,"key":"SMITH"}],"neow_cost":"NONE","seed_source_timestamp":81324354074512,"circlet_count":0,"master_deck":["Defend_G+1","Defend_G","Defend_G","Defend_G","Defend_G","Strike_G","Strike_G","Strike_G","Strike_G","Survivor","Neutralize+1","Prepared+1","Acrobatics","Poisoned Stab","Deadly Poison","Heel Hook","Dash","PiercingWail+1","Tools of the Trade+1","Blur+1","Slice+1"],"relics":["Ring of the Serpent","NeowsBlessing","Omamori","Bag of Preparation","Singing Bowl","PreservedInsect","Meat on the Bone","MutagenicStrength"],"potions_floor_usage":[8,16],"damage_taken":[{"damage":0,"enemies":"Small Slimes","floor":1,"turns":1},{"damage":0,"enemies":"2 Louse","floor":4,"turns":1},{"damage":0,"enemies":"Gremlin Nob","floor":6,"turns":1},{"damage":10,"enemies":"Lagavulin","floor":8,"turns":7},{"damage":0,"enemies":"Cultist","floor":10,"turns":3},{"damage":1,"enemies":"Looter","floor":11,"turns":4},{"damage":5,"enemies":"Gremlin Nob","floor":12,"turns":3},{"damage":9,"enemies":"3 Louse","floor":14,"turns":3},{"damage":22,"enemies":"Hexaghost","floor":16,"turns":11},{"damage":22,"enemies":"3 Byrds","floor":18,"turns":7},{"damage":2,"enemies":"Shell Parasite","floor":20,"turns":7},{"damage":10,"enemies":"Centurion and Healer","floor":21,"turns":12},{"damage":45,"enemies":"Shelled Parasite and Fungi","floor":24,"turns":6}],"seed_played":"3793298937255837856","potions_obtained":[{"floor":1,"key":"PowerPotion"},{"floor":11,"key":"Poison Potion"},{"floor":12,"key":"Ancient Potion"},{"floor":18,"key":"LiquidBronze"},{"floor":20,"key":"Regen Potion"}],"is_trial":false,"path_per_floor":["M","?","$","M","?","E","R","E","T","M","M","E","R","M","R","B",null,"M","?","M","M","?","R","M"],"character_chosen":"THE_SILENT","items_purchased":["Omamori"],"campfire_rested":1,"item_purchase_floors":[3],"current_hp_per_floor":[63,52,52,52,38,38,38,28,28,28,29,24,45,48,48,38,64,42,42,42,44,44,44,0],"gold":291,"neow_bonus":"THREE_ENEMY_KILL","is_prod":false,"is_daily":false,"chose_seed":false,"campfire_upgraded":3,"win_rate":0,"timestamp":1555106382,"path_taken":["M","?","$","M","?","E","R","E","T","M","M","E","R","M","R","BOSS","M","?","M","M","?","R","M"],"build_version":"2019-01-23","purchased_purges":0,"victory":false,"max_hp_per_floor":[70,70,70,70,70,70,70,70,70,70,72,72,72,72,72,72,72,72,72,74,74,74,74,74],"card_choices":[{"not_picked":["Choke","Cloak And Dagger"],"picked":"Prepared","floor":1},{"not_picked":["Setup","Eviscerate"],"picked":"Acrobatics","floor":4},{"not_picked":["Infinite Blades","Bane"],"picked":"Poisoned Stab","floor":6},{"not_picked":["Riddle With Holes","Blade Dance"],"picked":"Deadly Poison","floor":8},{"not_picked":["Outmaneuver","Poisoned Stab"],"picked":"Heel Hook","floor":10},{"not_picked":["Calculated Gamble","Distraction","Masterful Stab"],"picked":"Singing Bowl","floor":11},{"not_picked":["Predator","Dodge and Roll"],"picked":"Dash","floor":12},{"not_picked":["Masterful Stab","Backflip"],"picked":"PiercingWail","floor":14},{"not_picked":["Phantasmal Killer","Doppelganger"],"picked":"Tools of the Trade","floor":16},{"not_picked":["Underhanded Strike+1","Accuracy"],"picked":"Blur+1","floor":18},{"not_picked":["Sucker Punch","Dagger Throw","Dodge and Roll"],"picked":"Singing Bowl","floor":20},{"not_picked":["Outmaneuver+1","Masterful Stab"],"picked":"Slice+1","floor":21}],"player_experience":422841,"relics_obtained":[{"floor":6,"key":"Bag of Preparation"},{"floor":8,"key":"Singing Bowl"},{"floor":9,"key":"PreservedInsect"},{"floor":12,"key":"Meat on the Bone"}],"event_choices":[{"damage_healed":0,"gold_gain":75,"player_choice":"Gather Gold","damage_taken":11,"max_hp_gain":0,"max_hp_loss":0,"event_name":"World of Goop","floor":2,"gold_loss":0},{"damage_healed":0,"gold_gain":0,"player_choice":"Entered Light","damage_taken":14,"max_hp_gain":0,"max_hp_loss":0,"event_name":"Shining Light","floor":5,"gold_loss":0,"cards_upgraded":["Defend_G","Prepared"]},{"cards_removed":["Strike_G"],"damage_healed":0,"gold_gain":0,"player_choice":"Gave Gold","damage_taken":0,"max_hp_gain":0,"max_hp_loss":0,"event_name":"Beggar","floor":19,"gold_loss":75},{"damage_healed":0,"gold_gain":0,"player_choice":"Inject Mutagens","damage_taken":0,"relics_obtained":["MutagenicStrength"],"max_hp_gain":0,"max_hp_loss":0,"event_name":"Drug Dealer","floor":22,"gold_loss":0}],"is_beta":false,"boss_relics":[{"not_picked":["Coffee Dripper","Philosopher\u0027s Stone"],"picked":"Ring of the Serpent"}],"items_purged_floors":[],"is_endless":false,"potions_floor_spawned":[1,11,12,18,20],"killed_by":"Shelled Parasite and Fungi","ascension_level":9}