{"gold_per_floor":[119,44,61,61,74,74,109,109,109,119,119,137,166,176,176,273,273,284,209,209,135,50,75,75,94,94,107,135,234,244,257,257,257],"floor_reached":33,"playtime":1681,"items_purged":["Normality"],"score":456,"play_id":"2c06bace-70c6-494d-a427-ada0dce20deb","local_time":"20190412161724","is_ascension_mode":true,"campfire_choices":[{"data":"Neutralize","floor":6,"key":"SMITH"},{"data":"Venomology","floor":11,"key":"SMITH"},{"data":"Noxious Fumes","floor":15,"key":"SMITH"},{"data":"Noxious Fumes","floor":24,"key":"SMITH"},{"floor":32,"key":"REST"}],"neow_cost":"CURSE","seed_source_timestamp":78136135548586,"circlet_count":0,"master_deck":["Defend_G","Defend_G","Defend_G","Defend_G","Defend_G","Strike_G","Strike_G","Strike_G","Strike_G","Survivor","Neutralize+1","Acrobatics","Riddle With Holes","Prepared","Venomology+1","Heel Hook","Sucker Punch","Escape Plan","Noxious Fumes+1","Die Die Die","Crippling Poison+1","Noxious Fumes+1","Blade Dance","Dash+1","Heel Hook+1","Adrenaline","Slice","Backflip"],"relics":["Ring of the Serpent","Mango","Matryoshka","Lantern","Meat on the Bone","Bottled Flame","Mummified Hand","Ninja Scroll","Ancient Tea Set","Question Card","Bag of Preparation"],"potions_floor_usage":[7,12,13,13,16,16,23,27,28,28,30,31,31,33,33],"damage_taken":[{"damage":2,"enemies":"Small Slimes","floor":1,"turns":6},{"damage":1,"enemies":"2 Louse","floor":3,"turns":4},{"damage":7,"enemies":"Jaw Worm","floor":5,"turns":5},{"damage":34,"enemies":"3 Sentries","floor":7,"turns":13},{"damage":10,"enemies":"Large Slime","floor":10,"turns":7},{"damage":1,"enemies":"Looter","floor":12,"turns":5},{"damage":36,"enemies":"Lagavulin","floor":13,"turns":10},{"damage":1,"enemies":"Exordium Wildlife","floor":14,"turns":4},{"damage":46,"enemies":"Hexaghost","floor":16,"turns":13},{"damage":2,"enemies":"Chosen","floor":18,"turns":6},{"damage":45,"enemies":"Slavers","floor":23,"turns":5},{"damage":4,"enemies":"Shell Parasite","floor":25,"turns":5},{"damage":9,"enemies":"Shelled Parasite and Fungi","floor":27,"turns":4},{"damage":31,"enemies":"Book of Stabbing","floor":28,"turns":6},{"damage":17,"enemies":"Snake Plant","floor":30,"turns":5},{"damage":13,"enemies":"Snecko","floor":31,"turns":4},{"damage":54,"enemies":"Collector","floor":33,"turns":6}],"seed_played":"-2476471837566696472","potions_obtained":[{"floor":1,"key":"Regen Potion"},{"floor":5,"key":"SpeedPotion"},{"floor":10,"key":"SteroidPotion"},{"floor":12,"key":"SkillPotion"},{"floor":23,"key":"SteroidPotion"},{"floor":30,"key":"Poison Potion"},{"floor":31,"key":"Dexterity Potion"}],"is_trial":false,"path_per_floor":["M","$","M","?","M","R","E","?","T","M","R","M","E","M","R","B",null,"M","?","?","$","?","E","R","M","T","M","E","?","M","M","R","B"],"character_chosen":"THE_SILENT","items_purchased":["Noxious Fumes"],"campfire_rested":1,"item_purchase_floors":[21],"current_hp_per_floor":[75,75,74,74,67,67,33,38,38,40,40,51,27,38,38,19,72,70,70,70,70,70,37,37,45,45,48,29,29,24,23,49,0],"gold":257,"neow_bonus":"ONE_RARE_RELIC","is_prod":false,"is_daily":false,"chose_seed":false,"campfire_upgraded":4,"win_rate":0,"timestamp":1555103844,"path_taken":["M","$","M","?","M","R","E","?","T","M","R","M","E","M","R","BOSS","M","?","?","$","?","E","R","?","T","M","E","?","M","M","R","BOSS"],"build_version":"2019-01-23","purchased_purges":1,"victory":false,"max_hp_per_floor":[84,84,84,84,84,84,84,89,89,89,89,89,89,89,89,89,89,89,89,89,89,89,89,89,89,89,89,89,89,89,89,89,89],"card_choices":[{"not_picked":["Sucker Punch","All Out Attack"],"picked":"Acrobatics","floor":1},{"not_picked":["Underhanded Strike","Outmaneuver"],"picked":"Riddle With Holes","floor":3},{"not_picked":["Flying Knee","Flechettes"],"picked":"Prepared","floor":5},{"not_picked":["Deflect","Dagger Throw"],"picked":"Venomology","floor":7},{"not_picked":["Underhanded Strike","Accuracy"],"picked":"Heel Hook","floor":10},{"not_picked":["Blade Dance","Underhanded Strike"],"picked":"Sucker Punch","floor":12},{"not_picked":["Flechettes","Deadly Poison"],"picked":"Escape Plan","floor":13},{"not_picked":["Bouncing Flask","Cloak And Dagger"],"picked":"Noxious Fumes","floor":14},{"not_picked":["Venomology","Storm of Steel"],"picked":"Die Die Die","floor":16},{"not_picked":["Acrobatics","Dash"],"picked":"Crippling Poison+1","floor":18},{"not_picked":["Dagger Throw+1","All Out Attack"],"picked":"Blade Dance","floor":23},{"not_picked":["Acrobatics","Underhanded Strike"],"picked":"Dash+1","floor":25},{"not_picked":["Dodge and Roll","Quick Slash","Flechettes"],"picked":"Heel Hook+1","floor":27},{"not_picked":["Bullet Time","Predator","Acrobatics"],"picked":"Adrenaline","floor":28},{"not_picked":["Tactician","Flying Knee+1","Outmaneuver"],"picked":"Slice","floor":30},{"not_picked":["Deadly Poison+1","Riddle With Holes","Dagger Spray+1"],"picked":"Backflip","floor":31}],"player_experience":420089,"relics_obtained":[{"floor":7,"key":"Matryoshka"},{"floor":9,"key":"Lantern"},{"floor":9,"key":"Meat on the Bone"},{"floor":13,"key":"Bottled Flame"},{"floor":23,"key":"Ninja Scroll"},{"floor":26,"key":"Ancient Tea Set"},{"floor":26,"key":"Question Card"},{"floor":28,"key":"Bag of Preparation"}],"event_choices":[{"damage_healed":0,"gold_gain":0,"player_choice":"Leave","damage_taken":0,"max_hp_gain":0,"max_hp_loss":0,"event_name":"The Cleric","floor":4,"gold_loss":0},{"damage_healed":0,"gold_gain":0,"player_choice":"Donut","damage_taken":0,"max_hp_gain":5,"max_hp_loss":0,"event_name":"Big Fish","floor":8,"gold_loss":0},{"cards_removed":["Strike_G"],"damage_healed":0,"gold_gain":0,"player_choice":"Gave Gold","damage_taken":0,"max_hp_gain":0,"max_hp_loss":0,"event_name":"Beggar","floor":19,"gold_loss":75},{"damage_healed":0,"gold_gain":0,"player_choice":"Ignored","damage_taken":0,"max_hp_gain":0,"max_hp_loss":0,"event_name":"Ghosts","floor":20,"gold_loss":0},{"damage_healed":0,"gold_gain":0,"player_choice":"Obtained Relic","damage_taken":0,"relics_obtained":["Mummified Hand"],"max_hp_gain":0,"max_hp_loss":0,"event_name":"Addict","floor":22,"gold_loss":85},{"damage_healed":0,"gold_gain":99,"player_choice":"Stole From Cult","damage_taken":0,"max_hp_gain":0,"max_hp_loss":0,"event_name":"Nest","floor":29,"gold_loss":0}],"is_beta":false,"boss_relics":[{"not_picked":["Philosopher\u0027s Stone","White Beast Statue"],"picked":"Ring of the Serpent"}],"items_purged_floors":[2],"is_endless":false,"potions_floor_spawned":[1,5,10,12,23,30,31],"killed_by":"Collector","ascension_level":9}