{"gold_per_floor":[115,132,132,132,151,151,177,177,177,177,187,216,228,244,244,318,318,334,353,353],"floor_reached":20,"playtime":1205,"items_purged":[],"score":522,"play_id":"6e558101-72fd-478c-8dbc-534f947b0127","local_time":"20190523195259","is_ascension_mode":true,"campfire_choices":[{"data":"Buffer","floor":6.0,"key":"SMITH"},{"data":"Zap","floor":8,"key":"SMITH"},{"floor":10,"key":"REST"},{"floor":15,"key":"REST"}],"neow_cost":"NONE","seed_source_timestamp":0,"circlet_count":0,"master_deck":["AscendersBane","Strike_B","Strike_B","Strike_B","Strike_B","Defend_B","Defend_B","Defend_B","Defend_B","Zap+1","Dualcast","Loop","Capacitor","Recycle","Buffer+1","Beam Cell","Core Surge","Barrage","Loop","Buffer","Hologram","Ball Lightning"],"special_seed":0,"relics":["Cracked Core","NeowsBlessing","Shuriken","Mummified Hand","Peace Pipe","Inserter"],"potions_floor_usage":[7,7,7,16,20,20],"damage_taken":[{"damage":0.0,"enemies":"Cultist","floor":1.0,"turns":1.0},{"damage":0.0,"enemies":"Small Slimes","floor":2.0,"turns":1.0},{"damage":0.0,"enemies":"2 Louse","floor":5.0,"turns":1.0},{"damage":35,"enemies":"Gremlin Nob","floor":7,"turns":6},{"damage":0,"enemies":"Large Slime","floor":11,"turns":6},{"damage":0,"enemies":"Lagavulin","floor":12,"turns":6},{"damage":0,"enemies":"2 Fungi Beasts","floor":13,"turns":3},{"damage":13,"enemies":"Blue Slaver","floor":14,"turns":3},{"damage":0,"enemies":"Slime Boss","floor":16,"turns":8},{"damage":41,"enemies":"Shell Parasite","floor":18,"turns":7},{"damage":23,"enemies":"Spheric Guardian","floor":19,"turns":6},{"damage":18,"enemies":"Shelled Parasite and Fungi","floor":20,"turns":1}],"seed_played":"2511810437391787549","potions_obtained":[{"floor":1.0,"key":"SteroidPotion"},{"floor":5.0,"key":"SpeedPotion"},{"floor":7,"key":"Fruit Juice"},{"floor":11,"key":"PowerPotion"},{"floor":13,"key":"AttackPotion"},{"floor":16,"key":"Ancient Potion"},{"floor":19,"key":"PowerPotion"}],"is_trial":false,"path_per_floor":["M","M","$","?","M","R","E","R","T","R","M","E","M","M","R","B",null,"M","M","M"],"character_chosen":"DEFECT","items_purchased":[],"campfire_rested":2,"item_purchase_floors":[],"current_hp_per_floor":[64,64,64,64,64,64,34,34,34,56,56,56,56,43,65,65,73,32,9,0],"gold":353,"neow_bonus":"THREE_ENEMY_KILL","is_prod":false,"is_daily":false,"chose_seed":false,"campfire_upgraded":2,"win_rate":0,"timestamp":1558630379,"path_taken":["M","M","?","?","M","R","E","R","T","R","?","E","M","M","R","BOSS","M","?","?"],"build_version":"2019-01-23","purchased_purges":0,"victory":false,"max_hp_per_floor":[71,71,71,71,71,71,76,76,76,76,76,76,76,76,76,76,76,76,76,76],"card_choices":[{"not_picked":["Stack","Leap"],"picked":"Loop","floor":1.0},{"not_picked":["Blizzard","Rip and Tear"],"picked":"Capacitor","floor":2.0},{"not_picked":["Static Discharge","Reprogram","Sweeping Beam"],"picked":"SKIP","floor":5.0},{"not_picked":["Steam Power","Coolheaded"],"picked":"Beam Cell","floor":7},{"not_picked":["Reprogram","Gash"],"picked":"Core Surge","floor":11},{"not_picked":["Stack","Aggregate","Compile Driver"],"picked":"SKIP","floor":12},{"not_picked":["Steam Power","Beam Cell"],"picked":"Barrage","floor":13},{"not_picked":["Conserve Battery","Sweeping Beam"],"picked":"Loop","floor":14},{"not_picked":["Amplify","Meteor Strike"],"picked":"Buffer","floor":16},{"not_picked":["Go for the Eyes","Gash"],"picked":"Hologram","floor":18},{"not_picked":["Steam+1","Barrage"],"picked":"Ball Lightning","floor":19}],"player_experience":1125833,"relics_obtained":[{"floor":7,"key":"Shuriken"},{"floor":9,"key":"Mummified Hand"},{"floor":12,"key":"Peace Pipe"}],"event_choices":[{"damage_healed":0.0,"max_hp_gain":0.0,"max_hp_loss":0.0,"gold_gain":0.0,"event_name":"Match and Keep!","player_choice":"2 cards matched","floor":4.0,"gold_loss":0.0,"damage_taken":0.0,"cards_obtained":["Recycle","Buffer"]}],"is_beta":false,"boss_relics":[{"not_picked":["Sozu","Runic Pyramid"],"picked":"Inserter"}],"items_purged_floors":[],"is_endless":false,"potions_floor_spawned":[1,5,7,11,13,16,19],"killed_by":"Shelled Parasite and Fungi","ascension_level":20}