{"gold_per_floor":[110,110,35,45,45,76,76,87,157,157,176,196,196,196,196,297,297,312,252,265,285,107,107,125,150,175,175,206,237,237],"floor_reached":30,"playtime":1892,"items_purged":["Strike_B","Strike_B"],"score":335,"play_id":"7fb27747-e063-4151-9192-a1adaf008827","local_time":"20190522143038","is_ascension_mode":true,"campfire_choices":[{"data":"Defragment","floor":10.0,"key":"SMITH"},{"data":"Zap","floor":13,"key":"SMITH"},{"data":"Redo","floor":15,"key":"SMITH"},{"data":"Capacitor","floor":23,"key":"SMITH"},{"floor":27,"key":"REST"}],"neow_cost":"PERCENT_DAMAGE","seed_source_timestamp":258488557182600,"circlet_count":0,"master_deck":["Strike_B","Defend_B","Defend_B","Defend_B","Defend_B","Zap+1","Dualcast","Coolheaded","Defragment+1","Conserve Battery","Redo+1","Turbo","Leap","Amplify","Coolheaded","Steam","Ball Lightning","Coolheaded+1","Capacitor+1","Capacitor","Loop","Chaos+1"],"special_seed":0,"relics":["Cracked Core","Peace Pipe","Art of War","Dodecahedron","Pocketwatch","Cables","Runic Pyramid","Anchor","Regal Pillow","Mercury Hourglass","Red Mask"],"potions_floor_usage":[12,19,29,30],"damage_taken":[{"damage":0.0,"enemies":"Cultist","floor":1.0,"turns":3.0},{"damage":0.0,"enemies":"Jaw Worm","floor":4.0,"turns":6.0},{"damage":5.0,"enemies":"Lagavulin","floor":6.0,"turns":10.0},{"damage":3.0,"enemies":"Small Slimes","floor":8.0,"turns":3.0},{"damage":0,"enemies":"Looter","floor":11,"turns":3},{"damage":5,"enemies":"Gremlin Gang","floor":12,"turns":4},{"damage":17,"enemies":"Slime Boss","floor":16,"turns":8},{"damage":19,"enemies":"3 Byrds","floor":18,"turns":5},{"damage":6,"enemies":"2 Thieves","floor":19,"turns":4},{"damage":1,"enemies":"3 Cultists","floor":20,"turns":7},{"damage":6,"enemies":"Centurion and Healer","floor":21,"turns":9},{"damage":0,"enemies":"Snecko","floor":24,"turns":5},{"damage":28,"enemies":"Slavers","floor":25,"turns":11},{"damage":6,"enemies":"Gremlin Leader","floor":28,"turns":7},{"damage":35,"enemies":"Masked Bandits","floor":29,"turns":4},{"damage":5,"enemies":"Slavers","floor":30,"turns":2}],"seed_played":"-8887056426237665076","potions_obtained":[{"floor":1.0,"key":"SkillPotion"},{"floor":4.0,"key":"SteroidPotion"},{"floor":6.0,"key":"SneckoOil"},{"floor":18,"key":"GamblersBrew"},{"floor":25,"key":"Weak Potion"},{"floor":28,"key":"Energy Potion"},{"floor":29,"key":"Fire Potion"}],"is_trial":false,"path_per_floor":["M","T","$","M","?","E","?","M","T","R","M","M","R","?","R","B",null,"M","M","M","M","$","R","M","E","T","R","E","?","E"],"character_chosen":"DEFECT","items_purchased":["Capacitor"],"campfire_rested":1,"item_purchase_floors":[22],"current_hp_per_floor":[54,54,54,54,75,70,67,64,64,64,64,59,59,59,59,42,67,48,42,41,35,35,35,35,7,7,44,38,3,0],"gold":237,"neow_bonus":"ONE_RARE_RELIC","is_prod":false,"is_daily":false,"chose_seed":false,"campfire_upgraded":4,"win_rate":0,"timestamp":1558553438,"path_taken":["M","?","$","M","?","E","?","M","T","R","M","M","R","?","R","BOSS","M","?","?","M","$","R","M","E","T","R","E","?","E"],"build_version":"2019-01-23","purchased_purges":2,"victory":false,"max_hp_per_floor":[75,75,75,75,75,75,75,75,75,75,75,75,75,75,75,75,75,75,75,75,75,75,75,75,75,75,75,75,75,75],"card_choices":[{"not_picked":["BootSequence","Redo"],"picked":"Coolheaded","floor":1.0},{"not_picked":["Redo","Rebound"],"picked":"Defragment","floor":4.0},{"not_picked":["Compile Driver","Turbo"],"picked":"Conserve Battery","floor":6.0},{"not_picked":["Cold Snap","Meteor Strike"],"picked":"Redo","floor":8.0},{"not_picked":["Streamline","Rebound"],"picked":"Turbo","floor":11},{"not_picked":["Steam","Reinforced Body"],"picked":"Leap","floor":12},{"not_picked":["Multi-Cast","Machine Learning"],"picked":"Amplify","floor":16},{"not_picked":["Gash","Sweeping Beam+1"],"picked":"Coolheaded","floor":18},{"not_picked":["Ball Lightning+1","Reprogram+1"],"picked":"Steam","floor":19},{"not_picked":["Rebound","Streamline"],"picked":"Ball Lightning","floor":20},{"not_picked":["Gash","Barrage+1"],"picked":"Coolheaded+1","floor":21},{"not_picked":["Hello World","Go for the Eyes+1"],"picked":"Capacitor","floor":24},{"not_picked":["Go for the Eyes","Cold Snap","Streamline"],"picked":"SKIP","floor":25},{"not_picked":["Aggregate","Cold Snap"],"picked":"Loop","floor":28},{"not_picked":["Darkness+1","Ball Lightning"],"picked":"Chaos+1","floor":29}],"player_experience":217032,"relics_obtained":[{"floor":2.0,"key":"Art of War"},{"floor":6.0,"key":"Dodecahedron"},{"floor":9.0,"key":"Cables"},{"floor":25,"key":"Anchor"},{"floor":26,"key":"Regal Pillow"},{"floor":28,"key":"Mercury Hourglass"},{"floor":29,"key":"Red Mask"}],"event_choices":[{"damage_healed":25.0,"max_hp_gain":0.0,"max_hp_loss":0.0,"gold_gain":0.0,"event_name":"Big Fish","player_choice":"Banana","floor":5.0,"gold_loss":0.0,"damage_taken":0.0},{"damage_healed":0.0,"max_hp_gain":0.0,"max_hp_loss":0.0,"gold_gain":0.0,"event_name":"Scrap Ooze","player_choice":"Success","floor":7.0,"gold_loss":0.0,"damage_taken":3.0,"relics_obtained":["Pocketwatch"]},{"cards_removed":["Strike_B"],"damage_healed":0,"gold_gain":0,"player_choice":"Purged","damage_taken":0,"max_hp_gain":0,"max_hp_loss":0,"event_name":"Purifier","floor":14,"gold_loss":0},{"damage_healed":0,"gold_gain":0,"player_choice":"Fought Bandits","damage_taken":0,"max_hp_gain":0,"max_hp_loss":0,"event_name":"Masked Bandits","floor":29,"gold_loss":0}],"is_beta":false,"boss_relics":[{"not_picked":["White Beast Statue","Velvet Choker"],"picked":"Runic Pyramid"}],"items_purged_floors":[3,22],"is_endless":false,"potions_floor_spawned":[1,4,6,18,25,28,29],"killed_by":"Slavers","ascension_level":5}