{"gold_per_floor":[118,118,137,137,153,153,187,109,109,109,109,121,121,121,121,198,198,218,218,218,236,236,236,246,246,246,246,277,277,289,301,301,380,380,390,408,69,69],"floor_reached":38,"playtime":1843,"items_purged":["Strike_B"],"score":745,"play_id":"fb9b25cb-1fb1-4789-a2f6-235163b69fa7","local_time":"20190206053727","is_ascension_mode":true,"campfire_choices":[{"floor":6.0,"key":"REST"},{"data":"Blizzard","floor":11,"key":"SMITH"},{"data":"Blizzard","floor":13,"key":"SMITH"},{"floor":15,"key":"REST"},{"floor":23,"key":"REST"},{"floor":25,"key":"REST"},{"floor":32,"key":"REST"}],"neow_cost":"NONE","seed_source_timestamp":0,"circlet_count":0,"master_deck":["AscendersBane","Strike_B","Strike_B","Defend_B","Defend_B","Defend_B","Defend_B+1","Zap+1","Dualcast+1","Blizzard+1","Glacier","BootSequence","Blizzard+1","Glacier","Electrodynamics","Defragment+1","White Noise","Glacier","Blizzard"],"special_seed":0,"relics":["Cracked Core","Meat on the Bone","Bag of Marbles","Fusion Hammer","Blue Candle","Anchor","Inserter","Medical Kit"],"potions_floor_usage":[16,30],"damage_taken":[{"damage":7.0,"enemies":"Jaw Worm","floor":1.0,"turns":3.0},{"damage":1.0,"enemies":"Small Slimes","floor":3.0,"turns":4.0},{"damage":0.0,"enemies":"2 Louse","floor":5.0,"turns":3.0},{"damage":22.0,"enemies":"3 Sentries","floor":7.0,"turns":11.0},{"damage":15,"enemies":"Exordium Wildlife","floor":12,"turns":7},{"damage":61,"enemies":"Hexaghost","floor":16,"turns":15},{"damage":1,"enemies":"2 Thieves","floor":18,"turns":4},{"damage":14,"enemies":"Colosseum Slavers","floor":19,"turns":5},{"damage":0,"enemies":"Shell Parasite","floor":21,"turns":6},{"damage":5,"enemies":"Snecko","floor":24,"turns":6},{"damage":51,"enemies":"Gremlin Leader","floor":28,"turns":6},{"damage":15,"enemies":"Sentry and Sphere","floor":30,"turns":4},{"damage":8,"enemies":"Snake Plant","floor":31,"turns":5},{"damage":62,"enemies":"Automaton","floor":33,"turns":13},{"damage":0,"enemies":"3 Shapes","floor":35,"turns":4},{"damage":24,"enemies":"3 Darklings","floor":36,"turns":4},{"damage":49,"enemies":"Maw","floor":38,"turns":8}],"seed_played":"-8542916442986651016","potions_obtained":[{"floor":1.0,"key":"SteroidPotion"},{"floor":5.0,"key":"Regen Potion"},{"floor":16,"key":"SmokeBomb"},{"floor":31,"key":"Weak Potion"}],"is_trial":false,"path_per_floor":["M","?","M","?","M","R","E","$","T","?","R","M","R","?","R","B",null,"M","?","?","M","?","R","M","R","T","$","E","?","M","M","R","B",null,"M","M","$","M"],"character_chosen":"DEFECT","items_purchased":["Blizzard","Blizzard","Medical Kit"],"campfire_rested":5,"item_purchase_floors":[8,37,37],"current_hp_per_floor":[57,36,35,35,35,56,34,34,34,34,34,31,31,31,52,18,58,57,43,43,43,43,64,59,71,71,71,32,46,43,47,68,18,58,58,46,46,0],"gold":69,"neow_bonus":"UPGRADE_CARD","is_prod":false,"is_daily":false,"chose_seed":false,"campfire_upgraded":2,"win_rate":0,"timestamp":1549420647,"path_taken":["M","?","M","?","M","R","E","$","T","?","R","?","R","?","R","BOSS","M","?","?","?","?","R","M","R","T","?","E","?","M","M","R","BOSS","M","M","$","M"],"build_version":"2019-01-23","purchased_purges":1,"victory":false,"max_hp_per_floor":[71,71,71,71,71,71,71,71,71,71,71,71,71,71,71,71,71,71,71,71,71,71,71,71,71,71,71,71,71,71,71,71,71,71,71,71,71,71],"card_choices":[{"not_picked":["Steam Power","Tempest"],"picked":"Blizzard","floor":1.0},{"not_picked":["Chaos","Redo","Reprogram"],"picked":"SKIP","floor":3.0},{"not_picked":["Beam Cell","Cold Snap"],"picked":"Glacier","floor":5.0},{"not_picked":["Sunder","Amplify"],"picked":"BootSequence","floor":7.0},{"not_picked":["Barrage","Gash"],"picked":"Glacier","floor":12},{"not_picked":["Meteor Strike","Buffer"],"picked":"Electrodynamics","floor":16},{"not_picked":["Barrage+1","Rebound","Redo"],"picked":"SKIP","floor":18},{"not_picked":["Loop","Go for the Eyes"],"picked":"Defragment","floor":21},{"not_picked":["Leap","Reprogram+1","Beam Cell"],"picked":"SKIP","floor":24},{"not_picked":["Amplify","Reprogram"],"picked":"White Noise","floor":28},{"not_picked":["Compile Driver","Barrage","Stack"],"picked":"SKIP","floor":30},{"not_picked":["Conserve Battery+1","Streamline","Lockon"],"picked":"SKIP","floor":31},{"not_picked":["Gash","Barrage"],"picked":"Glacier","floor":35},{"not_picked":["Recycle","Chaos","Streamline"],"picked":"SKIP","floor":36}],"player_experience":928414,"relics_obtained":[{"floor":7.0,"key":"Meat on the Bone"},{"floor":9.0,"key":"Bag of Marbles"},{"floor":26,"key":"Blue Candle"},{"floor":28,"key":"Anchor"}],"event_choices":[{"damage_healed":0.0,"max_hp_gain":0.0,"max_hp_loss":0.0,"gold_gain":0.0,"event_name":"Shining Light","player_choice":"Entered Light","floor":2.0,"gold_loss":0.0,"damage_taken":21.0,"cards_upgraded":["Defend_B","Dualcast"]},{"cards_removed":["Strike_B"],"damage_healed":0.0,"max_hp_gain":0.0,"max_hp_loss":0.0,"gold_gain":0.0,"event_name":"Living Wall","player_choice":"Forget","floor":4.0,"gold_loss":0.0,"damage_taken":0.0},{"damage_healed":0,"gold_gain":0,"player_choice":"Searched \u00270\u0027 times","damage_taken":0,"max_hp_gain":0,"max_hp_loss":0,"event_name":"Dead Adventurer","floor":10,"gold_loss":0},{"damage_healed":0,"gold_gain":0,"player_choice":"Ignored","damage_taken":0,"max_hp_gain":0,"max_hp_loss":0,"event_name":"Liars Game","floor":14,"gold_loss":0},{"damage_healed":0,"gold_gain":0,"player_choice":"Fight","damage_taken":0,"max_hp_gain":0,"max_hp_loss":0,"event_name":"Colosseum","floor":19,"gold_loss":0},{"damage_healed":0,"gold_gain":0,"player_choice":"Fled From Nobs","damage_taken":0,"max_hp_gain":0,"max_hp_loss":0,"event_name":"Colosseum","floor":19,"gold_loss":0},{"damage_healed":0,"gold_gain":0,"player_choice":"Ignored","damage_taken":0,"max_hp_gain":0,"max_hp_loss":0,"event_name":"N\u0027loth","floor":20,"gold_loss":0},{"damage_healed":0,"gold_gain":0,"player_choice":"Forge","damage_taken":0,"max_hp_gain":0,"max_hp_loss":0,"event_name":"Accursed Blacksmith","floor":22,"gold_loss":0,"cards_upgraded":["Defragment"]},{"damage_healed":14,"gold_gain":0,"player_choice":"Heal","damage_taken":0,"max_hp_gain":0,"max_hp_loss":0,"event_name":"The Library","floor":29,"gold_loss":0}],"is_beta":false,"boss_relics":[{"not_picked":["Coffee Dripper","Ectoplasm"],"picked":"Fusion Hammer"},{"not_picked":["Philosopher\u0027s Stone","Calling Bell"],"picked":"Inserter"}],"items_purged_floors":[37],"is_endless":false,"potions_floor_spawned":[1,5,12,16,21,24,28,31,36],"killed_by":"Maw","ascension_level":18}