{"gold_per_floor":[126,158,188,153,165,204,234,246,258,112,112,112,171,171],"floor_reached":14,"playtime":915,"items_purged":[],"score":163,"play_id":"966398d2-2311-426c-b447-5a423b40ade3","local_time":"20181203181815","is_ascension_mode":true,"campfire_choices":[{"floor":8,"key":"REST"},{"floor":12,"key":"REST"}],"neow_cost":"NONE","seed_source_timestamp":26974462279308,"circlet_count":0,"master_deck":["AscendersBane","Defend_G","Defend_G","Defend_G","Defend_G","Defend_G","Strike_G","Strike_G","Strike_G","Strike_G","Strike_G","Survivor","Neutralize","Cloak And Dagger+1"],"relics":["Ring of the Snake","MawBank","Gambling Chip","Toxic Egg 2","Mercury Hourglass","Vajra","Bag of Preparation"],"potions_floor_usage":[6,14,14],"damage_taken":[{"damage":0,"enemies":"2 Louse","floor":1,"turns":4},{"damage":1,"enemies":"Small Slimes","floor":2,"turns":7},{"damage":1,"enemies":"Cultist","floor":3,"turns":4},{"damage":40,"enemies":"3 Sentries","floor":6,"turns":19},{"damage":8,"enemies":"Red Slaver","floor":7,"turns":5},{"damage":10,"enemies":"3 Sentries","floor":13,"turns":7},{"damage":15,"enemies":"Gremlin Nob","floor":14,"turns":3}],"seed_played":"4423029592469496401","potions_obtained":[{"floor":2,"key":"Dexterity Potion"},{"floor":7,"key":"GamblersBrew"},{"floor":13,"key":"EssenceOfSteel"}],"is_trial":false,"path_per_floor":["M","M","M","?","?","E","M","R","T","$","?","R","?","E"],"character_chosen":"THE_SILENT","items_purchased":["Vajra"],"campfire_rested":2,"item_purchase_floors":[10],"current_hp_per_floor":[59,58,57,57,57,17,9,28,28,28,2,21,11,0],"gold":171,"neow_bonus":"RANDOM_COMMON_RELIC","is_prod":false,"is_daily":false,"chose_seed":false,"campfire_upgraded":0,"win_rate":0,"timestamp":1543850295,"path_taken":["M","M","M","?","?","E","?","R","T","?","?","R","?","E"],"build_version":"2018-11-15","purchased_purges":0,"victory":false,"max_hp_per_floor":[66,66,66,66,66,66,66,66,66,66,66,66,66,66],"card_choices":[{"not_picked":["Outmaneuver","Deflect","Blade Dance"],"picked":"SKIP","floor":1},{"not_picked":["Endless Agony","Dodge and Roll","Acrobatics"],"picked":"SKIP","floor":2},{"not_picked":["Concentrate","Distraction","Blade Dance"],"picked":"SKIP","floor":3},{"not_picked":["Choke","PiercingWail"],"picked":"Cloak And Dagger","floor":6},{"not_picked":["Poisoned Stab","Underhanded Strike","Masterful Stab"],"picked":"SKIP","floor":7}],"player_experience":811723,"relics_obtained":[{"floor":5,"key":"Gambling Chip"},{"floor":6,"key":"Toxic Egg 2"},{"floor":9,"key":"Mercury Hourglass"},{"floor":13,"key":"Bag of Preparation"}],"event_choices":[{"damage_healed":0,"gold_gain":0,"player_choice":"Left Gold","damage_taken":0,"max_hp_gain":0,"max_hp_loss":0,"event_name":"World of Goop","floor":4,"gold_loss":47},{"damage_healed":0,"gold_gain":0,"player_choice":"Relic","damage_taken":0,"max_hp_gain":0,"max_hp_loss":0,"event_name":"Wheel of Change","floor":5,"gold_loss":0},{"damage_healed":0,"gold_gain":0,"player_choice":"Fled","damage_taken":26,"max_hp_gain":0,"max_hp_loss":0,"event_name":"Scrap Ooze","floor":11,"gold_loss":0},{"damage_healed":0,"gold_gain":0,"player_choice":"Searched \u00272\u0027 times","damage_taken":0,"max_hp_gain":0,"max_hp_loss":0,"event_name":"Dead Adventurer","floor":13,"gold_loss":0}],"is_beta":false,"boss_relics":[],"items_purged_floors":[],"is_endless":false,"potions_floor_spawned":[2,7,13],"killed_by":"Gremlin Nob","ascension_level":17}