{"gold_per_floor":[113,113,113,113,129,129,163,163,163,83,83,96,119,119,119,212,212,228,228,228,241,266,266,266],"floor_reached":24,"playtime":864,"items_purged":[],"score":369,"play_id":"eca048ad-7041-435f-8f5a-a8c53f779b6d","local_time":"20190206050541","is_ascension_mode":true,"campfire_choices":[{"data":"Reinforced Body","floor":6,"key":"SMITH"},{"floor":8,"key":"REST"},{"floor":11,"key":"REST"},{"floor":15,"key":"REST"},{"floor":23,"key":"REST"}],"neow_cost":"NONE","seed_source_timestamp":42360520195901,"circlet_count":0,"master_deck":["AscendersBane","Strike_B","Strike_B","Strike_B","Defend_B","Defend_B","Defend_B","Defend_B","Zap+1","Dualcast","Reinforced Body+1","Ball Lightning","FTL","Rip and Tear","Beam Cell+1","Necronomicurse","Rebound","Steam"],"relics":["Cracked Core","Golden Idol","Bag of Marbles","Shuriken","Centennial Puzzle","Lizard Tail","Necronomicon"],"potions_floor_usage":[7],"damage_taken":[{"damage":1,"enemies":"Cultist","floor":1,"turns":4},{"damage":6,"enemies":"Jaw Worm","floor":5,"turns":4},{"damage":32,"enemies":"3 Sentries","floor":7,"turns":8},{"damage":0,"enemies":"Small Slimes","floor":12,"turns":2},{"damage":6,"enemies":"Looter","floor":13,"turns":3},{"damage":36,"enemies":"The Guardian","floor":16,"turns":8},{"damage":24,"enemies":"Spheric Guardian","floor":18,"turns":4},{"damage":0,"enemies":"Chosen","floor":21,"turns":3},{"damage":36,"enemies":"Snake Plant","floor":22,"turns":4},{"damage":40,"enemies":"Book of Stabbing","floor":24,"turns":4}],"seed_played":"8092269146815217697","potions_obtained":[{"floor":1,"key":"Explosive Potion"}],"is_trial":false,"path_per_floor":["M","?","?","?","M","R","E","R","T","$","R","M","M","?","R","B",null,"M","?","?","M","M","R","E"],"character_chosen":"DEFECT","items_purchased":["FTL"],"campfire_rested":4,"item_purchase_floors":[10],"current_hp_per_floor":[63,56,56,56,50,50,18,37,37,37,56,56,50,24,43,7,50,26,39,18,18,16,35,0],"gold":266,"neow_bonus":"UPGRADE_CARD","is_prod":false,"is_daily":false,"chose_seed":false,"campfire_upgraded":1,"win_rate":0,"timestamp":1549418741,"path_taken":["M","?","?","?","M","R","E","R","T","$","R","M","?","?","R","BOSS","M","?","?","?","?","R","E"],"build_version":"2019-01-23","purchased_purges":0,"victory":false,"max_hp_per_floor":[71,71,64,64,64,64,64,64,64,64,64,64,64,64,64,64,64,64,64,64,64,64,64,64],"card_choices":[{"not_picked":["Skim","Chaos","Hologram"],"picked":"SKIP","floor":1},{"not_picked":["Coolheaded","Gash"],"picked":"Reinforced Body","floor":5},{"not_picked":["Steam","Reboot"],"picked":"Ball Lightning","floor":7},{"not_picked":["Genetic Algorithm","Lockon","Sweeping Beam"],"picked":"SKIP","floor":12},{"not_picked":["Skim","Redo"],"picked":"Rip and Tear","floor":13},{"not_picked":["Leap","Go for the Eyes"],"picked":"Beam Cell+1","floor":18},{"not_picked":["Tempest","Barrage"],"picked":"Rebound","floor":21},{"not_picked":["Loop","Leap"],"picked":"Steam","floor":22}],"player_experience":927550,"relics_obtained":[{"floor":7,"key":"Bag of Marbles"},{"floor":9,"key":"Shuriken"},{"floor":20,"key":"Necronomicon"}],"event_choices":[{"cards_removed":["Strike_B"],"damage_healed":0,"gold_gain":0,"player_choice":"Card Removal","damage_taken":7,"max_hp_gain":0,"max_hp_loss":0,"event_name":"Golden Wing","floor":2,"gold_loss":0},{"damage_healed":0,"gold_gain":0,"player_choice":"Lose Max HP","damage_taken":0,"relics_obtained":["Golden Idol"],"max_hp_gain":0,"max_hp_loss":7,"event_name":"Golden Idol","floor":3,"gold_loss":0},{"damage_healed":0,"gold_gain":0,"player_choice":"0 cards matched","damage_taken":0,"max_hp_gain":0,"max_hp_loss":0,"event_name":"Match and Keep!","floor":4,"gold_loss":0,"cards_obtained":[]},{"damage_healed":0,"gold_gain":0,"player_choice":"Success","damage_taken":26,"relics_obtained":["Centennial Puzzle"],"max_hp_gain":0,"max_hp_loss":0,"event_name":"Scrap Ooze","floor":14,"gold_loss":0},{"damage_healed":13,"gold_gain":0,"player_choice":"Heal","damage_taken":0,"max_hp_gain":0,"max_hp_loss":0,"event_name":"The Library","floor":19,"gold_loss":0},{"damage_healed":0,"gold_gain":0,"player_choice":"Obtained Book","damage_taken":21,"max_hp_gain":0,"max_hp_loss":0,"event_name":"Cursed Tome","floor":20,"gold_loss":0}],"is_beta":false,"boss_relics":[{"not_picked":["Black Star","Philosopher\u0027s Stone"],"picked":"Lizard Tail"}],"items_purged_floors":[],"is_endless":false,"potions_floor_spawned":[1],"killed_by":"Book of Stabbing","ascension_level":18}