{"gold_per_floor":[114,124,124,124,124,154,204,215,215,215,249,76,76,89,89,166,166,186,186,186,24,34,34,61,61,61,75,88,88],"floor_reached":29,"playtime":1423,"items_purged":["Decay"],"score":552,"play_id":"9b679d75-fe27-43c6-9903-c4a1149a6ea0","local_time":"20190502203612","is_ascension_mode":true,"campfire_choices":[{"data":"Well Laid Plans","floor":10.0,"key":"SMITH"},{"floor":15,"key":"REST"},{"floor":23,"key":"REST"},{"floor":25,"key":"REST"}],"neow_cost":"NONE","seed_source_timestamp":0,"circlet_count":0,"master_deck":["AscendersBane","Defend_G","Defend_G","Defend_G","Defend_G","Defend_G","Strike_G","Strike_G","Strike_G","Survivor","Neutralize","Crippling Poison","Bullet Time","Well Laid Plans+1","Night Terror","Bouncing Flask","Glass Knife","Blur","Footwork","Corpse Explosion","Dodge and Roll+1","Backflip"],"special_seed":0,"relics":["Ring of the Snake","NeowsBlessing","Pear","Regal Pillow","Bronze Scales","Vajra","Philosopher\u0027s Stone","Boot","Tingsha"],"potions_floor_usage":[11,11,24,24,28],"damage_taken":[{"damage":0.0,"enemies":"Cultist","floor":1.0,"turns":1.0},{"damage":0.0,"enemies":"2 Louse","floor":2.0,"turns":1.0},{"damage":0.0,"enemies":"Lagavulin","floor":6.0,"turns":1.0},{"damage":1.0,"enemies":"Small Slimes","floor":8.0,"turns":3.0},{"damage":45,"enemies":"Gremlin Nob","floor":11,"turns":5},{"damage":0,"enemies":"2 Fungi Beasts","floor":14,"turns":4},{"damage":14,"enemies":"Hexaghost","floor":16,"turns":9},{"damage":26,"enemies":"3 Byrds","floor":18,"turns":3},{"damage":11,"enemies":"Spheric Guardian","floor":22,"turns":6},{"damage":57,"enemies":"Gremlin Leader","floor":24,"turns":9},{"damage":5,"enemies":"Snecko","floor":27,"turns":5},{"damage":22,"enemies":"Shelled Parasite and Fungi","floor":28,"turns":6},{"damage":21,"enemies":"Centurion and Healer","floor":29,"turns":4}],"seed_played":"5189983861157180998","potions_obtained":[{"floor":1.0,"key":"PowerPotion"},{"floor":8.0,"key":"Poison Potion"},{"floor":11,"key":"Strength Potion"},{"floor":16,"key":"SkillPotion"},{"floor":22,"key":"SkillPotion"},{"floor":24,"key":"SkillPotion"},{"floor":27,"key":"SteroidPotion"},{"floor":28,"key":"SteroidPotion"}],"is_trial":false,"path_per_floor":["M","M","?","$","?","E","?","M","T","R","E","$","?","M","R","B",null,"M","?","?","$","M","R","E","R","T","M","M","M"],"character_chosen":"THE_SILENT","items_purchased":["Night Terror","Footwork"],"campfire_rested":3,"item_purchase_floors":[12,21],"current_hp_per_floor":[59,59,59,59,52,62,62,61,61,61,16,16,16,16,53,39,67,41,41,41,41,30,67,10,47,47,42,20,0],"gold":88,"neow_bonus":"THREE_ENEMY_KILL","is_prod":false,"is_daily":false,"chose_seed":false,"campfire_upgraded":1,"win_rate":0,"timestamp":1556818572,"path_taken":["M","?","?","$","?","E","?","?","T","R","E","?","?","?","R","BOSS","M","?","?","$","M","R","E","R","T","?","M","M"],"build_version":"2019-01-23","purchased_purges":1,"victory":false,"max_hp_per_floor":[66,66,66,66,66,76,76,76,76,76,76,76,76,76,76,76,76,76,76,76,76,76,76,76,76,76,76,76,76],"card_choices":[{"not_picked":["Backflip","Accuracy"],"picked":"Crippling Poison","floor":1.0},{"not_picked":["Poisoned Stab","Underhanded Strike","Concentrate"],"picked":"SKIP","floor":2.0},{"not_picked":["Riddle With Holes","Blade Dance"],"picked":"Bullet Time","floor":6.0},{"not_picked":["Crippling Poison","Underhanded Strike"],"picked":"Well Laid Plans","floor":8.0},{"not_picked":["Accuracy","Outmaneuver","Flying Knee"],"picked":"SKIP","floor":11},{"not_picked":["Acrobatics","Accuracy"],"picked":"Bouncing Flask","floor":14},{"not_picked":["Grand Finale","Wraith Form v2"],"picked":"Glass Knife","floor":16},{"not_picked":["Dagger Throw","Quick Slash","Accuracy"],"picked":"SKIP","floor":18},{"not_picked":["Sucker Punch","Outmaneuver+1","PiercingWail"],"picked":"SKIP","floor":22},{"not_picked":["Poisoned Stab","Dash"],"picked":"Corpse Explosion","floor":24},{"not_picked":["Prepared","Infinite Blades"],"picked":"Dodge and Roll+1","floor":27},{"not_picked":["Flying Knee+1","Calculated Gamble"],"picked":"Backflip","floor":28}],"player_experience":1089471,"relics_obtained":[{"floor":6.0,"key":"Pear"},{"floor":9.0,"key":"Regal Pillow"},{"floor":11,"key":"Bronze Scales"},{"floor":24,"key":"Boot"},{"floor":26,"key":"Tingsha"}],"event_choices":[{"cards_removed":["Strike_G"],"damage_healed":0.0,"max_hp_gain":0.0,"max_hp_loss":0.0,"gold_gain":0.0,"event_name":"Living Wall","player_choice":"Forget","floor":3.0,"gold_loss":0.0,"damage_taken":0.0},{"cards_removed":["Strike_G"],"damage_healed":0.0,"max_hp_gain":0.0,"max_hp_loss":0.0,"gold_gain":0.0,"event_name":"Golden Wing","player_choice":"Card Removal","floor":5.0,"gold_loss":0.0,"damage_taken":7.0},{"damage_healed":0.0,"max_hp_gain":0.0,"max_hp_loss":0.0,"gold_gain":50.0,"event_name":"Golden Shrine","player_choice":"Pray","floor":7.0,"gold_loss":0.0,"damage_taken":0.0},{"damage_healed":0,"gold_gain":0,"player_choice":"Gave Potion","damage_taken":0,"relics_obtained":["Vajra"],"max_hp_gain":0,"max_hp_loss":0,"event_name":"WeMeetAgain","floor":13,"gold_loss":0},{"damage_healed":0,"gold_gain":0,"player_choice":"Read","damage_taken":0,"max_hp_gain":0,"max_hp_loss":0,"event_name":"The Library","floor":19,"gold_loss":0,"cards_obtained":["Blur"]},{"damage_healed":0,"gold_gain":0,"player_choice":"Cursed","damage_taken":0,"max_hp_gain":0,"max_hp_loss":0,"event_name":"Wheel of Change","floor":20,"gold_loss":0,"cards_obtained":["Decay"]}],"is_beta":false,"boss_relics":[{"not_picked":["WristBlade","Calling Bell"],"picked":"Philosopher\u0027s Stone"}],"items_purged_floors":[21],"is_endless":false,"potions_floor_spawned":[1,8,11,16,22,24,27,28],"killed_by":"Centurion and Healer","ascension_level":20}