{"gold_per_floor":[119,119,132,149,161,161,194,218,243,208,219,219,230,230,230,358,358,379,399,91,191,214,248,18,51,77,117,117,141,141,155,155,283,346,366,366,386,202,202,202,237,237,237,253,292,292,331,391,391,391],"floor_reached":50,"playtime":3151,"items_purged":[],"score":692,"play_id":"f8a1fbf4-39dd-4405-a5a3-83d51a03d342","local_time":"20190504225232","is_ascension_mode":true,"campfire_choices":[{"data":"Zap","floor":6,"key":"SMITH"},{"data":"Go for the Eyes","floor":12,"key":"SMITH"},{"data":"Barrage","floor":15,"key":"SMITH"},{"data":"Go for the Eyes","floor":30,"key":"SMITH"},{"data":"Defragment","floor":32,"key":"SMITH"},{"data":"Beam Cell","floor":40,"key":"SMITH"},{"data":"Chill","floor":42,"key":"SMITH"},{"data":"Self Repair","floor":46,"key":"SMITH"},{"floor":49,"key":"RECALL"}],"neow_cost":"NONE","seed_source_timestamp":1411807247041400,"circlet_count":0,"master_deck":["Zap+1","Dualcast","Compile Driver","Steam","Barrage+1","Loop","Rebound","Chill+1","Go for the Eyes+1","Ball Lightning","Conserve Battery","Thunder Strike","Rebound","Cold Snap","Rainbow+1","Chill+1","Streamline","Biased Cognition","Chill","Cold Snap+1","Compile Driver+1","Defragment+1","Go for the Eyes+1","Doom and Gloom+1","Steam","Compile Driver","Self Repair+1","Beam Cell+1","Rip and Tear+1","Barrage","Biased Cognition","Beam Cell+1","Finesse","Redo+1","Violence","Glacier+1","Parasite","Defragment+1","Cold Snap+1"],"relics":["Cracked Core","Lantern","Odd Mushroom","Golden Idol","Pandora\u0027s Box","War Paint","PreservedInsect","Bronze Scales","Art of War","Strawberry","Letter Opener","Tiny House","Du-Vu Doll","Ornamental Fan","Singing Bowl","Sundial","Calipers"],"potions_floor_usage":[33,37,41,45,47,48],"damage_taken":[{"damage":7,"enemies":"2 Louse","floor":1,"turns":2},{"damage":0,"enemies":"Cultist","floor":3,"turns":3},{"damage":0,"enemies":"Small Slimes","floor":4,"turns":2},{"damage":2,"enemies":"2 Fungi Beasts","floor":5,"turns":3},{"damage":25,"enemies":"Lagavulin","floor":7,"turns":6},{"damage":7,"enemies":"The Mushroom Lair","floor":8,"turns":4},{"damage":0,"enemies":"Lots of Slimes","floor":11,"turns":5},{"damage":0,"enemies":"Looter","floor":13,"turns":3},{"damage":21,"enemies":"Hexaghost","floor":16,"turns":9},{"damage":0,"enemies":"3 Byrds","floor":18,"turns":4},{"damage":6,"enemies":"2 Thieves","floor":19,"turns":3},{"damage":0,"enemies":"Snecko","floor":22,"turns":4},{"damage":11,"enemies":"Slavers","floor":23,"turns":7},{"damage":4,"enemies":"Book of Stabbing","floor":25,"turns":4},{"damage":14,"enemies":"Gremlin Leader","floor":27,"turns":5},{"damage":0,"enemies":"Shelled Parasite and Fungi","floor":29,"turns":3},{"damage":3,"enemies":"Snake Plant","floor":31,"turns":3},{"damage":41,"enemies":"Champ","floor":33,"turns":13},{"damage":10,"enemies":"3 Darklings","floor":35,"turns":5},{"damage":11,"enemies":"3 Shapes","floor":37,"turns":4},{"damage":5,"enemies":"Reptomancer","floor":41,"turns":6},{"damage":2,"enemies":"Writhing Mass","floor":44,"turns":6},{"damage":5,"enemies":"Giant Head","floor":45,"turns":6},{"damage":6,"enemies":"Reptomancer","floor":47,"turns":5},{"damage":15,"enemies":"2 Orb Walkers","floor":48,"turns":5},{"damage":64,"enemies":"Donu and Deca","floor":50,"turns":10}],"seed_played":"-3911427086791343188","potions_obtained":[{"floor":4,"key":"Weak Potion"},{"floor":5,"key":"SpeedPotion"},{"floor":13,"key":"Weak Potion"},{"floor":22,"key":"Strength Potion"},{"floor":23,"key":"Swift Potion"},{"floor":27,"key":"Block Potion"},{"floor":34,"key":"GamblersBrew"},{"floor":35,"key":"Explosive Potion"},{"floor":44,"key":"PowerPotion"},{"floor":47,"key":"Block Potion"}],"is_trial":false,"path_per_floor":["M","?","M","M","M","R","E","?","T","?","M","R","M","?","R","B",null,"M","M","$","?","M","E","$","E","T","E","?","M","R","M","R","B",null,"M","?","M","$","?","R","E","R","T","M","E","R","E","?","R","B"],"character_chosen":"DEFECT","items_purchased":["Defragment","Go for the Eyes","War Paint","Doom and Gloom","Self Repair","Bronze Scales","Violence"],"campfire_rested":0,"item_purchase_floors":[20,20,20,20,24,24,38],"current_hp_per_floor":[68,68,68,68,66,66,41,34,34,52,52,52,52,34,34,13,75,75,69,69,69,69,58,58,61,68,54,54,54,54,58,58,17,87,84,84,73,73,73,73,75,75,75,80,75,75,71,58,58,0],"gold":391,"neow_bonus":"THREE_CARDS","is_prod":false,"is_daily":false,"chose_seed":false,"campfire_upgraded":8,"win_rate":0,"timestamp":1557028352,"path_taken":["M","?","?","M","M","R","E","?","T","?","M","R","M","?","R","BOSS","M","M","$","?","?","E","$","E","T","E","?","M","R","M","R","BOSS","M","?","M","$","?","R","E","R","T","M","E","R","E","?","R","BOSS"],"build_version":"2019-01-23","purchased_purges":0,"victory":false,"max_hp_per_floor":[75,75,75,75,75,75,75,75,75,75,75,75,75,75,75,75,75,75,75,75,75,75,75,75,75,82,82,82,82,82,82,82,82,87,87,87,87,87,87,87,87,87,87,87,87,87,89,91,91,91],"card_choices":[{"not_picked":["Streamline","Barrage"],"picked":"Compile Driver","floor":0},{"not_picked":["FTL","Barrage"],"picked":"Steam","floor":1},{"not_picked":["Compile Driver","Redo"],"picked":"Barrage","floor":3},{"not_picked":["Coolheaded","Gash"],"picked":"Loop","floor":4},{"not_picked":["FTL","Turbo"],"picked":"Rebound","floor":5},{"not_picked":["Turbo","Gash"],"picked":"Chill","floor":7},{"not_picked":["Rebound","Beam Cell"],"picked":"Go for the Eyes","floor":8},{"not_picked":["Stack","Buffer"],"picked":"Ball Lightning","floor":11},{"not_picked":["Hologram","Loop"],"picked":"Conserve Battery","floor":13},{"not_picked":["Fission","Seek"],"picked":"Thunder Strike","floor":16},{"not_picked":["Conserve Battery+1","Double Energy+1"],"picked":"Cold Snap+1","floor":18},{"not_picked":["Sweeping Beam","Cold Snap+1"],"picked":"Compile Driver+1","floor":19},{"not_picked":["Reprogram","Cold Snap"],"picked":"Steam","floor":22},{"not_picked":["Creative AI","Sweeping Beam"],"picked":"Compile Driver","floor":23},{"not_picked":["Loop","Gash"],"picked":"Coolheaded","floor":25},{"not_picked":["Reprogram","Reinforced Body+1"],"picked":"Beam Cell+1","floor":27},{"not_picked":["Beam Cell","Sweeping Beam+1"],"picked":"Rip and Tear+1","floor":29},{"not_picked":["Aggregate+1","Ball Lightning"],"picked":"Barrage","floor":31},{"not_picked":["Echo Form","Meteor Strike"],"picked":"Biased Cognition","floor":33},{"not_picked":["Redo","Aggregate"],"picked":"Beam Cell","floor":34},{"not_picked":["Go for the Eyes+1","Recycle","Cold Snap"],"picked":"SKIP","floor":35},{"not_picked":["Swift Strike","Discovery"],"picked":"Finesse","floor":36},{"not_picked":["Beam Cell+1","Gash"],"picked":"Redo+1","floor":37},{"not_picked":["Multi-Cast","Storm"],"picked":"Glacier+1","floor":41},{"not_picked":["Gash+1","Leap+1"],"picked":"Defragment+1","floor":44},{"not_picked":["Coolheaded","Hologram"],"picked":"Cold Snap+1","floor":45},{"not_picked":["Aggregate+1","BootSequence+1","Beam Cell+1"],"picked":"Singing Bowl","floor":47},{"not_picked":["Redo+1","Beam Cell","Stack+1"],"picked":"Singing Bowl","floor":48}],"player_experience":118738,"relics_obtained":[{"floor":7,"key":"Lantern"},{"floor":8,"key":"Odd Mushroom"},{"floor":23,"key":"PreservedInsect"},{"floor":25,"key":"Art of War"},{"floor":26,"key":"Strawberry"},{"floor":27,"key":"Letter Opener"},{"floor":41,"key":"Du-Vu Doll"},{"floor":43,"key":"Ornamental Fan"},{"floor":45,"key":"Singing Bowl"},{"floor":47,"key":"Sundial"},{"floor":48,"key":"Calipers"}],"event_choices":[{"cards_removed":["Strike_B"],"damage_healed":0,"gold_gain":0,"player_choice":"Purged","damage_taken":0,"max_hp_gain":0,"max_hp_loss":0,"event_name":"Purifier","floor":2,"gold_loss":0},{"damage_healed":0,"gold_gain":0,"player_choice":"Fought Mushrooms","damage_taken":0,"max_hp_gain":0,"max_hp_loss":0,"event_name":"Mushrooms","floor":8,"gold_loss":0},{"damage_healed":18,"gold_gain":0,"player_choice":"Healed","damage_taken":0,"max_hp_gain":0,"max_hp_loss":0,"event_name":"The Cleric","floor":10,"gold_loss":35},{"damage_healed":0,"gold_gain":0,"player_choice":"Take Damage","damage_taken":18,"relics_obtained":["Golden Idol"],"max_hp_gain":0,"max_hp_loss":0,"event_name":"Golden Idol","floor":14,"gold_loss":0},{"damage_healed":0,"gold_gain":100,"player_choice":"Pray","damage_taken":0,"max_hp_gain":0,"max_hp_loss":0,"event_name":"Golden Shrine","floor":21,"gold_loss":0},{"damage_healed":0,"gold_gain":0,"player_choice":"Ignored","damage_taken":0,"max_hp_gain":0,"max_hp_loss":0,"event_name":"Beggar","floor":28,"gold_loss":0},{"damage_healed":0,"gold_gain":0,"player_choice":"Memory 1","damage_taken":0,"max_hp_gain":0,"max_hp_loss":0,"event_name":"SensoryStone","floor":36,"gold_loss":0},{"cards_removed":["Coolheaded"],"damage_healed":0,"gold_gain":0,"player_choice":"Removed Skill","damage_taken":0,"max_hp_gain":0,"max_hp_loss":0,"event_name":"Falling","floor":39,"gold_loss":0},{"damage_healed":0,"gold_gain":0,"player_choice":"Fight","damage_taken":0,"max_hp_gain":0,"max_hp_loss":0,"event_name":"Mysterious Sphere","floor":48,"gold_loss":0}],"is_beta":false,"boss_relics":[{"not_picked":["FrozenCore","Busted Crown"],"picked":"Pandora\u0027s Box"},{"not_picked":["Calling Bell","Runic Dome"],"picked":"Tiny House"}],"items_purged_floors":[],"is_endless":false,"potions_floor_spawned":[4,5,13,16,22,23,27,35,44,47],"killed_by":"Donu and Deca","ascension_level":1}