{"gold_per_floor":[111,386,45,65,65,65,79,79,102,149,131,156,168,198,210,222],"floor_reached":16,"playtime":645,"items_purged":["Regret"],"score":194,"play_id":"7b7f4684-2fea-444c-8dd2-f1e94c07f0bc","local_time":"20190207041432","is_ascension_mode":true,"campfire_choices":[{"data":"Dualcast","floor":6,"key":"SMITH"},{"floor":8,"key":"REST"},{"data":"Reinforced Body","floor":13,"key":"SMITH"},{"floor":15,"key":"REST"}],"neow_cost":"NONE","seed_source_timestamp":87956921098721,"circlet_count":0,"master_deck":["AscendersBane","Strike_B","Strike_B","Strike_B","Strike_B","Defend_B","Defend_B","Defend_B","Defend_B","Zap+1","Dualcast+1","Cold Snap","Reinforced Body+1"],"relics":["Cracked Core","Singing Bowl","MawBank","Gremlin Horn"],"potions_floor_usage":[16],"damage_taken":[{"damage":9,"enemies":"Jaw Worm","floor":1,"turns":4},{"damage":4,"enemies":"Cultist","floor":4,"turns":3},{"damage":0,"enemies":"2 Louse","floor":7,"turns":2},{"damage":41,"enemies":"Lagavulin","floor":10,"turns":6},{"damage":5,"enemies":"Exordium Thugs","floor":11,"turns":4},{"damage":12,"enemies":"Gremlin Gang","floor":12,"turns":5},{"damage":9,"enemies":"Red Slaver","floor":14,"turns":3},{"damage":38,"enemies":"Hexaghost","floor":16,"turns":12}],"seed_played":"-9092395940752388440","potions_obtained":[{"floor":11,"key":"Energy Potion"},{"floor":12,"key":"PowerPotion"}],"is_trial":false,"path_per_floor":["M","?","$","M","$","R","M","R","T","E","M","M","R","M","R","B"],"character_chosen":"DEFECT","items_purchased":["Singing Bowl"],"campfire_rested":2,"item_purchase_floors":[3],"current_hp_per_floor":[55,55,55,53,53,53,55,75,75,34,31,21,21,14,38,0],"gold":222,"neow_bonus":"UPGRADE_CARD","is_prod":false,"is_daily":false,"chose_seed":false,"campfire_upgraded":2,"win_rate":0,"timestamp":1549502072,"path_taken":["M","?","$","M","?","R","M","R","T","E","M","M","R","?","R","BOSS"],"build_version":"2019-01-23","purchased_purges":1,"victory":false,"max_hp_per_floor":[71,71,71,73,73,73,75,75,75,75,77,79,79,81,81,81],"card_choices":[{"not_picked":["Gash","Melter"],"picked":"Cold Snap","floor":1},{"not_picked":["Tempest","Darkness","Doom and Gloom"],"picked":"Singing Bowl","floor":4},{"not_picked":["Sunder","Conserve Battery","Stack"],"picked":"Singing Bowl","floor":7},{"not_picked":["Conserve Battery","Redo"],"picked":"Reinforced Body","floor":10},{"not_picked":["Gash","Leap","Double Energy"],"picked":"Singing Bowl","floor":11},{"not_picked":["Hologram","Streamline","Doom and Gloom"],"picked":"Singing Bowl","floor":12},{"not_picked":["Stack","Force Field","Blizzard"],"picked":"Singing Bowl","floor":14}],"player_experience":934798,"relics_obtained":[{"floor":9,"key":"MawBank"},{"floor":10,"key":"Gremlin Horn"}],"event_choices":[{"damage_healed":0,"gold_gain":275,"player_choice":"Desecrate","damage_taken":0,"max_hp_gain":0,"max_hp_loss":0,"event_name":"Golden Shrine","floor":2,"gold_loss":0,"cards_obtained":["Regret"]}],"is_beta":false,"boss_relics":[],"items_purged_floors":[3],"is_endless":false,"potions_floor_spawned":[11,12],"killed_by":"Hexaghost","ascension_level":18}