{"gold_per_floor":[118,293,310,310,310,344,357,357,410,424,464,464,464,479,479,600,600,621,361,361,361,351,351,395,395],"floor_reached":25,"playtime":661,"items_purged":[],"score":309,"play_id":"dc931bf1-62a3-4c87-b3e2-bff068dae7d8","local_time":"20190302191734","is_ascension_mode":true,"campfire_choices":[{"data":"Neutralize","floor":8,"key":"SMITH"},{"floor":12,"key":"REST"},{"data":"Noxious Fumes","floor":15,"key":"SMITH"},{"floor":23,"key":"REST"}],"neow_cost":"NONE","seed_source_timestamp":166876760897284,"circlet_count":0,"master_deck":["Defend_G","Defend_G+1","Defend_G","Defend_G","Defend_G+1","Strike_G","Strike_G","Strike_G","Strike_G","Strike_G","Survivor","Neutralize+1","Noxious Fumes+1","Deadly Poison","Noxious Fumes","Crippling Poison","Sucker Punch","Endless Agony","Slice","Bane","Adrenaline+1","Poisoned Stab","Riddle With Holes","Quick Slash"],"relics":["Ring of the Snake","Golden Idol","Vajra","War Paint","Blue Candle","Eternal Feather","Mummified Hand","Ancient Tea Set"],"potions_floor_usage":[6,16,16,24,24],"damage_taken":[{"damage":11,"enemies":"Jaw Worm","floor":1,"turns":5},{"damage":0,"enemies":"2 Louse","floor":3,"turns":3},{"damage":19,"enemies":"3 Sentries","floor":6,"turns":8},{"damage":0,"enemies":"Small Slimes","floor":7,"turns":3},{"damage":0,"enemies":"Red Slaver","floor":10,"turns":4},{"damage":6,"enemies":"Gremlin Nob","floor":11,"turns":4},{"damage":11,"enemies":"Exordium Wildlife","floor":14,"turns":5},{"damage":24,"enemies":"Hexaghost","floor":16,"turns":8},{"damage":8,"enemies":"Chosen","floor":18,"turns":4},{"damage":25,"enemies":"2 Thieves","floor":22,"turns":4},{"damage":46,"enemies":"Gremlin Leader","floor":24,"turns":6},{"damage":10,"enemies":"Centurion and Healer","floor":25,"turns":1}],"seed_played":"1432364061301907637","potions_obtained":[{"floor":3,"key":"GhostInAJar"},{"floor":7,"key":"LiquidBronze"},{"floor":11,"key":"EntropicBrew"},{"floor":22,"key":"Dexterity Potion"}],"is_trial":false,"path_per_floor":["M","?","M","?","?","E","M","R","T","M","E","R","?","M","R","B",null,"M","$","?","?","M","R","E","M"],"character_chosen":"THE_SILENT","items_purchased":["Mummified Hand"],"campfire_rested":2,"item_purchase_floors":[19],"current_hp_per_floor":[52,52,52,52,52,33,33,33,33,33,27,48,48,37,37,13,56,48,48,48,48,23,56,10,0],"gold":395,"neow_bonus":"THREE_CARDS","is_prod":false,"is_daily":false,"chose_seed":false,"campfire_upgraded":2,"win_rate":0,"timestamp":1551575854,"path_taken":["M","?","M","?","?","E","?","R","T","M","E","R","?","M","R","BOSS","M","$","?","?","M","R","E","M"],"build_version":"2019-01-23","purchased_purges":0,"victory":false,"max_hp_per_floor":[70,70,70,70,70,70,70,70,70,70,70,70,70,70,70,70,70,70,70,70,70,70,70,70,70],"card_choices":[{"not_picked":["Slice","Blur"],"picked":"Noxious Fumes","floor":0},{"not_picked":["Deflect","Flying Knee"],"picked":"Deadly Poison","floor":1},{"not_picked":["Riddle With Holes","Backflip"],"picked":"Noxious Fumes","floor":3},{"not_picked":["Infinite Blades","Calculated Gamble"],"picked":"Crippling Poison","floor":6},{"not_picked":["Blade Dance","Dagger Throw"],"picked":"Sucker Punch","floor":7},{"not_picked":["Deflect","Deadly Poison"],"picked":"Endless Agony","floor":10},{"not_picked":["Predator","Expertise"],"picked":"Slice","floor":11},{"not_picked":["Blade Dance","Skewer"],"picked":"Bane","floor":14},{"not_picked":["Bullet Time","Storm of Steel"],"picked":"Adrenaline","floor":16},{"not_picked":["Underhanded Strike","Outmaneuver"],"picked":"Poisoned Stab","floor":18},{"not_picked":["Sucker Punch","Flying Knee"],"picked":"Riddle With Holes","floor":22},{"not_picked":["Blade Dance","Outmaneuver"],"picked":"Quick Slash","floor":24}],"player_experience":236963,"relics_obtained":[{"floor":6,"key":"Vajra"},{"floor":9,"key":"War Paint"},{"floor":11,"key":"Blue Candle"},{"floor":24,"key":"Ancient Tea Set"}],"event_choices":[{"damage_healed":0,"gold_gain":175,"player_choice":"AGREE","damage_taken":0,"max_hp_gain":0,"max_hp_loss":0,"event_name":"Liars Game","floor":2,"gold_loss":0,"cards_obtained":["Doubt"]},{"damage_healed":0,"gold_gain":0,"player_choice":"Take Wound","damage_taken":0,"relics_obtained":["Golden Idol"],"max_hp_gain":0,"max_hp_loss":0,"event_name":"Golden Idol","floor":4,"gold_loss":0,"cards_obtained":["Injury"]},{"cards_removed":["Doubt"],"damage_healed":0,"gold_gain":0,"player_choice":"Purged","damage_taken":0,"max_hp_gain":0,"max_hp_loss":0,"event_name":"Purifier","floor":5,"gold_loss":0},{"cards_removed":["Injury"],"damage_healed":0,"gold_gain":0,"player_choice":"Forget","damage_taken":0,"max_hp_gain":0,"max_hp_loss":0,"event_name":"Living Wall","floor":13,"gold_loss":0},{"damage_healed":0,"gold_gain":0,"player_choice":"Ignored","damage_taken":0,"max_hp_gain":0,"max_hp_loss":0,"event_name":"Vampires","floor":20,"gold_loss":0},{"damage_healed":0,"gold_gain":0,"player_choice":"Upgraded","damage_taken":0,"max_hp_gain":0,"max_hp_loss":0,"event_name":"Upgrade Shrine","floor":21,"gold_loss":0,"cards_upgraded":["Adrenaline"]}],"is_beta":false,"boss_relics":[{"not_picked":["Pandora\u0027s Box","Sozu"],"picked":"Eternal Feather"}],"items_purged_floors":[],"is_endless":false,"potions_floor_spawned":[3,7,11,22],"killed_by":"Centurion and Healer","ascension_level":7}