{"gold_per_floor":[114,114,114,130,58,88,88,122,122,122,138,170,170,204,204,303,303,313,326,339,356,372,372,405,405,432,4,4,32,32,57,57,157,157,175,192,19,37,48,76,88,88,88,88,138,172,182,209,209,209,209,209,4,35,35],"floor_reached":55,"playtime":2468,"items_purged":[],"score":1381,"play_id":"5b87c7fa-7b55-4e0a-860f-7c1a11c1c86c","local_time":"20190424155342","is_ascension_mode":true,"campfire_choices":[{"floor":7,"key":"REST"},{"data":"Cloak And Dagger","floor":13,"key":"SMITH"},{"data":"Terror","floor":15,"key":"SMITH"},{"floor":23,"key":"REST"},{"floor":25,"key":"REST"},{"floor":30,"key":"REST"},{"data":"Adrenaline","floor":32,"key":"SMITH"},{"data":"Adrenaline","floor":42,"key":"SMITH"},{"data":"Accuracy","floor":44,"key":"SMITH"},{"floor":49,"key":"RECALL"},{"data":"After Image","floor":52,"key":"SMITH"}],"neow_cost":"NONE","seed_source_timestamp":501593990342121,"circlet_count":0,"master_deck":["Defend_G","Defend_G","Defend_G","Defend_G","Defend_G","Strike_G","Strike_G","Strike_G","Survivor","Neutralize+1","Heel Hook","Terror+1","Slice+1","Dagger Spray+1","Cloak And Dagger+1","Dodge and Roll","Infinite Blades","Skewer","Adrenaline+1","Slice+1","Cloak And Dagger","Escape Plan","Slice+1","Terror","Die Die Die","Slice","Adrenaline+1","Footwork+1","After Image+1","PiercingWail+1","Accuracy+1","Blade Dance","Skewer","Infinite Blades","Riddle With Holes+1","PiercingWail+1","Accuracy","Blade Dance","Riddle With Holes"],"relics":["Ring of the Snake","Bag of Marbles","The Courier","Shuriken","Singing Bowl","WingedGreaves","Bag of Preparation","WristBlade","Pocketwatch","Mummified Hand","Pantograph","Gremlin Horn","Letter Opener","Eternal Feather","PreservedInsect","Whetstone","Blue Candle","Incense Burner","Thread and Needle","Art of War","Membership Card","Boot"],"potions_floor_usage":[8,12,14,24,24,36,47,55,55],"damage_taken":[{"damage":0,"enemies":"Small Slimes","floor":1,"turns":3},{"damage":0,"enemies":"Cultist","floor":4,"turns":4},{"damage":26,"enemies":"Gremlin Nob","floor":6,"turns":4},{"damage":11,"enemies":"3 Sentries","floor":8,"turns":8},{"damage":0,"enemies":"2 Louse","floor":11,"turns":2},{"damage":4,"enemies":"Lagavulin","floor":12,"turns":8},{"damage":19,"enemies":"Gremlin Nob","floor":14,"turns":4},{"damage":0,"enemies":"Hexaghost","floor":16,"turns":7},{"damage":19,"enemies":"Spheric Guardian","floor":18,"turns":4},{"damage":0,"enemies":"Chosen","floor":19,"turns":4},{"damage":16,"enemies":"Centurion and Healer","floor":20,"turns":4},{"damage":11,"enemies":"Snake Plant","floor":21,"turns":3},{"damage":3,"enemies":"Shelled Parasite and Fungi","floor":22,"turns":4},{"damage":40,"enemies":"Slavers","floor":24,"turns":4},{"damage":0,"enemies":"Gremlin Leader","floor":29,"turns":3},{"damage":0,"enemies":"Slavers","floor":31,"turns":2},{"damage":51,"enemies":"Automaton","floor":33,"turns":7},{"damage":0,"enemies":"Orb Walker","floor":35,"turns":2},{"damage":2,"enemies":"3 Darklings","floor":36,"turns":3},{"damage":0,"enemies":"Sphere and 2 Shapes","floor":38,"turns":3},{"damage":0,"enemies":"Maw","floor":39,"turns":5},{"damage":7,"enemies":"Giant Head","floor":40,"turns":6},{"damage":0,"enemies":"3 Darklings","floor":41,"turns":2},{"damage":1,"enemies":"2 Orb Walkers","floor":45,"turns":3},{"damage":0,"enemies":"Reptomancer","floor":46,"turns":2},{"damage":0,"enemies":"Transient","floor":47,"turns":5},{"damage":11,"enemies":"Nemesis","floor":48,"turns":5},{"damage":42,"enemies":"Awakened One","floor":50,"turns":8},{"damage":19,"enemies":"Shield and Spear","floor":54,"turns":4},{"damage":89,"enemies":"The Heart","floor":55,"turns":8}],"seed_played":"-265277970568975140","potions_obtained":[{"floor":1,"key":"SkillPotion"},{"floor":8,"key":"Regen Potion"},{"floor":11,"key":"Fire Potion"},{"floor":18,"key":"Ancient Potion"},{"floor":22,"key":"Poison Potion"},{"floor":24,"key":"Regen Potion"},{"floor":33,"key":"GhostInAJar"},{"floor":38,"key":"SpeedPotion"},{"floor":40,"key":"Block Potion"},{"floor":47,"key":"Swift Potion"}],"is_trial":false,"path_per_floor":["M","?","?","M","$","E","R","E","T","?","M","E","R","E","R","B",null,"M","M","M","M","M","R","E","R","T","$","?","E","R","E","R","B",null,"M","M","$","M","M","E","M","R","T","R","?","E","M","E","R","B",null,"R","$","E","B"],"character_chosen":"THE_SILENT","items_purchased":["GhostInAJar","Mummified Hand","Pantograph","Slice","Accuracy","PreservedInsect","Membership Card","Accuracy","Blade Dance"],"campfire_rested":4,"item_purchase_floors":[5,27,27,27,37,37,53,53,53],"current_hp_per_floor":[63,63,63,63,63,37,58,47,47,47,47,43,43,24,24,24,59,40,40,24,13,10,31,3,24,24,24,24,26,47,47,47,21,59,61,59,59,59,61,54,54,72,72,76,75,75,77,68,80,38,70,80,80,61,0],"gold":35,"neow_bonus":"RANDOM_COMMON_RELIC","is_prod":false,"is_daily":false,"chose_seed":false,"campfire_upgraded":6,"win_rate":0,"timestamp":1556139222,"path_taken":["M","?","?","?","$","E","R","E","T","?","M","E","R","E","R","BOSS","M","M","?","M","?","R","E","R","T","$","?","E","R","E","R","BOSS","M","M","$","M","M","E","?","R","T","R","?","E","M","E","R","BOSS","R","$","E","BOSS"],"build_version":"2019-01-23","purchased_purges":0,"victory":false,"max_hp_per_floor":[70,70,70,70,70,70,70,70,70,70,70,70,70,70,70,70,70,70,70,70,70,70,70,70,70,70,70,70,72,72,72,72,72,72,74,74,74,74,76,76,76,76,76,76,76,76,78,80,80,80,80,80,80,80,80],"card_choices":[{"not_picked":["Reflex","Flying Knee"],"picked":"Heel Hook","floor":1},{"not_picked":["Underhanded Strike","Flying Knee"],"picked":"Slice","floor":4},{"not_picked":["Quick Slash","Calculated Gamble"],"picked":"Dagger Spray","floor":6},{"not_picked":["Acrobatics","PiercingWail"],"picked":"Cloak And Dagger","floor":8},{"not_picked":["Acrobatics","Backflip"],"picked":"Dodge and Roll","floor":11},{"not_picked":["Dagger Throw","Eviscerate"],"picked":"Infinite Blades","floor":12},{"not_picked":["Expertise","Deflect"],"picked":"Skewer","floor":14},{"not_picked":["After Image","Envenom"],"picked":"Adrenaline","floor":16},{"not_picked":["Prepared+1","Poisoned Stab"],"picked":"Slice+1","floor":18},{"not_picked":["Acrobatics","Dodge and Roll"],"picked":"Cloak And Dagger","floor":19},{"not_picked":["Reflex+1","Skewer"],"picked":"Escape Plan","floor":20},{"not_picked":["Heel Hook","Dagger Throw+1"],"picked":"Slice+1","floor":21},{"not_picked":["All Out Attack","Skewer"],"picked":"Terror","floor":22},{"not_picked":["Corpse Explosion","Dagger Throw"],"picked":"Die Die Die","floor":24},{"not_picked":["Bane+1","Poisoned Stab","Phantasmal Killer"],"picked":"Singing Bowl","floor":29},{"not_picked":["Terror","Flying Knee"],"picked":"Footwork+1","floor":31},{"not_picked":["Bullet Time","Malaise"],"picked":"After Image","floor":33},{"not_picked":["Outmaneuver","Catalyst","Bane"],"picked":"Singing Bowl","floor":35},{"not_picked":["Bane+1","Terror"],"picked":"PiercingWail+1","floor":36},{"not_picked":["Quick Slash","Bouncing Flask+1"],"picked":"Blade Dance","floor":38},{"not_picked":["Tactician+1","Prepared","Crippling Poison+1"],"picked":"Singing Bowl","floor":39},{"not_picked":["Bane+1","Poisoned Stab+1"],"picked":"Skewer","floor":40},{"not_picked":["Underhanded Strike+1","Dodge and Roll"],"picked":"Infinite Blades","floor":41},{"not_picked":["Underhanded Strike+1","A Thousand Cuts"],"picked":"Riddle With Holes+1","floor":45},{"not_picked":["Acrobatics+1","Setup+1"],"picked":"PiercingWail+1","floor":46},{"not_picked":["Outmaneuver","Prepared","Reflex+1"],"picked":"Singing Bowl","floor":47},{"not_picked":["Calculated Gamble","Dagger Throw+1","Catalyst"],"picked":"Singing Bowl","floor":48},{"not_picked":["Dodge and Roll+1","Outmaneuver+1"],"picked":"Riddle With Holes","floor":54}],"player_experience":486032,"relics_obtained":[{"floor":6,"key":"The Courier"},{"floor":8,"key":"Shuriken"},{"floor":9,"key":"Singing Bowl"},{"floor":12,"key":"WingedGreaves"},{"floor":14,"key":"Bag of Preparation"},{"floor":24,"key":"Pocketwatch"},{"floor":29,"key":"Gremlin Horn"},{"floor":31,"key":"Letter Opener"},{"floor":40,"key":"Whetstone"},{"floor":43,"key":"Blue Candle"},{"floor":45,"key":"Incense Burner"},{"floor":46,"key":"Thread and Needle"},{"floor":48,"key":"Art of War"},{"floor":54,"key":"Boot"}],"event_choices":[{"damage_healed":0,"gold_gain":0,"player_choice":"Grow","damage_taken":0,"max_hp_gain":0,"max_hp_loss":0,"event_name":"Living Wall","floor":2,"gold_loss":0,"cards_upgraded":["Neutralize"]},{"damage_healed":0,"gold_gain":0,"cards_transformed":["Strike_G"],"player_choice":"Transformed","damage_taken":0,"max_hp_gain":0,"max_hp_loss":0,"event_name":"Transmorgrifier","floor":3,"gold_loss":0,"cards_obtained":["Terror"]},{"cards_removed":["Strike_G"],"damage_healed":0,"gold_gain":0,"player_choice":"Offered Basic","damage_taken":0,"max_hp_gain":0,"max_hp_loss":0,"event_name":"Bonfire Elementals","floor":10,"gold_loss":0},{"damage_healed":0,"gold_gain":0,"player_choice":"Copied","damage_taken":0,"max_hp_gain":0,"max_hp_loss":0,"event_name":"Duplicator","floor":28,"gold_loss":0,"cards_obtained":["Adrenaline"]},{"damage_healed":0,"gold_gain":0,"player_choice":"Fight","damage_taken":0,"max_hp_gain":0,"max_hp_loss":0,"event_name":"Mysterious Sphere","floor":45,"gold_loss":0}],"is_beta":false,"boss_relics":[{"not_picked":["Lizard Tail","Tiny House"],"picked":"WristBlade"},{"not_picked":["Sozu","Velvet Choker"],"picked":"Eternal Feather"}],"items_purged_floors":[],"is_endless":false,"potions_floor_spawned":[1,8,11,18,22,24,33,38,39,40,47],"killed_by":"The Heart","ascension_level":9}