{"gold_per_floor":[111,36,55,55,74,74,107,123,123,138,162,312,70,70],"floor_reached":14,"playtime":454,"items_purged":["Doubt"],"score":180,"play_id":"3901f044-da58-4695-a67d-85a9de233738","local_time":"20190509002943","is_ascension_mode":true,"campfire_choices":[{"data":"Zap","floor":6,"key":"SMITH"}],"neow_cost":"NONE","seed_source_timestamp":0,"circlet_count":0,"master_deck":["AscendersBane","Strike_B","Strike_B","Strike_B","Defend_B","Defend_B","Defend_B","Defend_B","Zap+1","Dualcast","Cold Snap","Hologram","Amplify","Consume"],"special_seed":0,"relics":["Cracked Core","NeowsBlessing","NlothsMask","Bottled Lightning","Happy Flower","Regal Pillow"],"potions_floor_usage":[14],"damage_taken":[{"damage":0.0,"enemies":"Small Slimes","floor":1.0,"turns":1.0},{"damage":0,"enemies":"Cultist","floor":3,"turns":1},{"damage":0,"enemies":"Jaw Worm","floor":5,"turns":1},{"damage":40,"enemies":"3 Sentries","floor":7,"turns":9},{"damage":17,"enemies":"3 Louse","floor":8,"turns":4},{"damage":6,"enemies":"Looter","floor":10,"turns":3},{"damage":2,"enemies":"Red Slaver","floor":14,"turns":1}],"seed_played":"8626033467353891361","potions_obtained":[{"floor":7,"key":"Dexterity Potion"},{"floor":8,"key":"SkillPotion"}],"is_trial":false,"path_per_floor":["M","?","M","?","M","R","E","M","T","M","T","?","$","M"],"character_chosen":"DEFECT","items_purchased":["Regal Pillow"],"campfire_rested":0,"item_purchase_floors":[13],"current_hp_per_floor":[64,64,64,64,64,64,24,7,7,1,1,1,1,0],"gold":70,"neow_bonus":"THREE_ENEMY_KILL","is_prod":false,"is_daily":false,"chose_seed":false,"campfire_upgraded":1,"win_rate":0,"timestamp":1557350983,"path_taken":["M","?","M","?","?","R","E","M","T","M","?","?","$","M"],"build_version":"2019-01-23","purchased_purges":1,"victory":false,"max_hp_per_floor":[71,71,71,71,71,71,71,71,71,71,71,71,71,71],"card_choices":[{"not_picked":["Hologram","Gash","Skim"],"picked":"SKIP","floor":1},{"not_picked":["Hello World","Scrape","Compile Driver"],"picked":"SKIP","floor":3},{"not_picked":["Stack","Go for the Eyes"],"picked":"Cold Snap","floor":5},{"not_picked":["Rebound","Beam Cell"],"picked":"Hologram","floor":7},{"not_picked":["Go for the Eyes","Genetic Algorithm"],"picked":"Amplify","floor":8},{"not_picked":["Tempest","Undo"],"picked":"Consume","floor":10}],"player_experience":1105894,"relics_obtained":[{"floor":7,"key":"Bottled Lightning"},{"floor":11,"key":"Happy Flower"}],"event_choices":[{"cards_removed":["Strike_B"],"damage_healed":0,"gold_gain":0,"player_choice":"Card Removal","damage_taken":0,"max_hp_gain":0,"max_hp_loss":0,"event_name":"The Cleric","floor":2,"gold_loss":75},{"damage_healed":0,"gold_gain":0,"player_choice":"Trade","damage_taken":0,"relics_obtained":["NlothsMask"],"max_hp_gain":0,"max_hp_loss":0,"event_name":"FaceTrader","floor":4,"gold_loss":0},{"damage_healed":0,"gold_gain":150,"player_choice":"AGREE","damage_taken":0,"max_hp_gain":0,"max_hp_loss":0,"event_name":"Liars Game","floor":12,"gold_loss":0,"cards_obtained":["Doubt"]}],"is_beta":false,"boss_relics":[],"items_purged_floors":[13],"is_endless":false,"potions_floor_spawned":[7,8,10],"killed_by":"Red Slaver","ascension_level":20}