{"gold_per_floor":[112,187,137,155,101,127,127,153,153,153,328,357,419,435,435,435],"floor_reached":16,"playtime":682,"items_purged":[],"score":122,"play_id":"472c5fbd-807c-4187-884e-6713d7841df8","local_time":"20190501145637","is_ascension_mode":true,"campfire_choices":[{"data":"Clothesline","floor":7,"key":"SMITH"},{"floor":10,"key":"REST"},{"data":"Offering","floor":15,"key":"SMITH"}],"neow_cost":"NONE","seed_source_timestamp":1126451508924000,"circlet_count":0,"master_deck":["Strike_R","Strike_R","Strike_R","Strike_R","Strike_R","Defend_R","Defend_R","Defend_R","Bash","Offering+1","Cleave","Clothesline","Flex","Clothesline+1","Spot Weakness","Cleave","Doubt","Wild Strike","Thunderclap","Battle Trance"],"relics":["Burning Blood","Sundial","Dream Catcher","Letter Opener","Regal Pillow","Matryoshka"],"potions_floor_usage":[12],"damage_taken":[{"damage":12,"enemies":"Jaw Worm","floor":1,"turns":3},{"damage":6,"enemies":"Small Slimes","floor":4,"turns":1},{"damage":10,"enemies":"Gremlin Nob","floor":6,"turns":3},{"damage":36,"enemies":"3 Sentries","floor":8,"turns":8},{"damage":15,"enemies":"Lagavulin","floor":12,"turns":5},{"damage":32,"enemies":"Lagavulin Event","floor":13,"turns":4},{"damage":6,"enemies":"2 Louse","floor":14,"turns":1},{"damage":18,"enemies":"The Guardian","floor":16,"turns":4}],"seed_played":"-6141039639761361695","potions_obtained":[{"floor":8,"key":"Block Potion"},{"floor":13,"key":"LiquidBronze"}],"is_trial":false,"path_per_floor":["M","?","?","M","$","E","R","E","T","R","?","E","?","M","R","B"],"character_chosen":"IRONCLAD","items_purchased":["Flex"],"campfire_rested":1,"item_purchase_floors":[5],"current_hp_per_floor":[74,63,63,63,63,59,59,29,29,53,53,44,18,18,18,0],"gold":435,"neow_bonus":"ONE_RANDOM_RARE_CARD","is_prod":false,"is_daily":false,"chose_seed":false,"campfire_upgraded":2,"win_rate":0,"timestamp":1556740597,"path_taken":["M","?","?","M","$","E","R","E","T","R","?","E","?","M","R","BOSS"],"build_version":"2019-01-23","purchased_purges":0,"victory":false,"max_hp_per_floor":[80,80,80,80,80,80,80,80,80,80,80,80,80,80,80,80],"card_choices":[{"not_picked":["Warcry","Reckless Charge"],"picked":"Cleave","floor":1},{"not_picked":["Sword Boomerang","Body Slam"],"picked":"Clothesline","floor":4},{"not_picked":["Barricade","Headbutt"],"picked":"Clothesline","floor":6},{"not_picked":["Cleave","Feel No Pain"],"picked":"Spot Weakness","floor":8},{"not_picked":["Clothesline","Spot Weakness"],"picked":"Cleave","floor":10},{"not_picked":["Second Wind","True Grit"],"picked":"Wild Strike","floor":12},{"not_picked":["Twin Strike","Havoc"],"picked":"Thunderclap","floor":13},{"not_picked":["Uppercut","Cleave"],"picked":"Battle Trance","floor":14}],"player_experience":79371,"relics_obtained":[{"floor":6,"key":"Sundial"},{"floor":8,"key":"Dream Catcher"},{"floor":9,"key":"Letter Opener"},{"floor":12,"key":"Regal Pillow"},{"floor":13,"key":"Matryoshka"}],"event_choices":[{"damage_healed":0,"gold_gain":75,"player_choice":"Gather Gold","damage_taken":11,"max_hp_gain":0,"max_hp_loss":0,"event_name":"World of Goop","floor":2,"gold_loss":0},{"cards_removed":["Defend_R"],"damage_healed":0,"gold_gain":0,"player_choice":"Card Removal","damage_taken":0,"max_hp_gain":0,"max_hp_loss":0,"event_name":"The Cleric","floor":3,"gold_loss":50},{"damage_healed":0,"gold_gain":175,"player_choice":"AGREE","damage_taken":0,"max_hp_gain":0,"max_hp_loss":0,"event_name":"Liars Game","floor":11,"gold_loss":0,"cards_obtained":["Doubt"]},{"damage_healed":0,"gold_gain":0,"player_choice":"Searched \u00272\u0027 times","damage_taken":0,"max_hp_gain":0,"max_hp_loss":0,"event_name":"Dead Adventurer","floor":13,"gold_loss":0}],"is_beta":false,"boss_relics":[],"items_purged_floors":[],"is_endless":false,"potions_floor_spawned":[8,13],"killed_by":"The Guardian","ascension_level":1}