{"gold_per_floor":[99,99,99,63,63,63,63,63,63,63,63,63,33,0,0,0,0,0,0,0,0,0,0,0,0,0,0,0,0,0,0,0,0,0,0,0,0,0,0,0,0,0,0,0,0,0,0,0,0,0],"floor_reached":51,"playtime":8948,"items_purged":[],"score":722,"play_id":"d43bdfb1-2a46-4019-9c1e-c70fb21b5239","local_time":"20190608125059","is_ascension_mode":false,"campfire_choices":[{"data":"After Image","floor":7,"key":"SMITH"},{"floor":10,"key":"REST"},{"data":"Predator","floor":15,"key":"SMITH"},{"data":"Noxious Fumes","floor":23,"key":"SMITH"},{"floor":32,"key":"REST"},{"data":"Crippling Poison","floor":40,"key":"SMITH"},{"data":"Glass Knife","floor":46,"key":"SMITH"},{"data":"Adrenaline","floor":49,"key":"SMITH"}],"neow_cost":"NONE","seed_source_timestamp":2331217517651985,"circlet_count":0,"master_deck":["Defend_G","Defend_G","Defend_G","Strike_G+1","Strike_G","Strike_G","Strike_G","Survivor","Neutralize","Dagger Throw","Leg Sweep","Dagger Spray","After Image+1","Terror","Predator+1","Deadly Poison","Glass Knife+1","Tools of the Trade+1","Masterful Stab+1","Reflex+1","Deadly Poison","Deadly Poison+1","Sucker Punch","Noxious Fumes+1","Tactician+1","Adrenaline","Backflip+1","Dodge and Roll+1","Adrenaline+1","Dagger Spray+1","Backflip","Dagger Spray+1","Crippling Poison+1","Backstab+1","Eviscerate+1","Underhanded Strike+1","All Out Attack+1","Mind Blast"],"relics":["Ectoplasm","Regal Pillow","Lantern","Centennial Puzzle","Vajra","Strawberry","Paper Crane","Astrolabe","Meat on the Bone","Bag of Preparation","Mummified Hand","The Specimen","Bottled Tornado","Bag of Marbles","Tiny House","Pantograph","Ninja Scroll","Shuriken"],"potions_floor_usage":[38,38,50,50,50],"damage_taken":[{"damage":0,"enemies":"Cultist","floor":1,"turns":5},{"damage":0,"enemies":"Small Slimes","floor":3,"turns":4},{"damage":6,"enemies":"Jaw Worm","floor":5,"turns":4},{"damage":26,"enemies":"3 Sentries","floor":6,"turns":10},{"damage":4,"enemies":"Lagavulin","floor":11,"turns":7},{"damage":0,"enemies":"Looter","floor":13,"turns":3},{"damage":0,"enemies":"Exordium Thugs","floor":14,"turns":4},{"damage":22,"enemies":"The Guardian","floor":16,"turns":9},{"damage":2,"enemies":"Shell Parasite","floor":18,"turns":4},{"damage":1,"enemies":"3 Byrds","floor":19,"turns":4},{"damage":9,"enemies":"Centurion and Healer","floor":21,"turns":5},{"damage":10,"enemies":"3 Cultists","floor":22,"turns":5},{"damage":34,"enemies":"Slavers","floor":24,"turns":4},{"damage":6,"enemies":"Cultist and Chosen","floor":25,"turns":4},{"damage":18,"enemies":"Gremlin Leader","floor":28,"turns":5},{"damage":17,"enemies":"Slavers","floor":31,"turns":3},{"damage":14,"enemies":"Collector","floor":33,"turns":7},{"damage":0,"enemies":"Orb Walker","floor":35,"turns":3},{"damage":6,"enemies":"3 Shapes","floor":37,"turns":3},{"damage":0,"enemies":"Maw","floor":38,"turns":5},{"damage":0,"enemies":"Sphere and 2 Shapes","floor":39,"turns":2},{"damage":4,"enemies":"Giant Head","floor":41,"turns":7},{"damage":1,"enemies":"4 Shapes","floor":42,"turns":3},{"damage":0,"enemies":"3 Darklings","floor":44,"turns":3},{"damage":30,"enemies":"Donu and Deca","floor":50,"turns":5}],"seed_played":"8050054937016871731","potions_obtained":[{"floor":3,"key":"Energy Potion"},{"floor":5,"key":"Weak Potion"},{"floor":11,"key":"Swift Potion"},{"floor":18,"key":"Strength Potion"},{"floor":21,"key":"Swift Potion"},{"floor":22,"key":"Ancient Potion"},{"floor":31,"key":"GhostInAJar"},{"floor":38,"key":"Fire Potion"},{"floor":39,"key":"Regen Potion"},{"floor":41,"key":"Weak Potion"},{"floor":42,"key":"Strength Potion"}],"is_trial":false,"path_per_floor":["M","T","M","?","M","E","R","?","T","R","E","T","M","M","R","B",null,"M","M","?","M","M","R","E","M","T","?","E","T","$","E","R","B",null,"M","?","M","M","M","R","E","M","T","M","?","R","?","T","R","B",null],"character_chosen":"THE_SILENT","items_purchased":[],"campfire_rested":2,"item_purchase_floors":[],"current_hp_per_floor":[70,70,70,70,64,38,38,26,26,62,65,65,65,65,65,43,77,75,74,74,65,55,55,33,39,39,39,33,33,33,28,66,52,82,82,82,76,76,76,76,72,71,71,71,71,71,71,71,71,58],"gold":0,"neow_bonus":"BOSS_RELIC","is_prod":false,"is_daily":false,"chose_seed":false,"campfire_upgraded":6,"win_rate":0.0,"timestamp":1560023459,"path_taken":["M","?","M","?","M","E","R","?","T","R","E","?","M","M","R","BOSS","M","M","?","M","?","R","E","M","T","?","E","?","?","E","R","BOSS","M","?","M","?","M","R","E","M","T","M","?","R","?","?","R","BOSS"],"build_version":"2019-01-23","purchased_purges":0,"victory":true,"max_hp_per_floor":[70,70,70,70,70,70,70,70,70,70,77,77,77,77,77,77,77,77,77,77,77,77,77,77,77,77,77,77,77,77,77,77,77,82,82,82,82,82,82,82,82,82,82,82,82,82,78,78,78,78],"card_choices":[{"not_picked":["Underhanded Strike","PiercingWail"],"picked":"Dagger Throw","floor":1},{"not_picked":["Eviscerate","Dodge and Roll"],"picked":"Leg Sweep","floor":3},{"not_picked":["Deflect","Blade Dance"],"picked":"Dagger Spray","floor":5},{"not_picked":["Deflect","Dagger Spray"],"picked":"After Image","floor":6},{"not_picked":["Tactician","Flechettes"],"picked":"Terror","floor":11},{"not_picked":["Dagger Spray","Eviscerate"],"picked":"Predator","floor":13},{"not_picked":["Escape Plan","Slice"],"picked":"Deadly Poison","floor":14},{"not_picked":["Burst","Venomology"],"picked":"Glass Knife","floor":16},{"not_picked":["Flying Knee","Dagger Spray"],"picked":"Deadly Poison","floor":18},{"not_picked":["Outmaneuver","PiercingWail"],"picked":"Deadly Poison+1","floor":19},{"not_picked":["Distraction","Escape Plan+1"],"picked":"Sucker Punch","floor":21},{"not_picked":["Outmaneuver","Prepared+1"],"picked":"Noxious Fumes","floor":22},{"not_picked":["Blade Dance+1","Heel Hook"],"picked":"Tactician","floor":24},{"not_picked":["Outmaneuver","PiercingWail"],"picked":"Adrenaline","floor":25},{"not_picked":["Flying Knee","Endless Agony"],"picked":"Backflip+1","floor":28},{"not_picked":["Quick Slash","Finisher"],"picked":"Dodge and Roll+1","floor":31},{"not_picked":["Venomology","A Thousand Cuts"],"picked":"Adrenaline","floor":33},{"not_picked":["PiercingWail","Dagger Throw"],"picked":"Dagger Spray+1","floor":34},{"not_picked":["Finisher","Distraction"],"picked":"Backflip","floor":35},{"not_picked":["Acrobatics","Outmaneuver"],"picked":"Dagger Spray+1","floor":37},{"not_picked":["PiercingWail","Dash"],"picked":"Crippling Poison","floor":38},{"not_picked":["Night Terror","Dagger Throw+1"],"picked":"Backstab+1","floor":39},{"not_picked":["Leg Sweep","Dagger Spray+1"],"picked":"Eviscerate+1","floor":41},{"not_picked":["Unload","Blade Dance"],"picked":"Underhanded Strike+1","floor":42},{"not_picked":["Deadly Poison+1","Outmaneuver"],"picked":"All Out Attack+1","floor":44},{"not_picked":["Magnetism","Mayhem"],"picked":"Mind Blast","floor":45}],"player_experience":23146,"relics_obtained":[{"floor":2,"key":"Regal Pillow"},{"floor":6,"key":"Lantern"},{"floor":9,"key":"Vajra"},{"floor":11,"key":"Strawberry"},{"floor":12,"key":"Paper Crane"},{"floor":24,"key":"Bag of Preparation"},{"floor":26,"key":"Mummified Hand"},{"floor":28,"key":"The Specimen"},{"floor":29,"key":"Bottled Tornado"},{"floor":31,"key":"Bag of Marbles"},{"floor":41,"key":"Pantograph"},{"floor":43,"key":"Ninja Scroll"},{"floor":48,"key":"Shuriken"}],"event_choices":[{"damage_healed":0,"gold_gain":0,"player_choice":"Left Gold","damage_taken":0,"max_hp_gain":0,"max_hp_loss":0,"event_name":"World of Goop","floor":4,"gold_loss":36},{"damage_healed":0,"gold_gain":0,"player_choice":"Success","damage_taken":12,"relics_obtained":["Centennial Puzzle"],"max_hp_gain":0,"max_hp_loss":0,"event_name":"Scrap Ooze","floor":8,"gold_loss":0},{"damage_healed":0,"gold_gain":0,"player_choice":"Gave Potion","damage_taken":0,"relics_obtained":["Meat on the Bone"],"max_hp_gain":0,"max_hp_loss":0,"event_name":"WeMeetAgain","floor":20,"gold_loss":0},{"damage_healed":0,"gold_gain":0,"player_choice":"Forge","damage_taken":0,"max_hp_gain":0,"max_hp_loss":0,"event_name":"Accursed Blacksmith","floor":36,"gold_loss":0,"cards_upgraded":["Tactician"]},{"damage_healed":0,"gold_gain":0,"player_choice":"Memory 1","damage_taken":0,"max_hp_gain":0,"max_hp_loss":0,"event_name":"SensoryStone","floor":45,"gold_loss":0},{"damage_healed":0,"gold_gain":0,"player_choice":"Max HP","damage_taken":0,"max_hp_gain":0,"max_hp_loss":4,"event_name":"Winding Halls","floor":47,"gold_loss":0}],"is_beta":false,"boss_relics":[{"not_picked":["Empty Cage","Busted Crown"],"picked":"Astrolabe"},{"not_picked":["White Beast Statue","Velvet Choker"],"picked":"Tiny House"}],"items_purged_floors":[],"is_endless":false,"potions_floor_spawned":[3,5,11,18,21,22,31,33,38,39,41,42],"ascension_level":0}