{"gold_per_floor":[113,124,13,13,13,13,40,40,40,73,73,86,86,98,98,196,196,180,180,197,197,217,217,252,252,252,252,270,290,306,322,322,426,426,439,218,234,234,248,248],"floor_reached":40,"playtime":1906,"items_purged":["Shame"],"score":635,"play_id":"38eb8199-6c3d-403e-8f12-154046bf9a74","local_time":"20190305153300","is_ascension_mode":true,"campfire_choices":[{"data":"Noxious Fumes","floor":6,"key":"SMITH"},{"floor":8,"key":"REST"},{"data":"After Image","floor":11,"key":"SMITH"},{"floor":15,"key":"REST"},{"floor":23,"key":"REST"},{"floor":25,"key":"REST"},{"floor":27,"key":"REST"},{"floor":32,"key":"REST"}],"neow_cost":"CURSE","seed_source_timestamp":148186506283439,"circlet_count":0,"master_deck":["Defend_G","Defend_G","Defend_G","Defend_G","Defend_G","Strike_G+1","Strike_G","Strike_G","Strike_G","Strike_G","Survivor","Neutralize+1","Adrenaline+1","Deflect","Blade Dance","Noxious Fumes+1","Distraction","After Image+1","Blade Dance","Blade Dance","After Image","Quick Slash+1","Writhe","Slice","Blade Dance","Backstab+1","Slice+1","Acrobatics","Acrobatics+1","Cloak And Dagger+1","After Image","Distraction+1","Slice","Backstab+1","Finisher+1","Blind"],"relics":["Ring of the Snake","Kunai","Tough Bandages","Orichalcum","Boot","Lizard Tail","Anchor","Dodecahedron","Letter Opener","Sozu","DollysMirror"],"potions_floor_usage":[16,22,33,33,39],"damage_taken":[{"damage":0,"enemies":"2 Louse","floor":1,"turns":4},{"damage":2,"enemies":"Cultist","floor":2,"turns":5},{"damage":32,"enemies":"Gremlin Nob","floor":7,"turns":5},{"damage":3,"enemies":"3 Sentries","floor":10,"turns":7},{"damage":0,"enemies":"Small Slimes","floor":12,"turns":4},{"damage":0,"enemies":"Exordium Wildlife","floor":14,"turns":3},{"damage":26,"enemies":"Slime Boss","floor":16,"turns":10},{"damage":14,"enemies":"2 Thieves","floor":18,"turns":4},{"damage":6,"enemies":"Chosen","floor":20,"turns":5},{"damage":16,"enemies":"Centurion and Healer","floor":22,"turns":9},{"damage":41,"enemies":"Book of Stabbing","floor":24,"turns":10},{"damage":11,"enemies":"Cultist and Chosen","floor":28,"turns":6},{"damage":10,"enemies":"Sentry and Sphere","floor":29,"turns":6},{"damage":6,"enemies":"Shelled Parasite and Fungi","floor":30,"turns":4},{"damage":8,"enemies":"Centurion and Healer","floor":31,"turns":5},{"damage":22,"enemies":"Champ","floor":33,"turns":15},{"damage":6,"enemies":"Orb Walker","floor":35,"turns":4},{"damage":2,"enemies":"3 Shapes","floor":37,"turns":5},{"damage":32,"enemies":"Transient","floor":39,"turns":5},{"damage":55,"enemies":"Giant Head","floor":40,"turns":12}],"seed_played":"6551087761489424356","potions_obtained":[{"floor":7,"key":"GamblersBrew"},{"floor":10,"key":"SteroidPotion"},{"floor":12,"key":"EssenceOfSteel"},{"floor":16,"key":"LiquidBronze"},{"floor":18,"key":"Weak Potion"},{"floor":22,"key":"Strength Potion"},{"floor":24,"key":"SpeedPotion"},{"floor":33,"key":"SkillPotion"}],"is_trial":false,"path_per_floor":["M","M","$","?","?","R","E","R","T","E","R","M","?","M","R","B",null,"M","?","M","?","M","R","E","R","T","R","M","M","M","M","R","B",null,"M","$","M","?","M","E"],"character_chosen":"THE_SILENT","items_purchased":["Noxious Fumes","Slice","DollysMirror"],"campfire_rested":6,"item_purchase_floors":[3,36,36],"current_hp_per_floor":[63,61,61,47,47,47,15,36,36,33,33,33,33,33,54,28,60,46,46,40,40,24,45,4,25,25,46,35,25,19,11,32,10,55,49,49,47,47,15,0],"gold":248,"neow_bonus":"THREE_RARE_CARDS","is_prod":false,"is_daily":false,"chose_seed":false,"campfire_upgraded":2,"win_rate":0,"timestamp":1551821580,"path_taken":["M","M","$","?","?","R","E","R","T","E","R","?","?","M","R","BOSS","M","?","M","?","M","R","E","R","T","R","M","M","M","M","R","BOSS","M","$","M","?","M","E"],"build_version":"2019-01-23","purchased_purges":1,"victory":false,"max_hp_per_floor":[70,70,70,70,70,70,70,70,70,70,70,70,70,70,70,70,70,70,70,70,70,70,70,70,70,70,70,70,70,70,70,70,70,70,70,70,70,70,70,70],"card_choices":[{"not_picked":["Unload","Burst"],"picked":"Adrenaline","floor":0},{"not_picked":["Blade Dance","Backflip"],"picked":"Deflect","floor":1},{"not_picked":["Bane","Prepared"],"picked":"Blade Dance","floor":2},{"not_picked":["Dagger Throw","Finisher"],"picked":"Distraction","floor":7},{"not_picked":["Quick Slash","Dagger Throw"],"picked":"After Image","floor":10},{"not_picked":["Underhanded Strike","Setup"],"picked":"Blade Dance","floor":12},{"not_picked":["Tactician","Setup"],"picked":"Blade Dance","floor":14},{"not_picked":["Tools of the Trade","Wraith Form v2"],"picked":"After Image","floor":16},{"not_picked":["Poisoned Stab+1","Outmaneuver"],"picked":"Quick Slash+1","floor":18},{"not_picked":["Flechettes","Deadly Poison+1"],"picked":"Slice","floor":20},{"not_picked":["Heel Hook","Grand Finale"],"picked":"Blade Dance","floor":22},{"not_picked":["Acrobatics","Bane"],"picked":"Backstab+1","floor":24},{"not_picked":["Acrobatics","Dodge and Roll+1"],"picked":"Slice+1","floor":28},{"not_picked":["Skewer+1","Dagger Throw"],"picked":"Acrobatics","floor":29},{"not_picked":["Catalyst","Underhanded Strike"],"picked":"Acrobatics+1","floor":30},{"not_picked":["Slice+1","Acrobatics"],"picked":"Cloak And Dagger+1","floor":31},{"not_picked":["Doppelganger","Unload"],"picked":"After Image","floor":33},{"not_picked":["Terror+1","PiercingWail"],"picked":"Distraction+1","floor":35},{"not_picked":["Well Laid Plans+1","Cloak And Dagger"],"picked":"Finisher+1","floor":37},{"not_picked":["Impatience","Forethought"],"picked":"Blind","floor":38},{"not_picked":["Dagger Spray","Flechettes+1","Flying Knee+1"],"picked":"SKIP","floor":39}],"player_experience":271355,"relics_obtained":[{"floor":7,"key":"Kunai"},{"floor":9,"key":"Tough Bandages"},{"floor":10,"key":"Orichalcum"},{"floor":24,"key":"Dodecahedron"},{"floor":26,"key":"Letter Opener"}],"event_choices":[{"damage_healed":0,"gold_gain":0,"player_choice":"Entered Light","damage_taken":14,"max_hp_gain":0,"max_hp_loss":0,"event_name":"Shining Light","floor":4,"gold_loss":0,"cards_upgraded":["Strike_G","Adrenaline"]},{"damage_healed":0,"gold_gain":0,"player_choice":"Upgraded","damage_taken":0,"max_hp_gain":0,"max_hp_loss":0,"event_name":"Upgrade Shrine","floor":5,"gold_loss":0,"cards_upgraded":["Neutralize"]},{"damage_healed":0,"gold_gain":0,"player_choice":"Searched \u00271\u0027 times","damage_taken":0,"relics_obtained":["Boot"],"max_hp_gain":0,"max_hp_loss":0,"event_name":"Dead Adventurer","floor":13,"gold_loss":0},{"damage_healed":0,"gold_gain":0,"player_choice":"Opened","damage_taken":0,"relics_obtained":["Anchor"],"max_hp_gain":0,"max_hp_loss":0,"event_name":"The Mausoleum","floor":19,"gold_loss":0,"cards_obtained":["Writhe"]},{"damage_healed":0,"gold_gain":0,"player_choice":"Ignored","damage_taken":0,"max_hp_gain":0,"max_hp_loss":0,"event_name":"Vampires","floor":21,"gold_loss":0},{"damage_healed":0,"gold_gain":0,"player_choice":"Memory 1","damage_taken":0,"max_hp_gain":0,"max_hp_loss":0,"event_name":"SensoryStone","floor":38,"gold_loss":0}],"is_beta":false,"boss_relics":[{"not_picked":["Runic Dome","Tiny House"],"picked":"Lizard Tail"},{"not_picked":["Coffee Dripper","Philosopher\u0027s Stone"],"picked":"Sozu"}],"items_purged_floors":[3],"is_endless":false,"potions_floor_spawned":[7,10,12,16,18,22,24,31,33,37,39],"killed_by":"Giant Head","ascension_level":8}