{"gold_per_floor":[115,115,40,50,69,100,100,115,164,178,190,190,1,76,76,181,181,197,217,0,16,115,146,146,158,227,0,0],"floor_reached":28,"playtime":4035,"items_purged":["Strike_R"],"score":240,"play_id":"e7af295a-a868-45ee-8fed-ab5fd31c0aa0","local_time":"20190609003813","is_ascension_mode":false,"campfire_choices":[{"floor":7,"key":"REST"},{"data":"Double Tap","floor":12,"key":"SMITH"},{"data":"Seeing Red","floor":15,"key":"SMITH"},{"data":"Apotheosis","floor":24,"key":"SMITH"}],"neow_cost":"NONE","seed_source_timestamp":2378603994014241,"circlet_count":0,"master_deck":["Strike_R","Strike_R","Strike_R","Strike_R","Defend_R","Defend_R","Defend_R","Defend_R","Bash","Bloodletting+1","Body Slam","Blood for Blood","Power Through","Double Tap+1","Iron Wave","Seeing Red+1","Shrug It Off","Barricade","Headbutt+1","Apotheosis+1","True Grit","Spot Weakness+1"],"relics":["Burning Blood","Mummified Hand","Oddly Smooth Stone","Mark of Pain","Potion Belt","Molten Egg 2"],"potions_floor_usage":[5,6,16,16,21,23,25],"damage_taken":[{"damage":3,"enemies":"Jaw Worm","floor":1,"turns":5},{"damage":4,"enemies":"Cultist","floor":4,"turns":4},{"damage":3,"enemies":"2 Louse","floor":5,"turns":2},{"damage":47,"enemies":"Lagavulin","floor":6,"turns":7},{"damage":4,"enemies":"Large Slime","floor":8,"turns":8},{"damage":0,"enemies":"Looter","floor":10,"turns":4},{"damage":0,"enemies":"2 Fungi Beasts","floor":11,"turns":4},{"damage":63,"enemies":"The Guardian","floor":16,"turns":18},{"damage":13,"enemies":"Shell Parasite","floor":18,"turns":8},{"damage":28,"enemies":"Spheric Guardian","floor":19,"turns":8},{"damage":1,"enemies":"Chosen and Byrds","floor":21,"turns":7},{"damage":1,"enemies":"Book of Stabbing","floor":23,"turns":5},{"damage":15,"enemies":"3 Cultists","floor":25,"turns":6},{"damage":68,"enemies":"Slavers","floor":28,"turns":4}],"seed_played":"-4630238272172229760","potions_obtained":[{"floor":1,"key":"PowerPotion"},{"floor":4,"key":"LiquidBronze"},{"floor":6,"key":"Swift Potion"},{"floor":10,"key":"Dexterity Potion"},{"floor":19,"key":"Fruit Juice"},{"floor":21,"key":"EssenceOfSteel"},{"floor":23,"key":"Fire Potion"}],"is_trial":false,"path_per_floor":["M","?","$","M","M","E","R","M","T","M","M","R","$","?","R","B",null,"M","M","$","M","?","E","R","M","T","?","E"],"character_chosen":"IRONCLAD","items_purchased":["Oddly Smooth Stone","Shrug It Off","Apotheosis","True Grit"],"campfire_rested":1,"item_purchase_floors":[13,13,20,20],"current_hp_per_floor":[88,88,88,88,88,47,73,75,75,81,87,87,87,76,76,19,88,81,59,59,69,69,74,74,65,65,65,0],"gold":0,"neow_bonus":"TEN_PERCENT_HP_BONUS","is_prod":false,"is_daily":false,"chose_seed":false,"campfire_upgraded":3,"win_rate":0,"timestamp":1560065893,"path_taken":["M","?","?","M","?","E","R","M","T","M","M","R","$","?","R","BOSS","M","M","$","M","?","E","R","M","T","?","E"],"build_version":"2019-01-23","purchased_purges":1,"victory":false,"max_hp_per_floor":[88,88,88,88,88,88,88,88,88,88,88,88,88,88,88,88,88,88,88,88,93,93,93,93,93,93,93,93],"card_choices":[{"not_picked":["Reckless Charge","Sword Boomerang"],"picked":"Bloodletting","floor":1},{"not_picked":["Reckless Charge","Clothesline"],"picked":"Body Slam","floor":4},{"not_picked":["Perfected Strike","Thunderclap"],"picked":"Blood for Blood","floor":5},{"not_picked":["Warcry","Combust"],"picked":"Power Through","floor":6},{"not_picked":["Ghostly Armor","Sever Soul"],"picked":"Double Tap","floor":8},{"not_picked":["Combust","Body Slam"],"picked":"Iron Wave","floor":10},{"not_picked":["Clash","Power Through"],"picked":"Seeing Red","floor":11},{"not_picked":["Impervious","Berserk"],"picked":"Barricade","floor":16},{"not_picked":["Intimidate","Flex","Headbutt"],"picked":"SKIP","floor":18},{"not_picked":["Perfected Strike","Wild Strike"],"picked":"Headbutt+1","floor":19},{"not_picked":["Thunderclap+1","Rupture"],"picked":"Spot Weakness+1","floor":21},{"not_picked":["Perfected Strike","Corruption","Anger"],"picked":"SKIP","floor":23},{"not_picked":["Fire Breathing+1","Intimidate","Pommel Strike"],"picked":"SKIP","floor":25}],"player_experience":53057,"relics_obtained":[{"floor":6,"key":"Mummified Hand"},{"floor":23,"key":"Potion Belt"},{"floor":26,"key":"Molten Egg 2"}],"event_choices":[{"damage_healed":0,"gold_gain":0,"player_choice":"Upgraded","damage_taken":0,"max_hp_gain":0,"max_hp_loss":0,"event_name":"Upgrade Shrine","floor":2,"gold_loss":0,"cards_upgraded":["Bloodletting"]},{"damage_healed":0,"gold_gain":75,"player_choice":"Gather Gold","damage_taken":11,"max_hp_gain":0,"max_hp_loss":0,"event_name":"World of Goop","floor":14,"gold_loss":0},{"damage_healed":0,"gold_gain":99,"player_choice":"Stole From Cult","damage_taken":0,"max_hp_gain":0,"max_hp_loss":0,"event_name":"Nest","floor":22,"gold_loss":0},{"damage_healed":0,"gold_gain":0,"player_choice":"Paid Fearfully","damage_taken":0,"max_hp_gain":0,"max_hp_loss":0,"event_name":"Masked Bandits","floor":27,"gold_loss":227}],"is_beta":false,"boss_relics":[{"not_picked":["Sozu","Coffee Dripper"],"picked":"Mark of Pain"}],"items_purged_floors":[3],"is_endless":false,"potions_floor_spawned":[1,4,6,10,19,21,23],"killed_by":"Slavers","ascension_level":0}