{"gold_per_floor":[116,128,128,3,20,46,46,71,83,95,125,166,190,228,240,353,365,387,413,425,456,486,498,510,537,549,593,605,652,678,704,716,826,838,863,875,887,913,542,542,65,84,84,112,129,161,161,0,0,0,0,0,0,27,27],"floor_reached":56,"playtime":4899,"items_purged":["Strike_G","Strike_G"],"score":1455,"play_id":"396fbefa-1aae-441d-a887-e83d22c91595","local_time":"20190510174450","is_ascension_mode":true,"campfire_choices":[{"data":"Blade Dance","floor":7.0,"key":"SMITH"},{"data":"Cloak And Dagger","floor":10.0,"key":"SMITH"},{"data":"Accuracy","floor":15.0,"key":"SMITH"},{"data":"Storm of Steel","floor":23.0,"key":"SMITH"},{"data":"Backflip","floor":28.0,"key":"SMITH"},{"data":"Backflip","floor":32.0,"key":"SMITH"},{"floor":40.0,"key":"RECALL"},{"data":"A Thousand Cuts","floor":47,"key":"SMITH"},{"data":"Malaise","floor":49,"key":"SMITH"},{"data":"Neutralize","floor":52,"key":"SMITH"}],"neow_cost":"NONE","seed_source_timestamp":1909810991526700,"circlet_count":0,"master_deck":["Defend_G","Defend_G","Defend_G","Defend_G+1","Defend_G","Survivor","Neutralize+1","Backstab","Deflect","Accuracy+1","Blade Dance+1","Cloak And Dagger+1","Backflip+1","Escape Plan","Backflip+1","Deflect","PiercingWail","Storm of Steel+1","Infinite Blades","Poisoned Stab+1","Reflex","Cloak And Dagger+1","Deflect","RitualDagger","Acrobatics","Malaise+1","Adrenaline+1","Prepared+1","A Thousand Cuts+1","Finisher","Backstab","Acrobatics+1","Escape Plan+1","Sucker Punch+1","Blur+1","Distraction+1"],"special_seed":0,"relics":["Ring of the Snake","Matryoshka","MawBank","Ancient Tea Set","Mummified Hand","Shovel","Meat on the Bone","Sozu","Bronze Scales","Letter Opener","Unceasing Top","Pear","Runic Pyramid","War Paint","Shuriken","Juzu Bracelet","Oddly Smooth Stone","Red Mask","Art of War"],"potions_floor_usage":[],"damage_taken":[{"damage":0.0,"enemies":"2 Louse","floor":1.0,"turns":4.0},{"damage":0.0,"enemies":"Cultist","floor":2.0,"turns":5.0},{"damage":0.0,"enemies":"Jaw Worm","floor":5.0,"turns":4.0},{"damage":21.0,"enemies":"3 Sentries","floor":6.0,"turns":12.0},{"damage":1.0,"enemies":"Lagavulin","floor":8.0,"turns":7.0},{"damage":0.0,"enemies":"Red Slaver","floor":11.0,"turns":3.0},{"damage":0.0,"enemies":"3 Sentries","floor":12.0,"turns":7.0},{"damage":0.0,"enemies":"Large Slime","floor":13.0,"turns":4.0},{"damage":1.0,"enemies":"Lagavulin","floor":14.0,"turns":7.0},{"damage":28.0,"enemies":"The Guardian","floor":16.0,"turns":13.0},{"damage":6.0,"enemies":"3 Byrds","floor":18.0,"turns":5.0},{"damage":1.0,"enemies":"Shell Parasite","floor":19.0,"turns":4.0},{"damage":0.0,"enemies":"Cultist and Chosen","floor":21.0,"turns":5.0},{"damage":0.0,"enemies":"3 Cultists","floor":22.0,"turns":5.0},{"damage":24.0,"enemies":"Snake Plant","floor":25.0,"turns":3.0},{"damage":9.0,"enemies":"Book of Stabbing","floor":27.0,"turns":5.0},{"damage":2.0,"enemies":"Gremlin Leader","floor":29.0,"turns":4.0},{"damage":0.0,"enemies":"Centurion and Healer","floor":30.0,"turns":3.0},{"damage":16.0,"enemies":"Sentry and Sphere","floor":31.0,"turns":5.0},{"damage":32.0,"enemies":"Automaton","floor":33.0,"turns":11.0},{"damage":3.0,"enemies":"Orb Walker","floor":35.0,"turns":4.0},{"damage":0.0,"enemies":"3 Darklings","floor":38.0,"turns":4.0},{"damage":0.0,"enemies":"Jaw Worm Horde","floor":42.0,"turns":3.0},{"damage":1.0,"enemies":"Giant Head","floor":44.0,"turns":4.0},{"damage":0,"enemies":"Transient","floor":45,"turns":5},{"damage":3,"enemies":"Reptomancer","floor":46,"turns":4},{"damage":67,"enemies":"Time Eater","floor":50,"turns":10},{"damage":0,"enemies":"Shield and Spear","floor":54,"turns":3},{"damage":78,"enemies":"The Heart","floor":55,"turns":9}],"seed_played":"-5162243571940169615","potions_obtained":[{"floor":2.0,"key":"Dexterity Potion"},{"floor":5.0,"key":"EntropicBrew"},{"floor":13.0,"key":"EntropicBrew"},{"floor":14.0,"key":"AttackPotion"}],"is_trial":false,"path_per_floor":["M","M","?","$","M","E","R","E","T","R","M","E","M","E","R","B",null,"M","M","?","M","M","R","?","M","T","E","R","E","M","M","R","B",null,"M","?","?","M","$","R","$","M","T","E","M","E","R","?","R","B",null,"R","$","E","B",null],"character_chosen":"THE_SILENT","items_purchased":["Accuracy","Blade Dance","A Thousand Cuts","War Paint","Shuriken","Finisher","Backstab"],"campfire_rested":0,"item_purchase_floors":[4,4,39,39,41,41,41],"current_hp_per_floor":[77,77,77,77,77,56,56,55,55,55,55,55,55,54,54,38,77,71,70,70,70,70,70,64,40,40,43,43,51,51,47,47,27,87,84,84,84,84,84,84,84,84,84,83,83,80,80,80,80,25,87,87,87,87,21],"gold":27,"neow_bonus":"TEN_PERCENT_HP_BONUS","is_prod":false,"is_daily":false,"chose_seed":false,"campfire_upgraded":9,"win_rate":0,"timestamp":1557528290,"path_taken":["M","M","?","$","M","E","R","E","T","R","M","E","M","E","R","BOSS","M","?","?","?","M","R","?","M","T","E","R","E","M","M","R","BOSS","M","?","?","M","$","R","$","?","T","E","M","E","R","?","R","BOSS","R","$","E","BOSS"],"build_version":"2019-01-23","purchased_purges":2,"victory":true,"max_hp_per_floor":[77,77,77,77,77,77,77,77,77,77,77,77,77,77,77,77,77,77,77,77,77,77,77,77,77,77,77,77,87,87,87,87,87,87,87,87,87,87,87,87,87,87,87,87,87,87,87,87,87,87,87,87,87,87,87],"card_choices":[{"not_picked":["Dodge and Roll","Dagger Throw"],"picked":"Backstab","floor":1.0},{"not_picked":["Acrobatics","Distraction"],"picked":"Deflect","floor":2.0},{"not_picked":["Concentrate","PiercingWail"],"picked":"Cloak And Dagger","floor":5.0},{"not_picked":["Heel Hook","Concentrate","Setup"],"picked":"SKIP","floor":6.0},{"not_picked":["Eviscerate","Bane"],"picked":"Backflip","floor":8.0},{"not_picked":["Underhanded Strike","Predator"],"picked":"Escape Plan","floor":11.0},{"not_picked":["Phantasmal Killer","Flying Knee"],"picked":"Backflip","floor":12.0},{"not_picked":["Calculated Gamble","PiercingWail"],"picked":"Deflect","floor":13.0},{"not_picked":["Skewer","Dodge and Roll"],"picked":"PiercingWail","floor":14.0},{"not_picked":["Die Die Die","Burst"],"picked":"Storm of Steel","floor":16.0},{"not_picked":["Skewer","Underhanded Strike"],"picked":"Infinite Blades","floor":18.0},{"not_picked":["Heel Hook","Calculated Gamble"],"picked":"Poisoned Stab+1","floor":19.0},{"not_picked":["Quick Slash+1","Prepared"],"picked":"Cloak And Dagger+1","floor":21.0},{"not_picked":["Poisoned Stab","All Out Attack"],"picked":"Deflect","floor":22.0},{"not_picked":["All Out Attack","Slice","Masterful Stab"],"picked":"SKIP","floor":25.0},{"not_picked":["Prepared+1","Dodge and Roll"],"picked":"Acrobatics","floor":27.0},{"not_picked":["Cloak And Dagger","Distraction+1","Underhanded Strike+1"],"picked":"SKIP","floor":29.0},{"not_picked":["Acrobatics+1","Flying Knee+1"],"picked":"Malaise","floor":30.0},{"not_picked":["Catalyst+1","Masterful Stab","Backstab"],"picked":"SKIP","floor":31.0},{"not_picked":["Storm of Steel","Phantasmal Killer"],"picked":"Adrenaline","floor":33.0},{"not_picked":["Bane","Eviscerate","Backflip"],"picked":"SKIP","floor":35.0},{"not_picked":["Outmaneuver+1","Setup"],"picked":"Prepared+1","floor":38.0},{"not_picked":["Backstab","Dagger Throw"],"picked":"Acrobatics+1","floor":42.0},{"not_picked":["Corpse Explosion","Doppelganger"],"picked":"Escape Plan+1","floor":44.0},{"not_picked":["Flying Knee","Noxious Fumes+1"],"picked":"Sucker Punch+1","floor":45},{"not_picked":["Caltrops","Catalyst"],"picked":"Blur+1","floor":46},{"not_picked":["Deflect+1","Poisoned Stab"],"picked":"Distraction+1","floor":54}],"player_experience":163891,"relics_obtained":[{"floor":6.0,"key":"Matryoshka"},{"floor":8.0,"key":"MawBank"},{"floor":9.0,"key":"Ancient Tea Set"},{"floor":9.0,"key":"Mummified Hand"},{"floor":12.0,"key":"Shovel"},{"floor":14.0,"key":"Meat on the Bone"},{"floor":26.0,"key":"Bronze Scales"},{"floor":26.0,"key":"Letter Opener"},{"floor":27.0,"key":"Unceasing Top"},{"floor":29.0,"key":"Pear"},{"floor":44.0,"key":"Juzu Bracelet"},{"floor":46,"key":"Oddly Smooth Stone"},{"floor":54,"key":"Art of War"}],"event_choices":[{"cards_removed":["Strike_G"],"damage_healed":0.0,"max_hp_gain":0.0,"max_hp_loss":0.0,"gold_gain":0.0,"event_name":"Purifier","player_choice":"Purged","floor":3.0,"gold_loss":0.0,"damage_taken":0.0},{"damage_healed":0.0,"max_hp_gain":0.0,"max_hp_loss":0.0,"gold_gain":0.0,"cards_transformed":["Strike_G"],"event_name":"Transmorgrifier","player_choice":"Transformed","floor":20.0,"gold_loss":0.0,"damage_taken":0.0,"cards_obtained":["Reflex"]},{"damage_healed":0.0,"max_hp_gain":0.0,"max_hp_loss":0.0,"gold_gain":0.0,"event_name":"Nest","player_choice":"Joined the Cult","floor":24.0,"gold_loss":0.0,"damage_taken":6.0,"cards_obtained":["RitualDagger"]},{"cards_removed":["Strike_G"],"damage_healed":0.0,"max_hp_gain":0.0,"max_hp_loss":0.0,"gold_gain":0.0,"event_name":"Falling","player_choice":"Removed Attack","floor":36.0,"gold_loss":0.0,"damage_taken":0.0},{"damage_healed":0.0,"max_hp_gain":0.0,"max_hp_loss":0.0,"gold_gain":0.0,"event_name":"SecretPortal","player_choice":"Ignored","floor":37.0,"gold_loss":0.0,"damage_taken":0.0},{"damage_healed":0,"gold_gain":0,"player_choice":"Paid","damage_taken":0,"relics_obtained":["Red Mask"],"max_hp_gain":0,"max_hp_loss":0,"event_name":"Tomb of Lord Red Mask","floor":48,"gold_loss":161}],"is_beta":false,"boss_relics":[{"not_picked":["HoveringKite","Orrery"],"picked":"Sozu"},{"not_picked":["Philosopher\u0027s Stone","Velvet Choker"],"picked":"Runic Pyramid"}],"items_purged_floors":[39,41],"is_endless":false,"potions_floor_spawned":[2,5,13,14,18,21,25,27,42,44,45],"ascension_level":2}