{"gold_per_floor":[112,112,128,128,138,138,157,168,191,366,366,381,381,398,398,493,493,458,458,557,321,337,362,377,377,458,468,545,564,369,382,382,382],"floor_reached":33,"playtime":1155,"items_purged":[],"score":390,"play_id":"b7def32a-6710-46b2-bf88-2d9dfe4a3474","local_time":"20190407210001","is_ascension_mode":true,"campfire_choices":[{"data":"Bandage Up","floor":6,"key":"SMITH"},{"data":"Neutralize","floor":11,"key":"SMITH"},{"data":"Caltrops","floor":15,"key":"SMITH"},{"floor":25,"key":"REST"},{"floor":32,"key":"REST"}],"neow_cost":"PERCENT_DAMAGE","seed_source_timestamp":264634962280074,"circlet_count":0,"master_deck":["Defend_G","Defend_G","Defend_G","Defend_G+1","Defend_G","Strike_G+1","Strike_G","Strike_G","Strike_G","Survivor","Neutralize+1","Bandage Up+1","Trip+1","Deadly Poison","Deflect","PiercingWail","Deadly Poison","PiercingWail","Doubt","Deadly Poison","Caltrops+1","Malaise","Footwork+1","Backstab+1","Leap","Backflip+1","Deadly Poison","Reaper","Steam+1","Acrobatics","Armaments"],"relics":["Ring of the Snake","Bag of Marbles","Black Star","PrismaticShard","Snake Skull","Whetstone","Letter Opener","Sundial","Oddly Smooth Stone"],"potions_floor_usage":[16,16,23,27,31,33],"damage_taken":[{"damage":0,"enemies":"Jaw Worm","floor":1,"turns":4},{"damage":9,"enemies":"Small Slimes","floor":3,"turns":5},{"damage":0,"enemies":"2 Louse","floor":5,"turns":4},{"damage":30,"enemies":"Large Slime","floor":7,"turns":9},{"damage":0,"enemies":"2 Fungi Beasts","floor":8,"turns":5},{"damage":2,"enemies":"Blue Slaver","floor":12,"turns":5},{"damage":3,"enemies":"Red Slaver","floor":14,"turns":5},{"damage":12,"enemies":"Hexaghost","floor":16,"turns":9},{"damage":28,"enemies":"2 Thieves","floor":18,"turns":5},{"damage":0,"enemies":"3 Byrds","floor":22,"turns":3},{"damage":21,"enemies":"Slavers","floor":23,"turns":9},{"damage":10,"enemies":"Centurion and Healer","floor":24,"turns":12},{"damage":44,"enemies":"3 Cultists","floor":27,"turns":7},{"damage":3,"enemies":"Shelled Parasite and Fungi","floor":29,"turns":5},{"damage":16,"enemies":"Chosen and Byrds","floor":31,"turns":8},{"damage":72,"enemies":"Collector","floor":33,"turns":7}],"seed_played":"133222534898923291","potions_obtained":[{"floor":3,"key":"LiquidBronze"},{"floor":5,"key":"Energy Potion"},{"floor":8,"key":"SkillPotion"},{"floor":14,"key":"Regen Potion"},{"floor":16,"key":"GamblersBrew"},{"floor":18,"key":"AttackPotion"},{"floor":31,"key":"Regen Potion"}],"is_trial":false,"path_per_floor":["M","?","M","?","M","R","M","M","T","?","R","M","?","M","R","B",null,"M","?","?","$","M","E","M","R","T","M","T","M","$","M","R","B"],"character_chosen":"THE_SILENT","items_purchased":["Backstab","PrismaticShard","Oddly Smooth Stone","Acrobatics"],"campfire_rested":2,"item_purchase_floors":[21,21,30,30],"current_hp_per_floor":[49,49,44,30,34,34,10,16,16,16,16,20,20,23,23,32,61,39,39,39,39,45,30,26,47,47,9,9,12,12,8,29,0],"gold":382,"neow_bonus":"RANDOM_COLORLESS_2","is_prod":false,"is_daily":false,"chose_seed":false,"campfire_upgraded":3,"win_rate":0,"timestamp":1554688801,"path_taken":["M","?","M","?","M","R","M","M","T","?","R","M","?","M","R","BOSS","M","?","?","$","M","E","M","R","T","M","?","M","$","M","R","BOSS"],"build_version":"2019-01-23","purchased_purges":0,"victory":false,"max_hp_per_floor":[70,70,70,70,70,70,70,70,70,70,70,70,70,70,70,70,70,70,70,70,70,70,70,70,70,70,70,70,70,70,70,70,70],"card_choices":[{"not_picked":["Tactician","Outmaneuver"],"picked":"Deadly Poison","floor":1},{"not_picked":["Endless Agony","Predator"],"picked":"Deflect","floor":3},{"not_picked":["Acrobatics","Sucker Punch"],"picked":"PiercingWail","floor":5},{"not_picked":["Quick Slash","Flechettes"],"picked":"Deadly Poison","floor":7},{"not_picked":["Endless Agony","Deflect"],"picked":"PiercingWail","floor":8},{"not_picked":["Dodge and Roll","Choke"],"picked":"Deadly Poison","floor":12},{"not_picked":["Underhanded Strike","Expertise"],"picked":"Caltrops","floor":14},{"not_picked":["Unload","Bullet Time"],"picked":"Malaise","floor":16},{"not_picked":["Heel Hook+1","Poisoned Stab+1"],"picked":"Footwork+1","floor":18},{"not_picked":["Heavy Blade","Underhanded Strike+1"],"picked":"Leap","floor":22},{"not_picked":["Sunder","Good Instincts"],"picked":"Backflip+1","floor":23},{"not_picked":["Bloodletting","True Grit"],"picked":"Deadly Poison","floor":24},{"not_picked":["Dagger Throw","Blade Dance"],"picked":"Reaper","floor":27},{"not_picked":["Whirlwind","Entrench"],"picked":"Steam+1","floor":29},{"not_picked":["Dodge and Roll","Slice"],"picked":"Armaments","floor":31}],"player_experience":404462,"relics_obtained":[{"floor":9,"key":"Bag of Marbles"},{"floor":23,"key":"Snake Skull"},{"floor":23,"key":"Whetstone"},{"floor":26,"key":"Letter Opener"},{"floor":28,"key":"Sundial"}],"event_choices":[{"cards_removed":["Strike_G"],"damage_healed":0,"gold_gain":0,"player_choice":"Forget","damage_taken":0,"max_hp_gain":0,"max_hp_loss":0,"event_name":"Living Wall","floor":2,"gold_loss":0},{"damage_healed":0,"gold_gain":0,"player_choice":"Entered Light","damage_taken":14,"max_hp_gain":0,"max_hp_loss":0,"event_name":"Shining Light","floor":4,"gold_loss":0,"cards_upgraded":["Defend_G","Trip"]},{"damage_healed":0,"gold_gain":175,"player_choice":"AGREE","damage_taken":0,"max_hp_gain":0,"max_hp_loss":0,"event_name":"Liars Game","floor":10,"gold_loss":0,"cards_obtained":["Doubt"]},{"damage_healed":0,"gold_gain":0,"player_choice":"Ignored","damage_taken":0,"max_hp_gain":0,"max_hp_loss":0,"event_name":"Golden Wing","floor":13,"gold_loss":0},{"damage_healed":0,"gold_gain":0,"player_choice":"Ignored","damage_taken":0,"max_hp_gain":0,"max_hp_loss":0,"event_name":"Vampires","floor":19,"gold_loss":0},{"damage_healed":0,"gold_gain":99,"player_choice":"Stole From Cult","damage_taken":0,"max_hp_gain":0,"max_hp_loss":0,"event_name":"Nest","floor":20,"gold_loss":0}],"is_beta":false,"boss_relics":[{"not_picked":["Coffee Dripper","Ectoplasm"],"picked":"Black Star"}],"items_purged_floors":[],"is_endless":false,"potions_floor_spawned":[3,5,8,14,16,18,31],"killed_by":"Collector","ascension_level":8}