{"gold_per_floor":[119,129,145,145,145,175,124,134,134,134,57,84,97,110,110,206,206,216,316,316,26,45,45,79,79,79,106,106,126,126,144,144,249,249,261,62,62,78,3,3,3,3,3,3,3,21,21,56,56,56,56,56,3,28,28],"floor_reached":55,"playtime":10741,"items_purged":["Strike_R"],"score":741,"play_id":"e1f5f3c3-8802-4089-8276-5ac5775c3246","local_time":"20190611121212","is_ascension_mode":false,"campfire_choices":[{"data":"Flex","floor":10,"key":"SMITH"},{"data":"True Grit","floor":15,"key":"SMITH"},{"data":"Double Tap","floor":23,"key":"SMITH"},{"data":"Bash","floor":25,"key":"SMITH"},{"floor":32,"key":"REST"},{"data":"Whirlwind","floor":40,"key":"SMITH"},{"floor":42,"key":"RECALL"},{"data":"Flame Barrier","floor":44,"key":"SMITH"},{"data":"Sword Boomerang","floor":47,"key":"SMITH"},{"floor":49,"key":"REST"},{"data":"Shrug It Off","floor":52,"key":"SMITH"}],"neow_cost":"NONE","seed_source_timestamp":2586288698926826,"circlet_count":0,"master_deck":["Strike_R","Strike_R","Strike_R","Defend_R","Defend_R","Defend_R","Defend_R","Bash+1","Flame Barrier+1","Anger","Headbutt","Twin Strike","Flex+1","Clash","Whirlwind+1","Sword Boomerang+1","True Grit+1","Shrug It Off+1","Headbutt","Twin Strike","Double Tap+1","Sword Boomerang+1","Rage+1","Armaments+1","Thunderclap+1","Entrench+1","Impervious+1","Pommel Strike+1","Rampage+1","Limit Break+1","Inflame+1","Warcry+1","Flex+1","Corruption+1","Shrug It Off+1","Clothesline+1","Heavy Blade+1","Shrug It Off+1"],"relics":["Burning Blood","Bag of Preparation","Pear","Incense Burner","Sozu","Ginger","Toxic Egg 2","FaceOfCleric","Self Forming Clay","Letter Opener","Frozen Egg 2","Omamori","Molten Egg 2","Nilry\u0027s Codex","Lizard Tail","Regal Pillow","WarpedTongs","Ice Cream","Anchor"],"potions_floor_usage":[12,16,16,33,50],"damage_taken":[{"damage":9,"enemies":"Jaw Worm","floor":1,"turns":5},{"damage":2,"enemies":"2 Louse","floor":2,"turns":3},{"damage":1,"enemies":"Cultist","floor":3,"turns":3},{"damage":10,"enemies":"3 Sentries","floor":6,"turns":9},{"damage":2,"enemies":"Blue Slaver","floor":8,"turns":3},{"damage":9,"enemies":"Lagavulin","floor":12,"turns":6},{"damage":5,"enemies":"Lots of Slimes","floor":13,"turns":3},{"damage":5,"enemies":"Looter","floor":14,"turns":3},{"damage":72,"enemies":"Hexaghost","floor":16,"turns":11},{"damage":0,"enemies":"2 Thieves","floor":18,"turns":1},{"damage":17,"enemies":"Colosseum Slavers","floor":19,"turns":5},{"damage":7,"enemies":"Colosseum Nobs","floor":19,"turns":4},{"damage":1,"enemies":"3 Byrds","floor":22,"turns":4},{"damage":17,"enemies":"Gremlin Leader","floor":24,"turns":5},{"damage":39,"enemies":"Book of Stabbing","floor":27,"turns":3},{"damage":0,"enemies":"Snake Plant","floor":29,"turns":3},{"damage":9,"enemies":"Centurion and Healer","floor":31,"turns":4},{"damage":33,"enemies":"Collector","floor":33,"turns":8},{"damage":5,"enemies":"Orb Walker","floor":35,"turns":3},{"damage":8,"enemies":"3 Darklings","floor":38,"turns":3},{"damage":10,"enemies":"Maw","floor":46,"turns":8},{"damage":72,"enemies":"Giant Head","floor":48,"turns":8},{"damage":76,"enemies":"Donu and Deca","floor":50,"turns":10},{"damage":86,"enemies":"Shield and Spear","floor":54,"turns":9},{"damage":113,"enemies":"The Heart","floor":55,"turns":8}],"seed_played":"-4268486470712821709","potions_obtained":[{"floor":5,"key":"Weak Potion"},{"floor":5,"key":"Regen Potion"},{"floor":5,"key":"Explosive Potion"},{"floor":12,"key":"Dexterity Potion"},{"floor":16,"key":"GamblersBrew"}],"is_trial":false,"path_per_floor":["M","M","M","?","?","E","$","M","T","R","$","E","M","M","R","B",null,"M","?","?","$","M","R","E","R","T","E","?","M","?","M","R","B",null,"M","$","?","M","$","R","?","R","T","R","?","M","R","E","R","B",null,"R","$","E","B"],"character_chosen":"IRONCLAD","items_purchased":["Clash","Sword Boomerang","True Grit","Armaments+1","Self Forming Clay","Warcry+1","Regal Pillow","Heavy Blade+1"],"campfire_rested":2,"item_purchase_floors":[7,11,11,21,21,36,36,53],"current_hp_per_floor":[77,80,80,85,85,81,81,85,95,95,95,92,93,94,94,43,95,95,83,83,83,89,89,79,79,79,47,47,54,38,36,66,40,101,102,102,102,101,101,101,103,103,103,103,103,100,100,35,81,12,106,106,106,27,0],"gold":28,"neow_bonus":"TRANSFORM_CARD","is_prod":false,"is_daily":false,"chose_seed":false,"campfire_upgraded":8,"win_rate":0,"timestamp":1560280332,"path_taken":["M","M","M","?","?","E","$","M","T","R","$","E","M","M","R","BOSS","M","?","?","$","?","R","E","R","T","E","?","M","?","M","R","BOSS","M","$","?","?","?","R","?","R","T","R","?","M","R","E","R","BOSS","R","$","E","BOSS"],"build_version":"2019-01-23","purchased_purges":1,"victory":false,"max_hp_per_floor":[80,80,80,85,85,85,85,85,95,95,95,95,95,95,95,95,95,95,95,95,95,96,96,97,97,97,98,98,99,99,100,100,101,101,102,102,102,103,103,103,103,103,103,103,103,104,104,105,105,106,106,106,106,107,107],"card_choices":[{"not_picked":["Armaments","Intimidate"],"picked":"Anger","floor":1},{"not_picked":["Clothesline","Sword Boomerang"],"picked":"Headbutt","floor":2},{"not_picked":["Dropkick","Cleave"],"picked":"Twin Strike","floor":3},{"not_picked":["Brutality","Bludgeon"],"picked":"Flex","floor":6},{"not_picked":["Body Slam","Shockwave"],"picked":"Whirlwind","floor":8},{"not_picked":["Dual Wield","Perfected Strike"],"picked":"Shrug It Off","floor":12},{"not_picked":["Blood for Blood","Clothesline"],"picked":"Headbutt","floor":13},{"not_picked":["Entrench","Thunderclap"],"picked":"Twin Strike","floor":14},{"not_picked":["Dark Embrace","Offering"],"picked":"Double Tap","floor":16},{"not_picked":["Havoc","Body Slam"],"picked":"Sword Boomerang+1","floor":18},{"not_picked":["Cleave+1","Inflame"],"picked":"Rage","floor":19},{"not_picked":["Cleave+1","Power Through+1"],"picked":"Thunderclap+1","floor":22},{"not_picked":["Sword Boomerang","Dropkick"],"picked":"Entrench+1","floor":24},{"not_picked":["Rampage","Body Slam+1"],"picked":"Impervious+1","floor":27},{"not_picked":["Hemokinesis+1","Disarm+1"],"picked":"Pommel Strike+1","floor":29},{"not_picked":["Flame Barrier+1","Dual Wield+1"],"picked":"Rampage+1","floor":31},{"not_picked":["Feed+1","Brutality+1"],"picked":"Limit Break+1","floor":33},{"not_picked":["Havoc+1","Carnage+1"],"picked":"Inflame+1","floor":35},{"not_picked":["Feel No Pain+1","Anger+1"],"picked":"Corruption+1","floor":38},{"not_picked":["Ghostly Armor+1","Second Wind+1"],"picked":"Shrug It Off+1","floor":46},{"not_picked":["Rampage+1","Second Wind+1"],"picked":"Clothesline+1","floor":48},{"not_picked":["Thunderclap+1","Dropkick+1"],"picked":"Shrug It Off+1","floor":54}],"player_experience":100227,"relics_obtained":[{"floor":6,"key":"Bag of Preparation"},{"floor":9,"key":"Pear"},{"floor":12,"key":"Incense Burner"},{"floor":19,"key":"Ginger"},{"floor":19,"key":"Toxic Egg 2"},{"floor":24,"key":"Letter Opener"},{"floor":26,"key":"Frozen Egg 2"},{"floor":27,"key":"Omamori"},{"floor":30,"key":"Nilry\u0027s Codex"},{"floor":48,"key":"Ice Cream"},{"floor":54,"key":"Anchor"}],"event_choices":[{"damage_healed":0,"gold_gain":0,"player_choice":"Donut","damage_taken":0,"max_hp_gain":5,"max_hp_loss":0,"event_name":"Big Fish","floor":4,"gold_loss":0},{"damage_healed":0,"gold_gain":0,"player_choice":"Got Potions","damage_taken":0,"max_hp_gain":0,"max_hp_loss":0,"event_name":"Lab","floor":5,"gold_loss":0},{"damage_healed":0,"gold_gain":0,"player_choice":"Fight","damage_taken":0,"max_hp_gain":0,"max_hp_loss":0,"event_name":"Colosseum","floor":19,"gold_loss":0},{"damage_healed":0,"gold_gain":0,"player_choice":"Fought Nobs","damage_taken":0,"max_hp_gain":0,"max_hp_loss":0,"event_name":"Colosseum","floor":19,"gold_loss":0},{"damage_healed":0,"gold_gain":0,"player_choice":"Trade","damage_taken":0,"relics_obtained":["FaceOfCleric"],"max_hp_gain":0,"max_hp_loss":0,"event_name":"FaceTrader","floor":20,"gold_loss":0},{"damage_healed":0,"gold_gain":0,"player_choice":"Opened","damage_taken":0,"relics_obtained":["Molten Egg 2"],"max_hp_gain":0,"max_hp_loss":0,"event_name":"The Mausoleum","floor":28,"gold_loss":0},{"damage_healed":0,"gold_gain":0,"player_choice":"Obtained Book","damage_taken":16,"max_hp_gain":0,"max_hp_loss":0,"event_name":"Cursed Tome","floor":30,"gold_loss":0},{"damage_healed":0,"gold_gain":0,"player_choice":"Copied","damage_taken":0,"max_hp_gain":0,"max_hp_loss":0,"event_name":"Duplicator","floor":37,"gold_loss":0,"cards_obtained":["Flex"]},{"damage_healed":26,"gold_gain":0,"player_choice":"Writhe","damage_taken":0,"max_hp_gain":0,"max_hp_loss":0,"event_name":"Winding Halls","floor":41,"gold_loss":0,"cards_obtained":["Writhe"]},{"damage_healed":0,"gold_gain":0,"player_choice":"Rummage","damage_taken":0,"relics_obtained":["WarpedTongs"],"max_hp_gain":0,"max_hp_loss":0,"event_name":"Accursed Blacksmith","floor":45,"gold_loss":0,"cards_obtained":["Pain"]}],"is_beta":false,"boss_relics":[{"not_picked":["Ectoplasm","Runic Pyramid"],"picked":"Sozu"},{"not_picked":["Eternal Feather","Empty Cage"],"picked":"Lizard Tail"}],"items_purged_floors":[39],"is_endless":false,"potions_floor_spawned":[12,14,16,24,27,29,33,38,48],"killed_by":"The Heart","ascension_level":0}