{"gold_per_floor":[113,127,127,127,127,90,165,192,192,113,131,131,148,168,168,265,265,283,283,296,22,39,39,53,69,95,95,95,108,108,128,128,128],"floor_reached":33,"playtime":943,"items_purged":[],"score":397,"play_id":"e8231e71-8487-4660-89ec-aa32cf2afa57","local_time":"20190423150623","is_ascension_mode":true,"campfire_choices":[{"data":"Catalyst","floor":12,"key":"SMITH"},{"floor":15,"key":"REST"},{"data":"1","floor":23,"key":"LIFT"},{"data":"2","floor":28,"key":"LIFT"},{"data":"3","floor":30,"key":"LIFT"},{"data":"Footwork","floor":32,"key":"SMITH"}],"neow_cost":"NONE","seed_source_timestamp":413881040417515,"circlet_count":0,"master_deck":["Defend_G","Defend_G","Defend_G","Defend_G","Defend_G","Strike_G","Strike_G","Strike_G","Survivor","Neutralize","Slice","Footwork+1","Catalyst+1","Deadly Poison","Well Laid Plans","Deflect","Backstab","Corpse Explosion","Tools of the Trade","Blur","Deflect","PiercingWail","Noxious Fumes","Deadly Poison","Acrobatics+1","Die Die Die","Blade Dance","PiercingWail"],"relics":["Ring of the Snake","NeowsBlessing","Girya","Letter Opener","Coffee Dripper","Enchiridion","Ninja Scroll","Happy Flower"],"potions_floor_usage":[22,24,33,33],"damage_taken":[{"damage":0,"enemies":"2 Louse","floor":1,"turns":1},{"damage":0,"enemies":"Small Slimes","floor":2,"turns":1},{"damage":0,"enemies":"Lagavulin","floor":8,"turns":1},{"damage":11,"enemies":"Jaw Worm","floor":11,"turns":4},{"damage":16,"enemies":"3 Louse","floor":13,"turns":5},{"damage":5,"enemies":"Exordium Wildlife","floor":14,"turns":3},{"damage":23,"enemies":"The Guardian","floor":16,"turns":10},{"damage":19,"enemies":"Shell Parasite","floor":18,"turns":6},{"damage":6,"enemies":"3 Byrds","floor":20,"turns":4},{"damage":0,"enemies":"Centurion and Healer","floor":22,"turns":2},{"damage":9,"enemies":"Chosen and Byrds","floor":24,"turns":6},{"damage":3,"enemies":"Snake Plant","floor":25,"turns":5},{"damage":2,"enemies":"Cultist and Chosen","floor":29,"turns":6},{"damage":0,"enemies":"3 Cultists","floor":31,"turns":2},{"damage":25,"enemies":"Collector","floor":33,"turns":5}],"seed_played":"7429838583237752627","potions_obtained":[{"floor":2,"key":"Explosive Potion"},{"floor":8,"key":"Swift Potion"},{"floor":13,"key":"SteroidPotion"},{"floor":24,"key":"Strength Potion"},{"floor":29,"key":"Energy Potion"},{"floor":31,"key":"AttackPotion"}],"is_trial":false,"path_per_floor":["M","M","?","?","?","$","?","E","T","$","M","R","M","M","R","B",null,"M","?","M","$","M","R","M","M","T","?","R","M","R","M","R","B"],"character_chosen":"THE_SILENT","items_purchased":["Catalyst","Well Laid Plans","Ninja Scroll","PiercingWail"],"campfire_rested":1,"item_purchase_floors":[6,10,21,21],"current_hp_per_floor":[63,63,56,61,61,61,50,50,50,50,39,39,23,18,40,17,61,42,26,20,20,20,20,11,8,8,8,8,6,6,6,6,0],"gold":128,"neow_bonus":"THREE_ENEMY_KILL","is_prod":false,"is_daily":false,"chose_seed":false,"campfire_upgraded":2,"win_rate":0,"timestamp":1556049983,"path_taken":["M","M","?","?","?","?","?","E","T","$","M","R","M","M","R","BOSS","M","?","M","$","M","R","M","M","T","?","R","?","R","M","R","BOSS"],"build_version":"2019-01-23","purchased_purges":0,"victory":false,"max_hp_per_floor":[70,70,70,75,75,75,75,75,75,75,75,75,75,75,75,75,75,75,75,75,75,75,75,75,75,75,75,75,75,75,75,75,75],"card_choices":[{"not_picked":["Bane","Cloak And Dagger"],"picked":"Slice","floor":1},{"not_picked":["Underhanded Strike","Deadly Poison"],"picked":"Footwork","floor":2},{"not_picked":["Outmaneuver","Poisoned Stab"],"picked":"Deadly Poison","floor":8},{"not_picked":["Bane","Sucker Punch"],"picked":"Deflect","floor":11},{"not_picked":["Slice","Poisoned Stab"],"picked":"Backstab","floor":13},{"not_picked":["Blur","Leg Sweep"],"picked":"Corpse Explosion","floor":14},{"not_picked":["A Thousand Cuts","Grand Finale"],"picked":"Tools of the Trade","floor":16},{"not_picked":["Expertise","Heel Hook+1"],"picked":"Blur","floor":18},{"not_picked":["Calculated Gamble+1","Infinite Blades"],"picked":"Deflect","floor":20},{"not_picked":["Bane","Caltrops"],"picked":"Noxious Fumes","floor":22},{"not_picked":["Expertise","Acrobatics"],"picked":"Deadly Poison","floor":24},{"not_picked":["Finisher","Quick Slash"],"picked":"Acrobatics+1","floor":25},{"not_picked":["Underhanded Strike","Quick Slash"],"picked":"Blade Dance","floor":29},{"not_picked":["Finisher","Sucker Punch"],"picked":"PiercingWail","floor":31}],"player_experience":477898,"relics_obtained":[{"floor":8,"key":"Girya"},{"floor":9,"key":"Letter Opener"},{"floor":19,"key":"Enchiridion"},{"floor":26,"key":"Happy Flower"}],"event_choices":[{"cards_removed":["Strike_G"],"damage_healed":0,"gold_gain":0,"player_choice":"Card Removal","damage_taken":7,"max_hp_gain":0,"max_hp_loss":0,"event_name":"Golden Wing","floor":3,"gold_loss":0},{"damage_healed":0,"gold_gain":0,"player_choice":"Donut","damage_taken":0,"max_hp_gain":5,"max_hp_loss":0,"event_name":"Big Fish","floor":4,"gold_loss":0},{"damage_healed":0,"gold_gain":0,"player_choice":"Leave","damage_taken":0,"max_hp_gain":0,"max_hp_loss":0,"event_name":"The Cleric","floor":5,"gold_loss":0},{"damage_healed":0,"gold_gain":75,"player_choice":"Gather Gold","damage_taken":11,"max_hp_gain":0,"max_hp_loss":0,"event_name":"World of Goop","floor":7,"gold_loss":0},{"damage_healed":0,"gold_gain":0,"player_choice":"Obtained Book","damage_taken":16,"max_hp_gain":0,"max_hp_loss":0,"event_name":"Cursed Tome","floor":19,"gold_loss":0},{"damage_healed":0,"gold_gain":0,"cards_transformed":["Strike_G"],"player_choice":"Transformed","damage_taken":0,"max_hp_gain":0,"max_hp_loss":0,"event_name":"Transmorgrifier","floor":27,"gold_loss":0,"cards_obtained":["Die Die Die"]}],"is_beta":false,"boss_relics":[{"not_picked":["Calling Bell","Tiny House"],"picked":"Coffee Dripper"}],"items_purged_floors":[],"is_endless":false,"potions_floor_spawned":[2,8,13,24,29,31],"killed_by":"Collector","ascension_level":9}