{"gold_per_floor":[113,113,129,141,158,158,188,198,247,247,272,272,284,18,18,122,122,141,241,270,286,201,201,227,227,227,258,69,87,87,107,107,206,206,219,235,99,99,117,117,117],"floor_reached":41,"playtime":2043,"items_purged":[],"score":488,"play_id":"11e61c26-7289-4f63-98b0-4dcecf5eb403","local_time":"20190429183104","is_ascension_mode":true,"campfire_choices":[{"data":"Flex","floor":6,"key":"SMITH"},{"data":"Flex","floor":10,"key":"SMITH"},{"floor":15,"key":"REST"},{"data":"Cleave","floor":23,"key":"SMITH"},{"data":"Limit Break","floor":30,"key":"SMITH"},{"data":"Flex","floor":32,"key":"SMITH"},{"data":"Flex","floor":40,"key":"SMITH"}],"neow_cost":"NONE","seed_source_timestamp":965128654933100,"circlet_count":0,"master_deck":["Strike_R","Strike_R+1","Strike_R","Strike_R+1","Strike_R+1","Defend_R","Defend_R","Defend_R","Defend_R","Bash+1","Flex+1","Flex+1","Perfected Strike","Clash","Body Slam","Cleave+1","Iron Wave","Anger","Inflame","Flex+1","Limit Break+1","Clash","Rage","Flex+1","Perfected Strike+1","Warcry+1","Battle Trance","Flex","Thunderclap+1","Flash of Steel+1","Flex+1","Heavy Blade+1"],"relics":["Burning Blood","Whetstone","Turnip","Ornamental Fan","Juzu Bracelet","Centennial Puzzle","DollysMirror","Busted Crown","Ice Cream","Molten Egg 2","Red Mask","Vajra","Gremlin Horn","StoneCalendar","Bronze Scales","Bag of Marbles","White Beast Statue"],"potions_floor_usage":[11,11,13,19,20,24,33],"damage_taken":[{"damage":0,"enemies":"Small Slimes","floor":1,"turns":3},{"damage":0,"enemies":"2 Louse","floor":3,"turns":2},{"damage":1,"enemies":"Jaw Worm","floor":4,"turns":3},{"damage":9,"enemies":"Blue Slaver","floor":5,"turns":3},{"damage":30,"enemies":"Gremlin Nob","floor":7,"turns":4},{"damage":5,"enemies":"Looter","floor":8,"turns":3},{"damage":29,"enemies":"Lagavulin","floor":11,"turns":4},{"damage":11,"enemies":"Large Slime","floor":13,"turns":2},{"damage":10,"enemies":"Slime Boss","floor":16,"turns":9},{"damage":11,"enemies":"2 Thieves","floor":18,"turns":3},{"damage":9,"enemies":"Colosseum Slavers","floor":19,"turns":2},{"damage":3,"enemies":"Colosseum Nobs","floor":19,"turns":2},{"damage":6,"enemies":"Masked Bandits","floor":20,"turns":3},{"damage":0,"enemies":"Chosen","floor":21,"turns":3},{"damage":17,"enemies":"Slavers","floor":24,"turns":4},{"damage":26,"enemies":"Gremlin Leader","floor":27,"turns":3},{"damage":6,"enemies":"Sentry and Sphere","floor":29,"turns":3},{"damage":0,"enemies":"Snake Plant","floor":31,"turns":1},{"damage":14,"enemies":"Automaton","floor":33,"turns":5},{"damage":15,"enemies":"3 Shapes","floor":35,"turns":2},{"damage":7,"enemies":"Orb Walker","floor":36,"turns":2},{"damage":0,"enemies":"Jaw Worm Horde","floor":39,"turns":2},{"damage":91,"enemies":"Reptomancer","floor":41,"turns":2}],"seed_played":"-2499063393325714116","potions_obtained":[{"floor":1,"key":"BloodPotion"},{"floor":7,"key":"PowerPotion"},{"floor":8,"key":"Strength Potion"},{"floor":16,"key":"SkillPotion"},{"floor":19,"key":"Swift Potion"},{"floor":20,"key":"SkillPotion"},{"floor":31,"key":"SpeedPotion"},{"floor":35,"key":"FearPotion"},{"floor":36,"key":"FearPotion"},{"floor":39,"key":"GamblersBrew"}],"is_trial":false,"path_per_floor":["M","?","M","M","M","R","E","M","T","R","E","?","M","$","R","B",null,"M","?","?","M","?","R","E","?","T","E","$","M","R","M","R","B",null,"M","M","$","?","M","R","E"],"character_chosen":"IRONCLAD","items_purchased":["Inflame","DollysMirror","Bag of Marbles","Battle Trance","Flash of Steel+1","Flex"],"campfire_rested":1,"item_purchase_floors":[14,14,28,28,37,37],"current_hp_per_floor":[80,77,80,80,77,77,53,54,54,54,31,15,18,18,42,38,80,75,75,75,80,80,80,69,69,69,49,49,49,49,55,55,47,80,71,70,70,70,76,76,0],"gold":117,"neow_bonus":"RANDOM_COMMON_RELIC","is_prod":false,"is_daily":false,"chose_seed":false,"campfire_upgraded":6,"win_rate":0,"timestamp":1556580664,"path_taken":["M","?","M","M","M","R","E","M","T","R","E","?","M","$","R","BOSS","M","?","?","M","?","R","E","?","T","E","$","M","R","M","R","BOSS","M","M","$","?","M","R","E"],"build_version":"2019-01-23","purchased_purges":0,"victory":false,"max_hp_per_floor":[80,80,80,80,80,80,80,80,80,80,80,80,80,80,80,80,80,80,80,80,80,80,80,80,80,80,80,80,80,80,80,80,80,80,80,80,80,76,76,76,76],"card_choices":[{"not_picked":["Rupture","Armaments"],"picked":"Flex","floor":1},{"not_picked":["Warcry","Carnage"],"picked":"Flex","floor":3},{"not_picked":["Pommel Strike","Body Slam"],"picked":"Perfected Strike","floor":4},{"not_picked":["Rampage","Double Tap"],"picked":"Clash","floor":5},{"not_picked":["Clothesline","Corruption"],"picked":"Body Slam","floor":7},{"not_picked":["Perfected Strike","Sever Soul"],"picked":"Cleave","floor":8},{"not_picked":["Warcry","Offering"],"picked":"Iron Wave","floor":11},{"not_picked":["Second Wind","Thunderclap"],"picked":"Anger","floor":13},{"not_picked":["Impervious","Offering"],"picked":"Limit Break","floor":16},{"not_picked":[],"picked":"Clash","floor":18},{"not_picked":[],"picked":"Rage","floor":19},{"not_picked":[],"picked":"Flex","floor":20},{"not_picked":[],"picked":"Perfected Strike+1","floor":21},{"not_picked":["Rupture"],"picked":"SKIP","floor":24},{"not_picked":[],"picked":"Warcry+1","floor":27},{"not_picked":[],"picked":"Flex","floor":29},{"not_picked":["Sword Boomerang+1"],"picked":"SKIP","floor":31},{"not_picked":[],"picked":"Thunderclap+1","floor":35},{"not_picked":["Infernal Blade"],"picked":"SKIP","floor":36},{"not_picked":[],"picked":"Heavy Blade+1","floor":39}],"player_experience":67316,"relics_obtained":[{"floor":7,"key":"Ornamental Fan"},{"floor":9,"key":"Juzu Bracelet"},{"floor":11,"key":"Centennial Puzzle"},{"floor":19,"key":"Ice Cream"},{"floor":19,"key":"Molten Egg 2"},{"floor":20,"key":"Red Mask"},{"floor":24,"key":"Gremlin Horn"},{"floor":26,"key":"StoneCalendar"},{"floor":27,"key":"Bronze Scales"}],"event_choices":[{"damage_healed":0,"gold_gain":0,"player_choice":"Success","damage_taken":3,"relics_obtained":["Turnip"],"max_hp_gain":0,"max_hp_loss":0,"event_name":"Scrap Ooze","floor":2,"gold_loss":0},{"damage_healed":0,"gold_gain":0,"player_choice":"Entered Light","damage_taken":16,"max_hp_gain":0,"max_hp_loss":0,"event_name":"Shining Light","floor":12,"gold_loss":0,"cards_upgraded":["Strike_R","Bash"]},{"damage_healed":0,"gold_gain":0,"player_choice":"Fight","damage_taken":0,"max_hp_gain":0,"max_hp_loss":0,"event_name":"Colosseum","floor":19,"gold_loss":0},{"damage_healed":0,"gold_gain":0,"player_choice":"Fought Nobs","damage_taken":0,"max_hp_gain":0,"max_hp_loss":0,"event_name":"Colosseum","floor":19,"gold_loss":0},{"damage_healed":0,"gold_gain":0,"player_choice":"Fought Bandits","damage_taken":0,"max_hp_gain":0,"max_hp_loss":0,"event_name":"Masked Bandits","floor":20,"gold_loss":0},{"damage_healed":0,"gold_gain":0,"player_choice":"Obtained Relic","damage_taken":0,"relics_obtained":["Vajra"],"max_hp_gain":0,"max_hp_loss":0,"event_name":"Addict","floor":22,"gold_loss":85},{"damage_healed":0,"gold_gain":0,"player_choice":"Ignored","damage_taken":0,"max_hp_gain":0,"max_hp_loss":0,"event_name":"Ghosts","floor":25,"gold_loss":0},{"damage_healed":0,"gold_gain":0,"player_choice":"Max HP","damage_taken":0,"max_hp_gain":0,"max_hp_loss":4,"event_name":"Winding Halls","floor":38,"gold_loss":0}],"is_beta":false,"boss_relics":[{"not_picked":["Velvet Choker","Pandora\u0027s Box"],"picked":"Busted Crown"},{"not_picked":["Mark of Pain","Snecko Eye"],"picked":"White Beast Statue"}],"items_purged_floors":[],"is_endless":false,"potions_floor_spawned":[1,7,8,16,19,20,31,35,36,39],"killed_by":"Reptomancer","ascension_level":1}