{"gold_per_floor":[109,122,136,154,329,329,299,153,205,192,208,208],"floor_reached":12,"playtime":409,"items_purged":[],"score":72,"play_id":"c3833109-a6f5-4ab4-93bf-e1e8197d5652","local_time":"20190425161125","is_ascension_mode":false,"campfire_choices":[{"data":"Catalyst","floor":6,"key":"SMITH"}],"neow_cost":"NONE","seed_source_timestamp":86904600245831,"circlet_count":0,"master_deck":["Defend_G","Defend_G","Defend_G","Defend_G","Defend_G","Strike_G","Strike_G","Strike_G","Strike_G","Strike_G","Survivor","Neutralize","A Thousand Cuts","Acrobatics","Blade Dance","Noxious Fumes","Catalyst+1","Doubt","Malaise","Deadly Poison"],"relics":["Ring of the Snake","Centennial Puzzle","Happy Flower"],"potions_floor_usage":[],"damage_taken":[{"damage":0,"enemies":"Small Slimes","floor":1,"turns":4},{"damage":1,"enemies":"2 Louse","floor":2,"turns":4},{"damage":14,"enemies":"Jaw Worm","floor":3,"turns":4},{"damage":12,"enemies":"Large Slime","floor":4,"turns":6},{"damage":4,"enemies":"Looter","floor":7,"turns":4},{"damage":16,"enemies":"Exordium Thugs","floor":10,"turns":4},{"damage":11,"enemies":"2 Fungi Beasts","floor":11,"turns":5},{"damage":12,"enemies":"Exordium Wildlife","floor":12,"turns":3}],"seed_played":"4251185034631884332","potions_obtained":[{"floor":3,"key":"SmokeBomb"},{"floor":4,"key":"GamblersBrew"}],"is_trial":false,"path_per_floor":["M","M","M","M","?","R","M","$","T","M","M","M"],"character_chosen":"THE_SILENT","items_purchased":["Centennial Puzzle"],"campfire_rested":0,"item_purchase_floors":[8],"current_hp_per_floor":[70,69,55,43,43,43,39,39,39,23,12,0],"gold":208,"neow_bonus":"ONE_RANDOM_RARE_CARD","is_prod":false,"is_daily":false,"chose_seed":false,"campfire_upgraded":1,"win_rate":0,"timestamp":1556226685,"path_taken":["M","M","M","M","?","R","M","$","T","M","M","M"],"build_version":"2019-01-23","purchased_purges":0,"victory":false,"max_hp_per_floor":[70,70,70,70,70,70,70,70,70,70,70,70],"card_choices":[{"not_picked":["Underhanded Strike","Prepared"],"picked":"Acrobatics","floor":1},{"not_picked":["Sucker Punch","Accuracy"],"picked":"Blade Dance","floor":2},{"not_picked":["Poisoned Stab","Prepared"],"picked":"Noxious Fumes","floor":3},{"not_picked":["Concentrate","Dagger Throw"],"picked":"Catalyst","floor":4},{"not_picked":["Endless Agony","Flying Knee"],"picked":"Malaise","floor":7},{"not_picked":["Outmaneuver","Quick Slash"],"picked":"Deadly Poison","floor":10},{"not_picked":["Bane","Expertise","Sucker Punch"],"picked":"SKIP","floor":11}],"player_experience":506011,"relics_obtained":[{"floor":9,"key":"Happy Flower"}],"event_choices":[{"damage_healed":0,"gold_gain":175,"player_choice":"AGREE","damage_taken":0,"max_hp_gain":0,"max_hp_loss":0,"event_name":"Liars Game","floor":5,"gold_loss":0,"cards_obtained":["Doubt"]}],"is_beta":false,"boss_relics":[],"items_purged_floors":[],"is_endless":false,"potions_floor_spawned":[3,4],"killed_by":"Exordium Wildlife","ascension_level":0}