{"gold_per_floor":[111,128,23,42,57,57,90,90,139,154,154,154,154,168,168,168],"floor_reached":16,"playtime":1021,"items_purged":[],"score":204,"play_id":"bf2af4ef-2bbe-4444-af89-fb432e10c9e4","local_time":"20190504054006","is_ascension_mode":true,"campfire_choices":[{"floor":6,"key":"REST"},{"data":"Bandage Up","floor":8,"key":"SMITH"},{"data":"Crippling Poison","floor":11,"key":"SMITH"},{"floor":13,"key":"REST"},{"data":"Concentrate","floor":15,"key":"SMITH"}],"neow_cost":"PERCENT_DAMAGE","seed_source_timestamp":19183125624567,"circlet_count":0,"master_deck":["AscendersBane","Defend_G","Defend_G","Defend_G","Defend_G","Defend_G","Strike_G","Strike_G","Strike_G","Strike_G","Survivor","Neutralize","Blur","Crippling Poison+1","Bandage Up+1","Concentrate+1"],"relics":["Ring of the Snake","Dead Branch","Darkstone Periapt","Oddly Smooth Stone"],"potions_floor_usage":[5],"damage_taken":[{"damage":6,"enemies":"Cultist","floor":1,"turns":4},{"damage":0,"enemies":"Jaw Worm","floor":2,"turns":4},{"damage":0,"enemies":"Small Slimes","floor":4,"turns":3},{"damage":6,"enemies":"Red Slaver","floor":5,"turns":5},{"damage":32,"enemies":"3 Sentries","floor":7,"turns":9},{"damage":3,"enemies":"Blue Slaver","floor":10,"turns":6},{"damage":0,"enemies":"2 Fungi Beasts","floor":14,"turns":4},{"damage":72,"enemies":"Slime Boss","floor":16,"turns":12}],"seed_played":"1755261682108070665","potions_obtained":[{"floor":1,"key":"SkillPotion"},{"floor":4,"key":"FearPotion"},{"floor":10,"key":"LiquidBronze"},{"floor":14,"key":"Fire Potion"}],"is_trial":false,"path_per_floor":["M","M","$","M","M","R","E","R","T","M","R","?","R","M","R","B"],"character_chosen":"THE_SILENT","items_purchased":["Bandage Up"],"campfire_rested":2,"item_purchase_floors":[3],"current_hp_per_floor":[38,38,38,42,40,59,31,31,31,34,34,34,53,59,59,0],"gold":168,"neow_bonus":"ONE_RARE_RELIC","is_prod":false,"is_daily":false,"chose_seed":false,"campfire_upgraded":3,"win_rate":0,"timestamp":1556937606,"path_taken":["M","M","$","M","M","R","E","R","T","?","R","?","R","M","R","BOSS"],"build_version":"2019-01-23","purchased_purges":0,"victory":false,"max_hp_per_floor":[66,66,66,66,66,66,66,66,66,66,66,66,66,66,66,66],"card_choices":[{"not_picked":["Acrobatics","Flying Knee"],"picked":"Blur","floor":1},{"not_picked":["Deflect","Sucker Punch"],"picked":"Crippling Poison","floor":2},{"not_picked":["Dagger Throw","Poisoned Stab","All Out Attack"],"picked":"SKIP","floor":4},{"not_picked":["Backflip","Dagger Throw","Slice"],"picked":"SKIP","floor":5},{"not_picked":["Riddle With Holes","Caltrops","Flying Knee"],"picked":"SKIP","floor":7},{"not_picked":["Deflect","Outmaneuver","Prepared"],"picked":"SKIP","floor":10},{"not_picked":["Reflex","Quick Slash"],"picked":"Concentrate","floor":14}],"player_experience":1092425,"relics_obtained":[{"floor":7,"key":"Darkstone Periapt"},{"floor":9,"key":"Oddly Smooth Stone"}],"event_choices":[{"cards_removed":["Strike_G"],"damage_healed":0,"gold_gain":0,"player_choice":"Purged","damage_taken":0,"max_hp_gain":0,"max_hp_loss":0,"event_name":"Purifier","floor":12,"gold_loss":0}],"is_beta":false,"boss_relics":[],"items_purged_floors":[],"is_endless":false,"potions_floor_spawned":[1,4,10,14],"killed_by":"Slime Boss","ascension_level":20}