{"gold_per_floor":[118,43,54,64,75,75,106,106,132,132,152,152,152,152,152,224,224,224,224,224,224,224,224,224,224,224,224,224,224,224,224,224,224],"floor_reached":33,"playtime":3611,"items_purged":[],"score":478,"play_id":"d34d5805-4e20-487d-9bad-fb902b43b8e1","local_time":"20190305031545","is_ascension_mode":true,"campfire_choices":[{"data":"Dagger Spray","floor":6,"key":"SMITH"},{"data":"Skewer","floor":8,"key":"SMITH"},{"floor":12,"key":"REST"},{"floor":15,"key":"REST"},{"floor":23,"key":"REST"},{"floor":29,"key":"REST"},{"floor":32,"key":"REST"}],"neow_cost":"TEN_PERCENT_HP_LOSS","seed_source_timestamp":29942612729210,"circlet_count":0,"master_deck":["AscendersBane","Defend_G","Defend_G","Defend_G","Defend_G","Defend_G","Strike_G","Survivor","Neutralize","Dagger Spray+1","Flying Knee","Leg Sweep","Skewer+1","Concentrate","Malaise","Backflip+1","Dodge and Roll+1","Decay","Dagger Throw","Escape Plan+1"],"relics":["Ring of the Snake","Dream Catcher","Happy Flower","Vajra","Ectoplasm","Pantograph","Juzu Bracelet"],"potions_floor_usage":[7,7,16],"damage_taken":[{"damage":0,"enemies":"2 Louse","floor":1,"turns":5},{"damage":4,"enemies":"Small Slimes","floor":3,"turns":5},{"damage":3,"enemies":"Cultist","floor":4,"turns":5},{"damage":7,"enemies":"3 Louse","floor":5,"turns":3},{"damage":12,"enemies":"Lagavulin","floor":7,"turns":6},{"damage":4,"enemies":"Large Slime","floor":11,"turns":5},{"damage":30,"enemies":"Slime Boss","floor":16,"turns":10},{"damage":9,"enemies":"Shell Parasite","floor":18,"turns":6},{"damage":16,"enemies":"3 Byrds","floor":20,"turns":8},{"damage":17,"enemies":"Colosseum Slavers","floor":22,"turns":6},{"damage":11,"enemies":"3 Cultists","floor":27,"turns":7},{"damage":29,"enemies":"Centurion and Healer","floor":30,"turns":9},{"damage":4,"enemies":"Shelled Parasite and Fungi","floor":31,"turns":8},{"damage":59,"enemies":"Automaton","floor":33,"turns":8}],"seed_played":"-3282848325899574455","potions_obtained":[{"floor":4,"key":"PowerPotion"},{"floor":5,"key":"FearPotion"},{"floor":7,"key":"Poison Potion"},{"floor":18,"key":"Ancient Potion"}],"is_trial":false,"path_per_floor":["M","?","M","M","M","R","E","R","T","?","M","R","$","?","R","B",null,"M","$","M","?","?","R","?","T","T","M","?","R","M","M","R","B"],"character_chosen":"THE_SILENT","items_purchased":[],"campfire_rested":5,"item_purchase_floors":[],"current_hp_per_floor":[59,59,55,52,45,45,33,33,33,15,11,29,29,29,47,17,49,40,40,24,24,7,25,25,25,25,14,26,44,15,11,29,0],"gold":224,"neow_bonus":"REMOVE_TWO","is_prod":false,"is_daily":false,"chose_seed":false,"campfire_upgraded":2,"win_rate":0,"timestamp":1551744945,"path_taken":["M","?","M","M","M","R","E","R","T","?","M","R","$","?","R","BOSS","M","$","M","?","?","R","?","?","T","M","?","R","M","M","R","BOSS"],"build_version":"2019-01-23","purchased_purges":0,"victory":false,"max_hp_per_floor":[60,60,60,60,60,60,60,60,60,60,60,60,60,60,60,60,60,60,60,60,60,60,60,60,60,60,60,60,60,60,60,60,60],"card_choices":[{"not_picked":["Blade Dance","Acrobatics"],"picked":"Dagger Spray","floor":1},{"not_picked":["Distraction","Poisoned Stab","Endless Agony"],"picked":"SKIP","floor":3},{"not_picked":["Choke","Calculated Gamble"],"picked":"Flying Knee","floor":4},{"not_picked":["Dodge and Roll","Well Laid Plans"],"picked":"Leg Sweep","floor":5},{"not_picked":["Blade Dance","Flying Knee"],"picked":"Skewer","floor":7},{"not_picked":["Distraction","Dodge and Roll","Outmaneuver"],"picked":"SKIP","floor":11},{"not_picked":["Flying Knee","Burst"],"picked":"Concentrate","floor":15},{"not_picked":["Storm of Steel","Envenom"],"picked":"Malaise","floor":16},{"not_picked":["Outmaneuver","Acrobatics"],"picked":"Backflip+1","floor":18},{"not_picked":["Poisoned Stab","Finisher","Cloak And Dagger"],"picked":"SKIP","floor":20},{"not_picked":["Underhanded Strike","Acrobatics"],"picked":"Dodge and Roll+1","floor":23},{"not_picked":["Dodge and Roll","Flying Knee","Acrobatics"],"picked":"SKIP","floor":27},{"not_picked":["Dagger Spray","Outmaneuver"],"picked":"Dagger Throw","floor":30},{"not_picked":["Infinite Blades","Deflect","Bane"],"picked":"SKIP","floor":31},{"not_picked":["Underhanded Strike","Well Laid Plans"],"picked":"Escape Plan+1","floor":32}],"player_experience":1004684,"relics_obtained":[{"floor":7,"key":"Dream Catcher"},{"floor":9,"key":"Happy Flower"},{"floor":25,"key":"Pantograph"},{"floor":26,"key":"Juzu Bracelet"}],"event_choices":[{"cards_removed":["Strike_G"],"damage_healed":0,"gold_gain":0,"player_choice":"Card Removal","damage_taken":0,"max_hp_gain":0,"max_hp_loss":0,"event_name":"The Cleric","floor":2,"gold_loss":75},{"damage_healed":0,"gold_gain":0,"player_choice":"Success","damage_taken":18,"relics_obtained":["Vajra"],"max_hp_gain":0,"max_hp_loss":0,"event_name":"Scrap Ooze","floor":10,"gold_loss":0},{"cards_removed":["Strike_G"],"damage_healed":0,"gold_gain":0,"player_choice":"Purged","damage_taken":0,"max_hp_gain":0,"max_hp_loss":0,"event_name":"Purifier","floor":14,"gold_loss":0},{"damage_healed":0,"gold_gain":0,"player_choice":"Ignored","damage_taken":0,"max_hp_gain":0,"max_hp_loss":0,"event_name":"The Mausoleum","floor":21,"gold_loss":0},{"damage_healed":0,"gold_gain":0,"player_choice":"Fight","damage_taken":0,"max_hp_gain":0,"max_hp_loss":0,"event_name":"Colosseum","floor":22,"gold_loss":0},{"damage_healed":0,"gold_gain":0,"player_choice":"Fled From Nobs","damage_taken":0,"max_hp_gain":0,"max_hp_loss":0,"event_name":"Colosseum","floor":22,"gold_loss":0},{"damage_healed":0,"gold_gain":0,"player_choice":"Smashed Altar","damage_taken":0,"max_hp_gain":0,"max_hp_loss":0,"event_name":"Forgotten Altar","floor":24,"gold_loss":0,"cards_obtained":["Decay"]},{"damage_healed":12,"gold_gain":0,"player_choice":"Heal","damage_taken":0,"max_hp_gain":0,"max_hp_loss":0,"event_name":"The Library","floor":28,"gold_loss":0}],"is_beta":false,"boss_relics":[{"not_picked":["Black Star","Pandora\u0027s Box"],"picked":"Ectoplasm"}],"items_purged_floors":[],"is_endless":false,"potions_floor_spawned":[4,5,7,18,22],"killed_by":"Automaton","ascension_level":19}