{"gold_per_floor":[109,109,184,11,11,11,11,11,36,36,55,70,70,100,100,177,177,131,131,148,33,46,46,46],"floor_reached":24,"playtime":1531,"items_purged":["Regret"],"score":389,"play_id":"14f829ab-121d-4f10-8059-81e1747a9f6a","local_time":"20190504051814","is_ascension_mode":true,"campfire_choices":[{"data":"Noxious Fumes","floor":6,"key":"SMITH"},{"floor":8,"key":"REST"},{"floor":10,"key":"REST"},{"data":"Blur","floor":13,"key":"SMITH"},{"data":"Blur","floor":15,"key":"SMITH"},{"data":"Footwork","floor":23,"key":"SMITH"}],"neow_cost":"NONE","seed_source_timestamp":17362468187719,"circlet_count":0,"master_deck":["AscendersBane","Defend_G","Defend_G","Defend_G","Defend_G","Defend_G","Survivor","Neutralize","Well Laid Plans+1","Blur+1","Escape Plan","Backstab","Dagger Spray","Blur+1","Noxious Fumes+1","Blur+1","Backflip","Escape Plan","Bullet Time","Bite","Bite","Bite","Bite","Bite","Footwork+1","Crippling Poison"],"relics":["Orrery","Boot","Tiny Chest","Sozu"],"potions_floor_usage":[],"damage_taken":[{"damage":4,"enemies":"Jaw Worm","floor":1,"turns":4},{"damage":4,"enemies":"2 Louse","floor":11,"turns":3},{"damage":0,"enemies":"Small Slimes","floor":12,"turns":3},{"damage":22,"enemies":"The Guardian","floor":16,"turns":13},{"damage":14,"enemies":"2 Thieves","floor":18,"turns":5},{"damage":13,"enemies":"Shell Parasite","floor":20,"turns":7},{"damage":13,"enemies":"Centurion and Healer","floor":22,"turns":11},{"damage":50,"enemies":"Book of Stabbing","floor":24,"turns":7}],"seed_played":"-2979770531531945651","potions_obtained":[{"floor":1,"key":"SteroidPotion"},{"floor":16,"key":"Explosive Potion"}],"is_trial":false,"path_per_floor":["M","?","?","$","?","R","$","R","T","R","M","M","R","?","R","B",null,"M","?","M","$","M","R","E"],"character_chosen":"THE_SILENT","items_purchased":["Noxious Fumes","Blur","Footwork"],"campfire_rested":2,"item_purchase_floors":[4,4,21],"current_hp_per_floor":[55,35,24,24,24,24,24,43,43,62,58,58,58,58,58,36,59,45,45,46,46,46,46,0],"gold":46,"neow_bonus":"BOSS_RELIC","is_prod":false,"is_daily":false,"chose_seed":false,"campfire_upgraded":4,"win_rate":0,"timestamp":1556936294,"path_taken":["M","?","?","$","?","R","?","R","T","R","M","M","R","?","R","BOSS","M","?","M","$","M","R","E"],"build_version":"2019-01-23","purchased_purges":1,"victory":false,"max_hp_per_floor":[66,66,66,66,66,66,66,66,66,66,66,66,66,66,66,66,66,66,46,46,46,46,46,46],"card_choices":[{"not_picked":["Setup","Dagger Spray"],"picked":"Well Laid Plans","floor":0},{"not_picked":["Quick Slash","Deflect"],"picked":"Blur","floor":0},{"not_picked":["Phantasmal Killer","Masterful Stab"],"picked":"Escape Plan","floor":0},{"not_picked":["Blade Dance","Masterful Stab"],"picked":"Backstab","floor":0},{"not_picked":["Quick Slash","Riddle With Holes"],"picked":"Dagger Spray","floor":0},{"not_picked":["PiercingWail","Catalyst"],"picked":"Blur","floor":1},{"not_picked":["Concentrate","Masterful Stab"],"picked":"Backflip","floor":11},{"not_picked":["Flying Knee","Deflect"],"picked":"Escape Plan","floor":12},{"not_picked":["Corpse Explosion","After Image"],"picked":"Bullet Time","floor":16},{"not_picked":["Setup","Blade Dance","Flying Knee"],"picked":"SKIP","floor":18},{"not_picked":["Sucker Punch","Acrobatics","Flying Knee"],"picked":"SKIP","floor":20},{"not_picked":["Underhanded Strike","Bane"],"picked":"Crippling Poison","floor":22}],"player_experience":1090894,"relics_obtained":[{"floor":9,"key":"Boot"}],"event_choices":[{"damage_healed":0,"gold_gain":0,"player_choice":"Entered Light","damage_taken":20,"max_hp_gain":0,"max_hp_loss":0,"event_name":"Shining Light","floor":2,"gold_loss":0,"cards_upgraded":["Well Laid Plans","Blur"]},{"damage_healed":0,"gold_gain":75,"player_choice":"Gather Gold","damage_taken":11,"max_hp_gain":0,"max_hp_loss":0,"event_name":"World of Goop","floor":3,"gold_loss":0},{"damage_healed":0,"gold_gain":0,"player_choice":"Ignored","damage_taken":0,"max_hp_gain":0,"max_hp_loss":0,"event_name":"Liars Game","floor":5,"gold_loss":0},{"damage_healed":0,"gold_gain":0,"player_choice":"Box","damage_taken":0,"relics_obtained":["Tiny Chest"],"max_hp_gain":0,"max_hp_loss":0,"event_name":"Big Fish","floor":14,"gold_loss":0,"cards_obtained":["Regret"]},{"damage_healed":0,"gold_gain":0,"player_choice":"Became a vampire","damage_taken":0,"max_hp_gain":0,"max_hp_loss":20,"event_name":"Vampires","floor":19,"gold_loss":0,"cards_obtained":["Bite","Bite","Bite","Bite","Bite"]}],"is_beta":false,"boss_relics":[{"not_picked":["White Beast Statue","Eternal Feather"],"picked":"Sozu"}],"items_purged_floors":[21],"is_endless":false,"potions_floor_spawned":[1,16,20],"killed_by":"Book of Stabbing","ascension_level":20}