{"gold_per_floor":[113,133,151,165,184,184,217,233,287,298,314,331,37,65,65,166,166,181,195,195,295,295],"floor_reached":22,"playtime":3078,"items_purged":["Defend_G"],"score":227,"play_id":"fd350690-ca83-4e43-86df-fd1f2534cdd2","local_time":"20190607211054","is_ascension_mode":false,"campfire_choices":[{"data":"Bouncing Flask","floor":6,"key":"SMITH"},{"floor":15,"key":"REST"}],"neow_cost":"NONE","seed_source_timestamp":2280726576431298,"circlet_count":0,"master_deck":["Defend_G","Defend_G","Defend_G","Defend_G","Strike_G","Strike_G","Strike_G","Strike_G","Strike_G","Survivor","Neutralize","Dagger Spray","Backstab","Bouncing Flask+1","Terror","Flying Knee","Glass Knife","Backflip","Flying Knee","Well Laid Plans","Backflip","Burst","Infinite Blades","Tactician","Die Die Die","Dash+1","Crippling Poison","RitualDagger"],"relics":["Ring of the Snake","NeowsBlessing","Pen Nib","Lantern","Letter Opener","HoveringKite"],"potions_floor_usage":[],"damage_taken":[{"damage":0,"enemies":"Cultist","floor":1,"turns":1},{"damage":0,"enemies":"Jaw Worm","floor":2,"turns":1},{"damage":0,"enemies":"Small Slimes","floor":3,"turns":1},{"damage":0,"enemies":"Exordium Wildlife","floor":4,"turns":3},{"damage":0,"enemies":"Looter","floor":5,"turns":3},{"damage":26,"enemies":"3 Sentries","floor":7,"turns":7},{"damage":4,"enemies":"2 Fungi Beasts","floor":8,"turns":2},{"damage":0,"enemies":"3 Louse","floor":10,"turns":2},{"damage":0,"enemies":"Blue Slaver","floor":11,"turns":2},{"damage":0,"enemies":"Exordium Wildlife","floor":12,"turns":2},{"damage":0,"enemies":"Gremlin Nob","floor":14,"turns":2},{"damage":19,"enemies":"Slime Boss","floor":16,"turns":9},{"damage":32,"enemies":"3 Byrds","floor":18,"turns":5},{"damage":19,"enemies":"2 Thieves","floor":19,"turns":4},{"damage":17,"enemies":"Snecko","floor":22,"turns":3}],"seed_played":"2204501699808266038","potions_obtained":[{"floor":1,"key":"Weak Potion"},{"floor":3,"key":"AttackPotion"},{"floor":5,"key":"AttackPotion"},{"floor":7,"key":"Swift Potion"},{"floor":10,"key":"PowerPotion"},{"floor":12,"key":"SkillPotion"}],"is_trial":false,"path_per_floor":["M","M","M","M","M","R","E","M","T","M","M","M","$","E","R","B",null,"M","M","?","?","M"],"character_chosen":"THE_SILENT","items_purchased":["Burst","Infinite Blades"],"campfire_rested":1,"item_purchase_floors":[13,13],"current_hp_per_floor":[70,70,70,70,70,70,44,40,40,40,40,40,40,40,61,42,70,38,19,13,13,0],"gold":295,"neow_bonus":"THREE_ENEMY_KILL","is_prod":false,"is_daily":false,"chose_seed":false,"campfire_upgraded":1,"win_rate":0.0,"timestamp":1559967054,"path_taken":["M","M","M","M","M","R","E","M","T","M","M","M","$","E","R","BOSS","M","M","?","?","M"],"build_version":"2019-01-23","purchased_purges":1,"victory":false,"max_hp_per_floor":[70,70,70,70,70,70,70,70,70,70,70,70,70,70,70,70,70,70,70,70,70,70],"card_choices":[{"not_picked":["Calculated Gamble","Tactician"],"picked":"Dagger Spray","floor":1},{"not_picked":["Blade Dance","Dash"],"picked":"Backstab","floor":2},{"not_picked":["Deadly Poison","Blur"],"picked":"Bouncing Flask","floor":3},{"not_picked":["Backflip","Deflect"],"picked":"Terror","floor":4},{"not_picked":["Acrobatics","Quick Slash"],"picked":"Flying Knee","floor":5},{"not_picked":["Slice","Flying Knee"],"picked":"Glass Knife","floor":7},{"not_picked":["Endless Agony","Leg Sweep"],"picked":"Backflip","floor":8},{"not_picked":["Outmaneuver","Underhanded Strike"],"picked":"Flying Knee","floor":10},{"not_picked":["Choke","Outmaneuver"],"picked":"Well Laid Plans","floor":11},{"not_picked":["Deflect","Slice"],"picked":"Backflip","floor":12},{"not_picked":["Flying Knee","Slice"],"picked":"Tactician","floor":14},{"not_picked":["A Thousand Cuts","Wraith Form v2"],"picked":"Die Die Die","floor":16},{"not_picked":["Underhanded Strike","Distraction"],"picked":"Dash+1","floor":18},{"not_picked":["PiercingWail","Quick Slash"],"picked":"Crippling Poison","floor":19}],"player_experience":20068,"relics_obtained":[{"floor":7,"key":"Pen Nib"},{"floor":9,"key":"Lantern"},{"floor":14,"key":"Letter Opener"}],"event_choices":[{"damage_healed":0,"gold_gain":0,"player_choice":"Joined the Cult","damage_taken":6,"max_hp_gain":0,"max_hp_loss":0,"event_name":"Nest","floor":20,"gold_loss":0,"cards_obtained":["RitualDagger"]},{"damage_healed":0,"gold_gain":100,"player_choice":"Pray","damage_taken":0,"max_hp_gain":0,"max_hp_loss":0,"event_name":"Golden Shrine","floor":21,"gold_loss":0}],"is_beta":false,"boss_relics":[{"not_picked":["Runic Dome","Sozu"],"picked":"HoveringKite"}],"items_purged_floors":[13],"is_endless":false,"potions_floor_spawned":[1,3,5,7,10,12,16],"killed_by":"Snecko","ascension_level":0}