{"gold_per_floor":[112,74,88,98,145,145,171,183,206,206,224,95,95],"floor_reached":13,"playtime":815,"items_purged":["Strike_B"],"score":170,"play_id":"075ead25-e94d-4e0d-97f8-a7582c9b5916","local_time":"20190509005323","is_ascension_mode":true,"campfire_choices":[{"floor":6,"key":"REST"},{"floor":10,"key":"REST"}],"neow_cost":"NONE","seed_source_timestamp":4576440188966,"circlet_count":0,"master_deck":["AscendersBane","Strike_B","Strike_B","Strike_B","Defend_B","Defend_B","Defend_B","Defend_B","Zap","Dualcast","Self Repair","Steam","Capacitor","Conserve Battery","Cold Snap","Capacitor"],"relics":["Black Star","Boot","Pen Nib","Smiling Mask","Ancient Tea Set"],"potions_floor_usage":[],"damage_taken":[{"damage":12,"enemies":"Small Slimes","floor":1,"turns":4},{"damage":26,"enemies":"Jaw Worm","floor":3,"turns":5},{"damage":1,"enemies":"Cultist","floor":4,"turns":4},{"damage":59,"enemies":"Gremlin Nob","floor":7,"turns":6},{"damage":3,"enemies":"Looter","floor":8,"turns":4},{"damage":1,"enemies":"Exordium Wildlife","floor":11,"turns":4},{"damage":41,"enemies":"3 Sentries","floor":13,"turns":6}],"seed_played":"-4358828805602925797","potions_obtained":[{"floor":1,"key":"SpeedPotion"},{"floor":3,"key":"Weak Potion"}],"is_trial":false,"path_per_floor":["M","?","M","M","T","R","E","M","T","R","M","$","E"],"character_chosen":"DEFECT","items_purchased":["Capacitor"],"campfire_rested":2,"item_purchase_floors":[12],"current_hp_per_floor":[52,52,33,39,39,60,8,5,5,26,32,32,0],"gold":95,"neow_bonus":"BOSS_RELIC","is_prod":false,"is_daily":false,"chose_seed":false,"campfire_upgraded":0,"win_rate":0,"timestamp":1557352403,"path_taken":["M","?","M","M","?","R","E","M","T","R","M","$","E"],"build_version":"2019-01-23","purchased_purges":1,"victory":false,"max_hp_per_floor":[71,71,71,71,71,71,71,71,71,71,71,71,71],"card_choices":[{"not_picked":["Cold Snap","Skim"],"picked":"Self Repair","floor":1},{"not_picked":["Fusion","Sunder"],"picked":"Steam","floor":3},{"not_picked":["Undo","Steam"],"picked":"Capacitor","floor":4},{"not_picked":["Beam Cell","Compile Driver"],"picked":"Conserve Battery","floor":7},{"not_picked":["Streamline","Reinforced Body"],"picked":"Cold Snap","floor":8},{"not_picked":["Beam Cell","Doom and Gloom","Compile Driver"],"picked":"SKIP","floor":11}],"player_experience":1106933,"relics_obtained":[{"floor":5,"key":"Boot"},{"floor":7,"key":"Pen Nib"},{"floor":7,"key":"Smiling Mask"},{"floor":9,"key":"Ancient Tea Set"}],"event_choices":[{"damage_healed":0,"gold_gain":0,"player_choice":"Left Gold","damage_taken":0,"max_hp_gain":0,"max_hp_loss":0,"event_name":"World of Goop","floor":2,"gold_loss":38}],"is_beta":false,"boss_relics":[],"items_purged_floors":[12],"is_endless":false,"potions_floor_spawned":[1,3,7],"killed_by":"3 Sentries","ascension_level":20}