{"gold_per_floor":[114,124,199,214,214,214,243,243,243,243,95,107,107],"floor_reached":13,"playtime":417,"items_purged":["Strike_G"],"score":104,"play_id":"01cd840a-d4e0-4216-91c1-ea2f2d37c2d5","local_time":"20190603201035","is_ascension_mode":true,"campfire_choices":[{"floor":6.0,"key":"REST"},{"floor":8,"key":"REST"},{"floor":10,"key":"REST"}],"neow_cost":"CURSE","seed_source_timestamp":1317205382222400,"circlet_count":0,"master_deck":["Defend_G","Defend_G","Defend_G","Defend_G","Defend_G","Strike_G","Strike_G","Survivor","Neutralize","Shame","Night Terror","Tools of the Trade","Dagger Spray","Dagger Spray","PiercingWail","Deflect","Accuracy"],"special_seed":0,"relics":["Ring of the Snake","Omamori","Ninja Scroll"],"potions_floor_usage":[7],"damage_taken":[{"damage":18.0,"enemies":"Jaw Worm","floor":1.0,"turns":9.0},{"damage":3.0,"enemies":"Small Slimes","floor":2.0,"turns":5.0},{"damage":1.0,"enemies":"2 Louse","floor":4.0,"turns":2.0},{"damage":55,"enemies":"Gremlin Nob","floor":7,"turns":6},{"damage":18,"enemies":"Exordium Thugs","floor":12,"turns":6},{"damage":25,"enemies":"Exordium Wildlife","floor":13,"turns":6}],"seed_played":"9064729170976733369","potions_obtained":[{"floor":1.0,"key":"FearPotion"},{"floor":7,"key":"Weak Potion"}],"is_trial":false,"path_per_floor":["M","M","?","M","?","R","E","R","T","R","$","M","M"],"character_chosen":"THE_SILENT","items_purchased":["Accuracy"],"campfire_rested":3,"item_purchase_floors":[11],"current_hp_per_floor":[52,49,38,37,37,58,3,24,24,45,45,27,2],"gold":107,"neow_bonus":"TRANSFORM_TWO_CARDS","is_prod":false,"is_daily":false,"chose_seed":false,"campfire_upgraded":0,"win_rate":0,"timestamp":1559610635,"path_taken":["M","M","?","M","?","R","E","R","T","R","$","M","M"],"build_version":"2019-01-23","purchased_purges":1,"victory":false,"max_hp_per_floor":[70,70,70,70,70,70,70,70,70,70,70,70,70],"card_choices":[{"not_picked":["Prepared","Backflip"],"picked":"Dagger Spray","floor":1.0},{"not_picked":["All Out Attack","Underhanded Strike"],"picked":"Dagger Spray","floor":2.0},{"not_picked":["Choke","Setup"],"picked":"PiercingWail","floor":4.0},{"not_picked":["Acrobatics","Glass Knife"],"picked":"Deflect","floor":7},{"not_picked":["Bane","Outmaneuver","Riddle With Holes"],"picked":"SKIP","floor":12}],"player_experience":280546,"relics_obtained":[{"floor":7,"key":"Omamori"},{"floor":9,"key":"Ninja Scroll"}],"event_choices":[{"damage_healed":0.0,"max_hp_gain":0.0,"max_hp_loss":0.0,"gold_gain":75.0,"event_name":"World of Goop","player_choice":"Gather Gold","floor":3.0,"gold_loss":0.0,"damage_taken":11.0},{"damage_healed":0.0,"max_hp_gain":0.0,"max_hp_loss":0.0,"gold_gain":0.0,"event_name":"Liars Game","player_choice":"Ignored","floor":5.0,"gold_loss":0.0,"damage_taken":0.0}],"is_beta":false,"boss_relics":[],"items_purged_floors":[11],"is_endless":false,"potions_floor_spawned":[1,7],"killed_by":"Exordium Wildlife","ascension_level":5}