{"gold_per_floor":[113,113,113,131,131,163,182,207,207,177],"floor_reached":10,"playtime":570,"items_purged":[],"score":177,"play_id":"ec30d35b-317d-4d04-a155-3a85b30dd828","local_time":"20181126003325","is_ascension_mode":true,"campfire_choices":[],"neow_cost":"NONE","seed_source_timestamp":31109868146115,"circlet_count":0,"master_deck":["AscendersBane","Strike_B","Strike_B","Strike_B+1","Strike_B+1","Defend_B","Defend_B","Defend_B","Defend_B","Zap","Dualcast","BootSequence","Cold Snap","Reboot"],"relics":["Cracked Core","NeowsBlessing","Blue Candle","Singing Bowl","Whetstone","Frozen Egg 2"],"potions_floor_usage":[10,10],"damage_taken":[{"damage":0,"enemies":"Jaw Worm","floor":1,"turns":1},{"damage":0,"enemies":"Cultist","floor":4,"turns":1},{"damage":0,"enemies":"Lagavulin","floor":6,"turns":1},{"damage":0,"enemies":"Small Slimes","floor":7,"turns":3},{"damage":62,"enemies":"Gremlin Nob","floor":8,"turns":6},{"damage":4,"enemies":"Exordium Thugs","floor":10,"turns":2}],"seed_played":"6793030107348847420","potions_obtained":[{"floor":1,"key":"FearPotion"},{"floor":6,"key":"GamblersBrew"},{"floor":8,"key":"PowerPotion"}],"is_trial":false,"path_per_floor":["M","$","?","M","?","E","M","E","T","M"],"character_chosen":"DEFECT","items_purchased":[],"campfire_rested":0,"item_purchase_floors":[],"current_hp_per_floor":[64,64,64,64,64,66,66,4,4,0],"gold":177,"neow_bonus":"THREE_ENEMY_KILL","is_prod":false,"is_daily":false,"chose_seed":false,"campfire_upgraded":0,"win_rate":0,"timestamp":1543181605,"path_taken":["M","$","?","?","?","E","M","E","T","M"],"build_version":"2018-11-15","purchased_purges":0,"victory":false,"max_hp_per_floor":[71,71,71,71,71,73,73,73,73,73],"card_choices":[{"not_picked":["Storm","Auto Shields"],"picked":"BootSequence","floor":1},{"not_picked":["Compile Driver","Reprogram","Hologram"],"picked":"SKIP","floor":4},{"not_picked":["Hologram","Reprogram","Conserve Battery"],"picked":"Singing Bowl","floor":6},{"not_picked":["Go for the Eyes","Fusion"],"picked":"Cold Snap","floor":7},{"not_picked":["Rebound","Redo"],"picked":"Reboot","floor":8}],"player_experience":741416,"relics_obtained":[{"floor":6,"key":"Singing Bowl"},{"floor":8,"key":"Whetstone"},{"floor":9,"key":"Frozen Egg 2"}],"event_choices":[{"damage_healed":0,"gold_gain":0,"player_choice":"Gave Potion","damage_taken":0,"relics_obtained":["Blue Candle"],"max_hp_gain":0,"max_hp_loss":0,"event_name":"WeMeetAgain","floor":3,"gold_loss":0},{"damage_healed":0,"gold_gain":0,"player_choice":"0 cards matched","damage_taken":0,"max_hp_gain":0,"max_hp_loss":0,"event_name":"Match and Keep!","floor":5,"gold_loss":0,"cards_obtained":[]}],"is_beta":false,"boss_relics":[],"items_purged_floors":[],"is_endless":false,"potions_floor_spawned":[1,6,8],"killed_by":"Exordium Thugs","ascension_level":15}