{"gold_per_floor":[118,118,131,143,143,143,171,171,196,196,214,245,204,218,218,218],"floor_reached":16,"playtime":2393,"items_purged":[],"score":204,"play_id":"da756b0a-b213-42d3-84be-7b88d5b8ce29","local_time":"20181203163346","is_ascension_mode":true,"campfire_choices":[{"data":"Dash","floor":6.0,"key":"SMITH"},{"floor":10.0,"key":"REST"},{"floor":15.0,"key":"REST"}],"neow_cost":"NONE","seed_source_timestamp":0,"circlet_count":0,"master_deck":["AscendersBane","Defend_G+1","Defend_G","Defend_G","Defend_G","Defend_G+1","Strike_G","Strike_G","Strike_G","Strike_G","Strike_G","Survivor","Neutralize","Dagger Spray","Dash+1","Finisher","Infinite Blades"],"special_seed":0,"relics":["Ring of the Snake","Potion Belt","Kunai","Gambling Chip","Golden Idol","War Paint","Art of War"],"potions_floor_usage":[],"damage_taken":[{"damage":4.0,"enemies":"Small Slimes","floor":1.0,"turns":4.0},{"damage":11.0,"enemies":"Cultist","floor":3.0,"turns":4.0},{"damage":1.0,"enemies":"Jaw Worm","floor":4.0,"turns":5.0},{"damage":16.0,"enemies":"3 Sentries","floor":7.0,"turns":10.0},{"damage":0.0,"enemies":"3 Louse","floor":11.0,"turns":3.0},{"damage":14.0,"enemies":"Lagavulin","floor":12.0,"turns":9.0},{"damage":0.0,"enemies":"Large Slime","floor":14.0,"turns":4.0},{"damage":50,"enemies":"Hexaghost","floor":16,"turns":14}],"seed_played":"-6784632833567747236","potions_obtained":[{"floor":1.0,"key":"SpeedPotion"},{"floor":2.0,"key":"LiquidBronze"},{"floor":2.0,"key":"SpeedPotion"},{"floor":3.0,"key":"Dexterity Potion"}],"is_trial":false,"path_per_floor":["M","?","M","M","T","R","E","?","T","R","M","E","$","M","R","B"],"character_chosen":"THE_SILENT","items_purchased":["Infinite Blades"],"campfire_rested":2,"item_purchase_floors":[13],"current_hp_per_floor":[55,55,44,43,43,43,27,27,27,45,45,31,31,31,49,0],"gold":218,"neow_bonus":"RANDOM_COMMON_RELIC","is_prod":false,"is_daily":false,"chose_seed":false,"campfire_upgraded":1,"win_rate":0,"timestamp":1543844026,"path_taken":["M","?","M","?","?","R","E","?","T","R","M","E","$","M","R","BOSS"],"build_version":"2018-11-15","purchased_purges":0,"victory":false,"max_hp_per_floor":[66,66,66,66,66,66,66,60,60,60,60,60,60,60,60,60],"card_choices":[{"not_picked":["Tactician","Poisoned Stab"],"picked":"Dagger Spray","floor":1.0},{"not_picked":["Dodge and Roll","Finisher","Dagger Throw"],"picked":"SKIP","floor":3.0},{"not_picked":["Underhanded Strike","Bouncing Flask"],"picked":"Dash","floor":4.0},{"not_picked":["Dagger Spray","Terror"],"picked":"Finisher","floor":7.0},{"not_picked":["Sucker Punch","Acrobatics","Quick Slash"],"picked":"SKIP","floor":11.0},{"not_picked":["Prepared","Bane","Dagger Spray"],"picked":"SKIP","floor":12.0},{"not_picked":["Dagger Spray","Venomology","Dagger Throw"],"picked":"SKIP","floor":14.0}],"player_experience":809330,"relics_obtained":[{"floor":5.0,"key":"Kunai"},{"floor":7.0,"key":"Gambling Chip"},{"floor":9.0,"key":"War Paint"},{"floor":12.0,"key":"Art of War"}],"event_choices":[{"damage_healed":0.0,"max_hp_gain":0.0,"max_hp_loss":0.0,"gold_gain":0.0,"event_name":"Lab","player_choice":"Got Potions","floor":2.0,"gold_loss":0.0,"damage_taken":0.0},{"damage_healed":0.0,"max_hp_gain":0.0,"max_hp_loss":6.0,"gold_gain":0.0,"event_name":"Golden Idol","player_choice":"Lose Max HP","floor":8.0,"gold_loss":0.0,"damage_taken":0.0,"relics_obtained":["Golden Idol"]}],"is_beta":false,"boss_relics":[],"items_purged_floors":[],"is_endless":false,"potions_floor_spawned":[1,3,7],"killed_by":"Hexaghost","ascension_level":17}