{"gold_per_floor":[111,111,130,191,319,319,349,349,349,399,449,449],"floor_reached":12,"playtime":324,"items_purged":[],"score":103,"play_id":"c695d7b9-2b9c-40b0-ad39-a6e4d8d9a909","local_time":"20190305142452","is_ascension_mode":true,"campfire_choices":[{"data":"Neutralize","floor":6,"key":"SMITH"},{"data":"Dodge and Roll","floor":8,"key":"SMITH"}],"neow_cost":"NONE","seed_source_timestamp":145681958570926,"circlet_count":0,"master_deck":["Defend_G","Defend_G","Defend_G","Defend_G","Defend_G","Strike_G","Strike_G","Strike_G","Strike_G","Strike_G","Survivor","Neutralize+1","Concentrate+1","Endless Agony","Heel Hook","Backstab","Dodge and Roll+1","Regret"],"relics":["Ring of the Snake","SsserpentHead","Pantograph","Pear","Smiling Mask"],"potions_floor_usage":[7,7],"damage_taken":[{"damage":1,"enemies":"2 Louse","floor":1,"turns":3},{"damage":2,"enemies":"Cultist","floor":3,"turns":4},{"damage":4,"enemies":"Small Slimes","floor":4,"turns":4},{"damage":7,"enemies":"3 Sentries","floor":7,"turns":9},{"damage":60,"enemies":"Lagavulin","floor":12,"turns":9}],"seed_played":"4858323162138378012","potions_obtained":[{"floor":1,"key":"AttackPotion"},{"floor":4,"key":"EssenceOfSteel"},{"floor":7,"key":"Explosive Potion"}],"is_trial":false,"path_per_floor":["M","?","M","M","?","R","E","R","T","?","?","E"],"character_chosen":"THE_SILENT","items_purchased":[],"campfire_rested":0,"item_purchase_floors":[],"current_hp_per_floor":[62,62,60,56,56,56,49,49,59,59,59,0],"gold":449,"neow_bonus":"THREE_CARDS","is_prod":false,"is_daily":false,"chose_seed":false,"campfire_upgraded":2,"win_rate":0,"timestamp":1551817492,"path_taken":["M","?","M","?","?","R","E","R","T","?","?","E"],"build_version":"2019-01-23","purchased_purges":0,"victory":false,"max_hp_per_floor":[70,70,70,70,70,70,70,70,80,80,80,80],"card_choices":[{"not_picked":["Expertise","Outmaneuver"],"picked":"Concentrate","floor":0},{"not_picked":["Cloak And Dagger","Dash"],"picked":"Endless Agony","floor":1},{"not_picked":["Blade Dance","Predator"],"picked":"Heel Hook","floor":3},{"not_picked":["Cloak And Dagger","Footwork"],"picked":"Backstab","floor":4},{"not_picked":["Bane","Outmaneuver"],"picked":"Dodge and Roll","floor":7}],"player_experience":268878,"relics_obtained":[{"floor":7,"key":"Pantograph"},{"floor":9,"key":"Pear"}],"event_choices":[{"damage_healed":0,"gold_gain":0,"player_choice":"Trade","damage_taken":0,"relics_obtained":["SsserpentHead"],"max_hp_gain":0,"max_hp_loss":0,"event_name":"FaceTrader","floor":2,"gold_loss":0},{"damage_healed":0,"gold_gain":78,"player_choice":"Gained Gold","damage_taken":0,"max_hp_gain":0,"max_hp_loss":0,"event_name":"Golden Wing","floor":5,"gold_loss":0},{"damage_healed":0,"gold_gain":0,"player_choice":"Box","damage_taken":0,"relics_obtained":["Smiling Mask"],"max_hp_gain":0,"max_hp_loss":0,"event_name":"Big Fish","floor":10,"gold_loss":0,"cards_obtained":["Regret"]},{"damage_healed":0,"gold_gain":0,"player_choice":"Upgraded","damage_taken":0,"max_hp_gain":0,"max_hp_loss":0,"event_name":"Upgrade Shrine","floor":11,"gold_loss":0,"cards_upgraded":["Concentrate"]}],"is_beta":false,"boss_relics":[],"items_purged_floors":[],"is_endless":false,"potions_floor_spawned":[1,4,7],"killed_by":"Lagavulin","ascension_level":7}