{"gold_per_floor":[113,63,17,17,17,51,51,86,86,100,118,118,446,462,462,557,557,557,557,557,159,59,59,59,59,59,59,59],"floor_reached":28,"playtime":1202,"items_purged":["Strike_B","Strike_B"],"score":437,"play_id":"05abd84e-cf6a-460e-9646-d1359168a5a6","local_time":"20190605153405","is_ascension_mode":true,"campfire_choices":[{"floor":7,"key":"REST"},{"floor":12,"key":"REST"},{"floor":15,"key":"REST"},{"floor":24,"key":"REST"}],"neow_cost":"NONE","seed_source_timestamp":1472692828957600,"circlet_count":0,"master_deck":["Strike_B","Defend_B","Defend_B","Defend_B","Defend_B","Zap+1","Dualcast","Defragment","Conserve Battery+1","Coolheaded","Gash","Sunder","Doom and Gloom","Compile Driver","Multi-Cast","Undo","Sunder","Steam","Defragment","Glacier","Core Surge","Glacier+1"],"special_seed":0,"relics":["Cracked Core","Bottled Lightning","Omamori","Singing Bowl","Old Coin","Ectoplasm","Meat on the Bone","Turnip","Torii","Toxic Egg 2"],"potions_floor_usage":[6,23,27,27],"damage_taken":[{"damage":2.0,"enemies":"2 Louse","floor":1.0,"turns":3.0},{"damage":40,"enemies":"Gremlin Nob","floor":6,"turns":4},{"damage":16,"enemies":"Lagavulin","floor":8,"turns":8},{"damage":0,"enemies":"Cultist","floor":10,"turns":3},{"damage":2,"enemies":"Jaw Worm","floor":11,"turns":3},{"damage":8,"enemies":"Gremlin Nob","floor":13,"turns":3},{"damage":16,"enemies":"3 Louse","floor":14,"turns":3},{"damage":0,"enemies":"Slime Boss","floor":16,"turns":6},{"damage":4,"enemies":"Chosen","floor":18,"turns":5},{"damage":22,"enemies":"Shell Parasite","floor":20,"turns":5},{"damage":33,"enemies":"Slavers","floor":23,"turns":4},{"damage":31,"enemies":"Book of Stabbing","floor":25,"turns":8},{"damage":7,"enemies":"Chosen and Byrds","floor":27,"turns":5},{"damage":37,"enemies":"Gremlin Leader","floor":28,"turns":10}],"seed_played":"573460078750206122","potions_obtained":[{"floor":1.0,"key":"Strength Potion"},{"floor":10,"key":"SteroidPotion"},{"floor":11,"key":"GamblersBrew"},{"floor":13,"key":"Ancient Potion"},{"floor":16,"key":"Fire Potion"},{"floor":23,"key":"Explosive Potion"}],"is_trial":false,"path_per_floor":["M","?","$","?","$","E","R","E","T","M","M","R","E","M","R","B",null,"M","?","M","$","$","E","R","E","T","M","E"],"character_chosen":"DEFECT","items_purchased":["Conserve Battery","Defragment","Meat on the Bone"],"campfire_rested":4,"item_purchase_floors":[3,21,21],"current_hp_per_floor":[66,66,66,66,66,26,48,32,32,34,32,55,47,31,54,54,71,67,67,47,47,47,26,49,30,30,35,0],"gold":59,"neow_bonus":"UPGRADE_CARD","is_prod":false,"is_daily":false,"chose_seed":false,"campfire_upgraded":0,"win_rate":0,"timestamp":1559766845,"path_taken":["M","?","$","?","$","E","R","E","T","?","M","R","E","M","R","BOSS","M","?","?","?","$","E","R","E","T","M","E"],"build_version":"2019-01-23","purchased_purges":2,"victory":false,"max_hp_per_floor":[75,75,75,75,75,75,75,75,75,77,77,77,77,77,77,77,77,77,77,79,79,79,79,79,79,79,79,79],"card_choices":[{"not_picked":["Rip and Tear","Leap"],"picked":"Defragment","floor":1.0},{"not_picked":["Sweeping Beam","Leap"],"picked":"Coolheaded","floor":6},{"not_picked":["Beam Cell","Static Discharge"],"picked":"Gash","floor":8},{"not_picked":["Fission","Fusion","Sweeping Beam"],"picked":"Singing Bowl","floor":10},{"not_picked":["Darkness","Auto Shields"],"picked":"Sunder","floor":11},{"not_picked":["Auto Shields","Redo"],"picked":"Doom and Gloom","floor":13},{"not_picked":["Go for the Eyes","BootSequence"],"picked":"Compile Driver","floor":14},{"not_picked":["Meteor Strike","Buffer"],"picked":"Multi-Cast","floor":16},{"not_picked":["Streamline","Compile Driver"],"picked":"Undo","floor":18},{"not_picked":["Redo","Cold Snap+1","Barrage"],"picked":"Singing Bowl","floor":20},{"not_picked":["Stack","Static Discharge"],"picked":"Glacier","floor":23},{"not_picked":["Recycle+1","Turbo"],"picked":"Core Surge","floor":25},{"not_picked":["Turbo+1","Blizzard"],"picked":"Glacier+1","floor":27}],"player_experience":288116,"relics_obtained":[{"floor":6,"key":"Bottled Lightning"},{"floor":8,"key":"Omamori"},{"floor":9,"key":"Singing Bowl"},{"floor":13,"key":"Old Coin"},{"floor":23,"key":"Turnip"},{"floor":25,"key":"Torii"},{"floor":26,"key":"Toxic Egg 2"}],"event_choices":[{"cards_removed":["Strike_B"],"damage_healed":0.0,"max_hp_gain":0.0,"max_hp_loss":0.0,"gold_gain":0.0,"event_name":"The Cleric","player_choice":"Card Removal","floor":2.0,"gold_loss":50.0,"damage_taken":0.0},{"damage_healed":0.0,"max_hp_gain":0.0,"max_hp_loss":0.0,"gold_gain":0.0,"event_name":"Upgrade Shrine","player_choice":"Upgraded","floor":4.0,"gold_loss":0.0,"damage_taken":0.0,"cards_upgraded":["Conserve Battery"]},{"damage_healed":0,"gold_gain":0,"player_choice":"2 cards matched","damage_taken":0,"max_hp_gain":0,"max_hp_loss":0,"event_name":"Match and Keep!","floor":19,"gold_loss":0,"cards_obtained":["Sunder","Steam"]}],"is_beta":false,"boss_relics":[{"not_picked":["Lizard Tail","Cursed Key"],"picked":"Ectoplasm"}],"items_purged_floors":[21,22],"is_endless":false,"potions_floor_spawned":[1,10,11,13,16,23,25],"killed_by":"Gremlin Leader","ascension_level":7}