{"gold_per_floor":[109,120,139,153,153,153,73,73,120,146,146,71,97,108,108,205,205,216,197,197,197],"floor_reached":21,"playtime":1264,"items_purged":["Strike_B"],"score":224,"play_id":"2c0957b3-ef80-4283-8341-487f2202f7fb","local_time":"20190521234404","is_ascension_mode":true,"campfire_choices":[{"data":"Zap","floor":6,"key":"SMITH"},{"data":"Self Repair","floor":8,"key":"SMITH"},{"data":"Zap","floor":11,"key":"SMITH"},{"data":"Impatience","floor":15,"key":"SMITH"}],"neow_cost":"NONE","seed_source_timestamp":205935707934500,"circlet_count":0,"master_deck":["Strike_B","Strike_B","Strike_B","Defend_B","Defend_B","Defend_B+1","Defend_B","Zap+1","Dualcast","Impatience+1","Go for the Eyes","Stack","Coolheaded","Stack+1","Zap+1","Undo","Self Repair+1","Streamline","Go for the Eyes","Glacier","Multi-Cast","Steam+1","Capacitor","Necronomicurse"],"relics":["Cracked Core","War Paint","Odd Mushroom","DataDisk","Nuclear Battery","Necronomicon"],"potions_floor_usage":[],"damage_taken":[{"damage":9,"enemies":"Jaw Worm","floor":1,"turns":4},{"damage":0,"enemies":"Cultist","floor":2,"turns":3},{"damage":5,"enemies":"2 Louse","floor":3,"turns":2},{"damage":3,"enemies":"Blue Slaver","floor":4,"turns":4},{"damage":28,"enemies":"The Mushroom Lair","floor":10,"turns":6},{"damage":13,"enemies":"Lagavulin","floor":13,"turns":9},{"damage":6,"enemies":"Red Slaver","floor":14,"turns":3},{"damage":16,"enemies":"Slime Boss","floor":16,"turns":14},{"damage":0,"enemies":"Spheric Guardian","floor":18,"turns":3},{"damage":0,"enemies":"2 Thieves","floor":19,"turns":4},{"damage":0,"enemies":"Snake Plant","floor":21,"turns":3}],"seed_played":"-4532614549996268828","potions_obtained":[{"floor":2,"key":"Ancient Potion"},{"floor":10,"key":"EssenceOfSteel"},{"floor":13,"key":"Energy Potion"},{"floor":18,"key":"SkillPotion"}],"is_trial":false,"path_per_floor":["M","M","M","M","?","R","$","R","T","?","R","$","E","M","R","B",null,"M","M","?","M"],"character_chosen":"DEFECT","items_purchased":["Self Repair"],"campfire_rested":0,"item_purchase_floors":[7],"current_hp_per_floor":[66,66,61,58,58,58,58,58,58,40,40,40,37,41,41,35,65,75,75,59,59],"gold":197,"neow_bonus":"RANDOM_COLORLESS","is_prod":false,"is_daily":false,"chose_seed":false,"campfire_upgraded":4,"win_rate":0,"timestamp":1558500244,"path_taken":["M","M","M","M","?","R","?","R","T","?","R","$","E","M","R","BOSS","M","M","?","M"],"build_version":"2019-01-23","purchased_purges":1,"victory":false,"max_hp_per_floor":[75,75,75,75,75,75,75,75,75,75,75,75,75,75,75,75,75,75,75,75,75],"card_choices":[{"not_picked":["Compile Driver","Steam Power"],"picked":"Go for the Eyes","floor":1},{"not_picked":["Reinforced Body","Gash"],"picked":"Stack","floor":2},{"not_picked":["Hologram","Conserve Battery"],"picked":"Coolheaded","floor":3},{"not_picked":["Gash","Lockon"],"picked":"Stack","floor":4},{"not_picked":["Recycle","Amplify"],"picked":"Streamline","floor":10},{"not_picked":["Hologram","Leap"],"picked":"Go for the Eyes","floor":13},{"not_picked":["Rip and Tear","Hello World"],"picked":"Glacier","floor":14},{"not_picked":["Hyperbeam","Fission"],"picked":"Multi-Cast","floor":16},{"not_picked":["Redo","Cold Snap"],"picked":"Steam+1","floor":18},{"not_picked":["Hologram+1","Go for the Eyes"],"picked":"Capacitor","floor":19}],"player_experience":214464,"relics_obtained":[{"floor":9,"key":"War Paint"},{"floor":10,"key":"Odd Mushroom"},{"floor":13,"key":"DataDisk"},{"floor":20,"key":"Necronomicon"}],"event_choices":[{"damage_healed":0,"gold_gain":0,"player_choice":"2 cards matched","damage_taken":0,"max_hp_gain":0,"max_hp_loss":0,"event_name":"Match and Keep!","floor":5,"gold_loss":0,"cards_obtained":["Zap","Undo"]},{"damage_healed":0,"gold_gain":0,"player_choice":"Fought Mushrooms","damage_taken":0,"max_hp_gain":0,"max_hp_loss":0,"event_name":"Mushrooms","floor":10,"gold_loss":0},{"damage_healed":0,"gold_gain":0,"player_choice":"Obtained Book","damage_taken":16,"max_hp_gain":0,"max_hp_loss":0,"event_name":"Cursed Tome","floor":20,"gold_loss":0}],"is_beta":false,"boss_relics":[{"not_picked":["Velvet Choker","Orrery"],"picked":"Nuclear Battery"}],"items_purged_floors":[12],"is_endless":false,"potions_floor_spawned":[2,10,13,18,19],"killed_by":"Snake Plant","ascension_level":5}