{"gold_per_floor":[117,42,42,53,67,102,102,277,348,348,368,382,382,408,408,408],"floor_reached":16,"playtime":1358,"items_purged":["Strike_R"],"score":110,"play_id":"f486dd1c-65d5-48bc-9099-a1f7bad094c9","local_time":"20190609121945","is_ascension_mode":false,"campfire_choices":[{"floor":10,"key":"RECALL"},{"floor":13,"key":"REST"},{"floor":15,"key":"REST"}],"neow_cost":"TEN_PERCENT_HP_LOSS","seed_source_timestamp":2423365974184688,"circlet_count":0,"master_deck":["Strike_R","Strike_R","Strike_R","Strike_R","Defend_R","Defend_R","Defend_R","Defend_R","Bash","Juggernaut+1","Cleave","Shrug It Off","Body Slam","Sentinel","Doubt","Armaments","Thunderclap","Metallicize"],"relics":["Burning Blood","Vajra","Letter Opener","Question Card"],"potions_floor_usage":[6,6],"damage_taken":[{"damage":1,"enemies":"Cultist","floor":1,"turns":4},{"damage":2,"enemies":"Small Slimes","floor":4,"turns":4},{"damage":0,"enemies":"2 Louse","floor":5,"turns":3},{"damage":26,"enemies":"3 Sentries","floor":6,"turns":7},{"damage":14,"enemies":"Exordium Wildlife","floor":11,"turns":5},{"damage":20,"enemies":"Large Slime","floor":12,"turns":6},{"damage":41,"enemies":"Gremlin Nob","floor":14,"turns":5},{"damage":42,"enemies":"The Guardian","floor":16,"turns":9}],"seed_played":"-7798752440740573534","potions_obtained":[{"floor":4,"key":"SpeedPotion"},{"floor":5,"key":"LiquidBronze"}],"is_trial":false,"path_per_floor":["M","$","?","M","M","E","?","?","T","R","M","M","R","E","R","B"],"character_chosen":"IRONCLAD","items_purchased":[],"campfire_rested":2,"item_purchase_floors":[],"current_hp_per_floor":[72,72,72,72,72,52,52,52,52,52,44,30,51,16,37,0],"gold":408,"neow_bonus":"THREE_RARE_CARDS","is_prod":false,"is_daily":false,"chose_seed":false,"campfire_upgraded":0,"win_rate":0,"timestamp":1560107985,"path_taken":["M","$","?","M","M","E","?","?","T","R","M","M","R","E","R","BOSS"],"build_version":"2019-01-23","purchased_purges":1,"victory":false,"max_hp_per_floor":[72,72,72,72,72,72,72,72,72,72,72,72,72,72,72,72],"card_choices":[{"not_picked":["Bludgeon","Feed"],"picked":"Juggernaut","floor":0},{"not_picked":["Havoc","Wild Strike"],"picked":"Cleave","floor":1},{"not_picked":["True Grit","Feel No Pain"],"picked":"Shrug It Off","floor":4},{"not_picked":["Headbutt","Clothesline"],"picked":"Body Slam","floor":5},{"not_picked":["Blood for Blood","Clash"],"picked":"Sentinel","floor":6},{"not_picked":["Anger","Pommel Strike"],"picked":"Armaments","floor":11},{"not_picked":["Immolate","Evolve"],"picked":"Thunderclap","floor":12},{"not_picked":["Intimidate","Blood for Blood"],"picked":"Metallicize","floor":14}],"player_experience":71998,"relics_obtained":[{"floor":6,"key":"Vajra"},{"floor":9,"key":"Letter Opener"},{"floor":14,"key":"Question Card"}],"event_choices":[{"damage_healed":0,"gold_gain":0,"player_choice":"Leave","damage_taken":0,"max_hp_gain":0,"max_hp_loss":0,"event_name":"The Cleric","floor":3,"gold_loss":0},{"damage_healed":0,"gold_gain":0,"player_choice":"Grow","damage_taken":0,"max_hp_gain":0,"max_hp_loss":0,"event_name":"Living Wall","floor":7,"gold_loss":0,"cards_upgraded":["Juggernaut"]},{"damage_healed":0,"gold_gain":175,"player_choice":"AGREE","damage_taken":0,"max_hp_gain":0,"max_hp_loss":0,"event_name":"Liars Game","floor":8,"gold_loss":0,"cards_obtained":["Doubt"]}],"is_beta":false,"boss_relics":[],"items_purged_floors":[2],"is_endless":false,"potions_floor_spawned":[4,5],"killed_by":"The Guardian","ascension_level":0}