{"gold_per_floor":[110,110,110,125,125,125,138,154,206,225,225,240,274,289,289,361,361,374,394,404,415,415,415,447,447,447,480,496,496,138,158,158,158],"floor_reached":33,"playtime":2488,"items_purged":["Regret"],"score":553,"play_id":"27484fe3-0ad1-40bc-8667-0e61a0510ee3","local_time":"20190207234048","is_ascension_mode":true,"campfire_choices":[{"data":"Zap","floor":6.0,"key":"SMITH"},{"floor":11.0,"key":"REST"},{"floor":15.0,"key":"REST"},{"data":"Defragment","floor":23.0,"key":"SMITH"},{"floor":25,"key":"REST"},{"data":"Buffer","floor":29,"key":"SMITH"},{"data":"Blizzard","floor":32,"key":"SMITH"}],"neow_cost":"TEN_PERCENT_HP_LOSS","seed_source_timestamp":0,"circlet_count":0,"master_deck":["AscendersBane","Strike_B","Strike_B","Defend_B","Defend_B","Defend_B","Defend_B","Zap+1","Dualcast","Ball Lightning","BootSequence","Biased Cognition","Electrodynamics","Buffer+1","Cold Snap+1","Loop","Defragment+1","Glacier","Glacier","Seek","Glacier","Blizzard+1","Capacitor","Amplify"],"special_seed":0,"relics":["Cracked Core","Anchor","Bag of Marbles","Cursed Key","Bottled Lightning","Kunai","Omamori"],"potions_floor_usage":[24,27,33],"damage_taken":[{"damage":7.0,"enemies":"Jaw Worm","floor":1.0,"turns":3.0},{"damage":3.0,"enemies":"Small Slimes","floor":4.0,"turns":3.0},{"damage":0.0,"enemies":"2 Louse","floor":7.0,"turns":3.0},{"damage":16.0,"enemies":"Lots of Slimes","floor":8.0,"turns":4.0},{"damage":0.0,"enemies":"3 Louse","floor":10.0,"turns":3.0},{"damage":16.0,"enemies":"Gremlin Gang","floor":12.0,"turns":4.0},{"damage":30.0,"enemies":"Lagavulin","floor":13.0,"turns":5.0},{"damage":0.0,"enemies":"Large Slime","floor":14.0,"turns":3.0},{"damage":33.0,"enemies":"Slime Boss","floor":16.0,"turns":5.0},{"damage":0.0,"enemies":"3 Byrds","floor":18.0,"turns":2.0},{"damage":0.0,"enemies":"2 Thieves","floor":19.0,"turns":2.0},{"damage":4.0,"enemies":"Snecko","floor":20.0,"turns":5.0},{"damage":12.0,"enemies":"Centurion and Healer","floor":21.0,"turns":5.0},{"damage":21,"enemies":"Book of Stabbing","floor":24,"turns":4},{"damage":7,"enemies":"Slavers","floor":27,"turns":3},{"damage":0,"enemies":"3 Cultists","floor":28,"turns":4},{"damage":7,"enemies":"Chosen and Byrds","floor":31,"turns":5},{"damage":32,"enemies":"Champ","floor":33,"turns":18}],"seed_played":"-4192226557352476118","potions_obtained":[{"floor":4.0,"key":"FocusPotion"},{"floor":5.0,"key":"Block Potion"},{"floor":10.0,"key":"PowerPotion"},{"floor":16.0,"key":"FearPotion"},{"floor":18.0,"key":"SkillPotion"},{"floor":21.0,"key":"Regen Potion"},{"floor":27,"key":"Poison Potion"}],"is_trial":false,"path_per_floor":["M","?","?","M","?","R","M","M","T","M","R","M","E","M","R","B",null,"M","M","M","M","?","R","E","R","T","E","M","R","$","M","R","B"],"character_chosen":"DEFECT","items_purchased":["Blizzard","Capacitor","Amplify"],"campfire_rested":3,"item_purchase_floors":[30,30,30],"current_hp_per_floor":[57,62,62,59,59,59,59,43,43,43,63,47,17,17,37,4,53,53,53,49,37,37,37,16,36,36,38,38,38,38,31,31,0],"gold":158,"neow_bonus":"REMOVE_TWO","is_prod":false,"is_daily":false,"chose_seed":false,"campfire_upgraded":4,"win_rate":0,"timestamp":1549572048,"path_taken":["M","?","?","M","?","R","M","?","T","M","R","M","E","M","R","BOSS","M","M","M","M","?","R","E","R","T","E","M","R","$","?","R","BOSS"],"build_version":"2019-01-23","purchased_purges":1,"victory":false,"max_hp_per_floor":[64,69,69,69,69,69,69,69,69,69,69,69,69,69,69,69,69,69,69,69,69,69,69,69,69,69,69,69,69,69,69,69,69],"card_choices":[{"not_picked":["Coolheaded","Go for the Eyes"],"picked":"Ball Lightning","floor":1.0},{"not_picked":["Gash","Sweeping Beam"],"picked":"BootSequence","floor":4.0},{"not_picked":["Beam Cell","Barrage","Streamline"],"picked":"SKIP","floor":7.0},{"not_picked":["Leap","Coolheaded","Reprogram"],"picked":"SKIP","floor":8.0},{"not_picked":["Ball Lightning","Scrape","Steam Power"],"picked":"SKIP","floor":10.0},{"not_picked":["Streamline","Recycle"],"picked":"Biased Cognition","floor":12.0},{"not_picked":["Undo","Barrage"],"picked":"Electrodynamics","floor":13.0},{"not_picked":["Hologram","Sweeping Beam","Stack"],"picked":"SKIP","floor":14.0},{"not_picked":["Electrodynamics","Creative AI"],"picked":"Buffer","floor":16.0},{"not_picked":["Darkness","Barrage","Gash"],"picked":"SKIP","floor":18.0},{"not_picked":["Coolheaded","Redo"],"picked":"Cold Snap+1","floor":19.0},{"not_picked":["Coolheaded","Reinforced Body"],"picked":"Loop","floor":20.0},{"not_picked":["Ball Lightning","Rebound"],"picked":"Defragment","floor":21.0},{"not_picked":["Capacitor","Skim+1"],"picked":"Glacier","floor":24},{"not_picked":["Undo","Reprogram"],"picked":"Seek","floor":27},{"not_picked":["Steam Power","Static Discharge"],"picked":"Glacier","floor":28},{"not_picked":["Coolheaded","Conserve Battery","Stack"],"picked":"SKIP","floor":31}],"player_experience":939040,"relics_obtained":[{"floor":9.0,"key":"Anchor"},{"floor":13.0,"key":"Bag of Marbles"},{"floor":24,"key":"Bottled Lightning"},{"floor":26,"key":"Kunai"},{"floor":27,"key":"Omamori"}],"event_choices":[{"damage_healed":0.0,"max_hp_gain":5.0,"max_hp_loss":0.0,"gold_gain":0.0,"event_name":"Big Fish","player_choice":"Donut","floor":2.0,"gold_loss":0.0,"damage_taken":0.0},{"damage_healed":0.0,"max_hp_gain":0.0,"max_hp_loss":0.0,"gold_gain":0.0,"event_name":"Liars Game","player_choice":"Ignored","floor":3.0,"gold_loss":0.0,"damage_taken":0.0},{"damage_healed":0.0,"max_hp_gain":0.0,"max_hp_loss":0.0,"gold_gain":0.0,"event_name":"Lab","player_choice":"Got Potions","floor":5.0,"gold_loss":0.0,"damage_taken":0.0},{"damage_healed":0.0,"max_hp_gain":0.0,"max_hp_loss":0.0,"gold_gain":0.0,"event_name":"Match and Keep!","player_choice":"1 cards matched","floor":22.0,"gold_loss":0.0,"damage_taken":0.0,"cards_obtained":["Glacier"]}],"is_beta":false,"boss_relics":[{"not_picked":["Nuclear Battery","Coffee Dripper"],"picked":"Cursed Key"}],"items_purged_floors":[30],"is_endless":false,"potions_floor_spawned":[4,8,10,16,18,21,27],"killed_by":"Champ","ascension_level":18}