{"gold_per_floor":[110,110,126,144,161,161,193,193,243,243,217,144,144,76,76,180,180,197,209,224,238,238],"floor_reached":22,"playtime":824,"items_purged":[],"score":251,"play_id":"3ae7ea22-28ea-4082-9f6c-07cfd73926ec","local_time":"20190302193129","is_ascension_mode":true,"campfire_choices":[{"data":"Discovery","floor":6,"key":"SMITH"},{"floor":10,"key":"REST"},{"floor":13,"key":"REST"},{"data":"Noxious Fumes","floor":15,"key":"SMITH"}],"neow_cost":"TEN_PERCENT_HP_LOSS","seed_source_timestamp":167547445381349,"circlet_count":0,"master_deck":["Defend_G","Defend_G","Defend_G","Defend_G","Defend_G","Strike_G","Survivor","Neutralize","Dramatic Entrance","Impatience","Prepared","Venomology","Discovery+1","Backflip","Endless Agony","Blade Dance","Slice","Noxious Fumes+1","Noxious Fumes","Glass Knife","Escape Plan+1","Noxious Fumes+1","Backstab+1","Masterful Stab","Acrobatics+1","Bane","Slice+1"],"relics":["Ring of the Snake","Sundial","Omamori","Astrolabe"],"potions_floor_usage":[7,16,16,18,19,20,21,21,22],"damage_taken":[{"damage":0,"enemies":"Small Slimes","floor":1,"turns":3},{"damage":9,"enemies":"Cultist","floor":3,"turns":5},{"damage":4,"enemies":"Jaw Worm","floor":4,"turns":4},{"damage":17,"enemies":"Gremlin Gang","floor":5,"turns":3},{"damage":40,"enemies":"Gremlin Nob","floor":7,"turns":4},{"damage":21,"enemies":"Hexaghost","floor":16,"turns":10},{"damage":25,"enemies":"2 Thieves","floor":18,"turns":4},{"damage":0,"enemies":"3 Byrds","floor":19,"turns":4},{"damage":0,"enemies":"Cultist and Chosen","floor":20,"turns":5},{"damage":14,"enemies":"Shelled Parasite and Fungi","floor":21,"turns":5},{"damage":19,"enemies":"Centurion and Healer","floor":22,"turns":2}],"seed_played":"3578175037295507059","potions_obtained":[{"floor":7,"key":"Energy Potion"},{"floor":16,"key":"Dexterity Potion"},{"floor":20,"key":"Fire Potion"}],"is_trial":false,"path_per_floor":["M","?","M","M","M","R","E","?","T","R","?","$","R","$","R","B",null,"M","M","M","M","M"],"character_chosen":"THE_SILENT","items_purchased":["Noxious Fumes","Noxious Fumes"],"campfire_rested":2,"item_purchase_floors":[12,14],"current_hp_per_floor":[63,63,54,50,33,33,5,5,5,23,23,23,41,41,41,35,56,31,31,31,17,0],"gold":238,"neow_bonus":"RANDOM_COLORLESS_2","is_prod":false,"is_daily":false,"chose_seed":false,"campfire_upgraded":2,"win_rate":0,"timestamp":1551576689,"path_taken":["M","?","?","M","M","R","E","?","T","R","?","?","R","$","R","BOSS","M","M","?","M","M"],"build_version":"2019-01-23","purchased_purges":0,"victory":false,"max_hp_per_floor":[63,63,63,63,63,63,63,63,63,63,63,63,63,63,63,63,63,63,63,63,63,63],"card_choices":[{"not_picked":["Acrobatics","Reflex"],"picked":"Prepared","floor":1},{"not_picked":["Dagger Spray","Calculated Gamble"],"picked":"Backflip","floor":3},{"not_picked":["Bane","Finisher"],"picked":"Endless Agony","floor":4},{"not_picked":["Backflip","Distraction"],"picked":"Blade Dance","floor":5},{"not_picked":["Quick Slash","Calculated Gamble"],"picked":"Slice","floor":7},{"not_picked":["Venomology","Storm of Steel"],"picked":"Glass Knife","floor":16},{"not_picked":["Dodge and Roll","Quick Slash"],"picked":"Masterful Stab","floor":18},{"not_picked":["Underhanded Strike","Sucker Punch"],"picked":"Acrobatics+1","floor":19},{"not_picked":["Backflip","Slice"],"picked":"Bane","floor":20},{"not_picked":["Infinite Blades","Bane"],"picked":"Slice+1","floor":21}],"player_experience":237624,"relics_obtained":[{"floor":7,"key":"Sundial"},{"floor":9,"key":"Omamori"}],"event_choices":[{"damage_healed":0,"gold_gain":0,"player_choice":"2 cards matched","damage_taken":0,"max_hp_gain":0,"max_hp_loss":0,"event_name":"Match and Keep!","floor":2,"gold_loss":0,"cards_obtained":["Venomology","Discovery"]},{"cards_removed":["Strike_G"],"damage_healed":0,"gold_gain":0,"player_choice":"Forget","damage_taken":0,"max_hp_gain":0,"max_hp_loss":0,"event_name":"Living Wall","floor":8,"gold_loss":0},{"damage_healed":0,"gold_gain":0,"player_choice":"Left Gold","damage_taken":0,"max_hp_gain":0,"max_hp_loss":0,"event_name":"World of Goop","floor":11,"gold_loss":26}],"is_beta":false,"boss_relics":[{"not_picked":["Runic Dome","White Beast Statue"],"picked":"Astrolabe"}],"items_purged_floors":[],"is_endless":false,"potions_floor_spawned":[5,7,16,20],"killed_by":"Centurion and Healer","ascension_level":7}