{"gold_per_floor":[17,33,53,53,63,91,91,110,137,151,168,198,198,233,233,333,333,333,146,61,61,38,38,38,38,38,38,38,38,38,38,38,38,38,38,0,0,0,0,0,0,0,0,0,0,0,0,0,0,0],"floor_reached":50,"playtime":4478,"items_purged":["Strike_G"],"score":613,"play_id":"dafd30ed-075a-45b7-84ce-89b1fe0c4589","local_time":"20190507222542","is_ascension_mode":true,"campfire_choices":[{"data":"Bouncing Flask","floor":7,"key":"SMITH"},{"floor":13,"key":"REST"},{"data":"Survivor","floor":15,"key":"SMITH"},{"data":"Storm of Steel","floor":27,"key":"SMITH"},{"data":"Accuracy","floor":29,"key":"SMITH"},{"data":"Deflect","floor":32,"key":"SMITH"},{"data":"Accuracy","floor":41,"key":"SMITH"},{"floor":44,"key":"RECALL"},{"data":"Catalyst","floor":47,"key":"SMITH"},{"data":"Bane","floor":49,"key":"SMITH"}],"neow_cost":"NO_GOLD","seed_source_timestamp":1668100962013200,"circlet_count":0,"master_deck":["Defend_G","Defend_G","Defend_G+1","Defend_G","Defend_G","Strike_G","Strike_G","Strike_G","Strike_G","Survivor+1","Neutralize","Accuracy+1","Bane+1","Bouncing Flask+1","Backflip","Deflect+1","Cloak And Dagger","Accuracy+1","Poisoned Stab","Storm of Steel+1","Acrobatics","Corpse Explosion","Backflip","Crippling Poison","Well Laid Plans","Cloak And Dagger","Backflip","Acrobatics","Catalyst+1","Prepared+1","Doppelganger","Endless Agony","Blade Dance+1","Bouncing Flask","Storm of Steel+1","PiercingWail+1"],"relics":["Ring of the Snake","Torii","Ice Cream","Happy Flower","Pen Nib","Potion Belt","Ectoplasm","Bag of Preparation","Frozen Egg 2","Ancient Tea Set","Smiling Mask","MutagenicStrength","Eternal Feather","Red Mask","Mummified Hand","War Paint"],"potions_floor_usage":[23,23,28,28,30,39,40,50],"damage_taken":[{"damage":1,"enemies":"Jaw Worm","floor":1,"turns":6},{"damage":1,"enemies":"Cultist","floor":2,"turns":6},{"damage":1,"enemies":"Small Slimes","floor":3,"turns":4},{"damage":1,"enemies":"Blue Slaver","floor":5,"turns":4},{"damage":29,"enemies":"Lagavulin","floor":6,"turns":7},{"damage":9,"enemies":"Large Slime","floor":8,"turns":8},{"damage":1,"enemies":"2 Fungi Beasts","floor":10,"turns":5},{"damage":1,"enemies":"Exordium Wildlife","floor":11,"turns":3},{"damage":1,"enemies":"3 Sentries","floor":12,"turns":8},{"damage":14,"enemies":"Gremlin Nob","floor":14,"turns":4},{"damage":6,"enemies":"Hexaghost","floor":16,"turns":9},{"damage":13,"enemies":"3 Byrds","floor":18,"turns":4},{"damage":15,"enemies":"Book of Stabbing","floor":23,"turns":4},{"damage":7,"enemies":"Shell Parasite","floor":25,"turns":4},{"damage":10,"enemies":"Slavers","floor":28,"turns":3},{"damage":1,"enemies":"Centurion and Healer","floor":30,"turns":3},{"damage":21,"enemies":"Champ","floor":33,"turns":9},{"damage":1,"enemies":"Orb Walker","floor":35,"turns":4},{"damage":6,"enemies":"3 Shapes","floor":37,"turns":3},{"damage":3,"enemies":"3 Darklings","floor":38,"turns":8},{"damage":2,"enemies":"Sphere and 2 Shapes","floor":39,"turns":5},{"damage":46,"enemies":"Nemesis","floor":40,"turns":7},{"damage":1,"enemies":"Giant Head","floor":42,"turns":5},{"damage":26,"enemies":"Writhing Mass","floor":48,"turns":3},{"damage":66,"enemies":"Time Eater","floor":50,"turns":8}],"seed_played":"-6387150270283859823","potions_obtained":[{"floor":1,"key":"Energy Potion"},{"floor":5,"key":"Explosive Potion"},{"floor":8,"key":"Regen Potion"},{"floor":16,"key":"Dexterity Potion"},{"floor":23,"key":"SkillPotion"},{"floor":25,"key":"Poison Potion"},{"floor":33,"key":"SkillPotion"},{"floor":37,"key":"Strength Potion"},{"floor":39,"key":"SteroidPotion"},{"floor":42,"key":"Regen Potion"},{"floor":48,"key":"Explosive Potion"}],"is_trial":false,"path_per_floor":["M","M","M","?","M","E","R","M","T","M","M","E","R","E","R","B",null,"M","$","?","?","$","E","?","M","T","R","E","R","M","?","R","B",null,"M","?","M","M","M","E","R","E","T","R","?","?","R","M","R","B"],"character_chosen":"THE_SILENT","items_purchased":["Crippling Poison","Well Laid Plans","Cloak And Dagger"],"campfire_rested":1,"item_purchase_floors":[19,19,22],"current_hp_per_floor":[69,68,67,60,59,30,30,21,21,20,19,18,39,25,25,19,70,57,57,57,57,57,42,42,35,35,35,34,34,33,33,33,12,70,69,69,63,60,58,12,33,32,32,53,53,53,66,40,61,0],"gold":0,"neow_bonus":"ONE_RARE_RELIC","is_prod":false,"is_daily":false,"chose_seed":false,"campfire_upgraded":8,"win_rate":0,"timestamp":1557285942,"path_taken":["M","M","M","?","M","E","R","M","T","?","M","E","R","E","R","BOSS","M","$","?","?","$","E","?","M","T","R","E","R","M","?","R","BOSS","M","?","M","M","M","E","R","E","T","R","?","?","R","?","R","BOSS"],"build_version":"2019-01-23","purchased_purges":1,"victory":false,"max_hp_per_floor":[70,70,70,70,70,70,70,70,70,70,70,70,70,70,70,70,70,70,70,70,70,70,70,70,70,70,70,70,70,70,70,70,70,70,70,70,70,70,70,70,70,70,70,70,66,66,66,66,66,66],"card_choices":[{"not_picked":["Cloak And Dagger","Deflect"],"picked":"Accuracy","floor":1},{"not_picked":["Prepared","Underhanded Strike"],"picked":"Bane","floor":2},{"not_picked":["Reflex","Outmaneuver"],"picked":"Bouncing Flask","floor":3},{"not_picked":["Riddle With Holes","Sucker Punch"],"picked":"Backflip","floor":5},{"not_picked":["Envenom","Leg Sweep"],"picked":"Deflect","floor":6},{"not_picked":["Quick Slash","Noxious Fumes"],"picked":"Cloak And Dagger","floor":8},{"not_picked":["Choke","Deflect"],"picked":"Accuracy","floor":10},{"not_picked":["Distraction","Endless Agony"],"picked":"Poisoned Stab","floor":11},{"not_picked":["Dagger Spray","Escape Plan"],"picked":"Storm of Steel","floor":12},{"not_picked":["Sucker Punch","Predator"],"picked":"Acrobatics","floor":14},{"not_picked":["Adrenaline","Malaise"],"picked":"Corpse Explosion","floor":16},{"not_picked":["Dodge and Roll","Sucker Punch"],"picked":"Backflip","floor":18},{"not_picked":["Deflect","Flying Knee"],"picked":"Backflip","floor":23},{"not_picked":["Skewer","Riddle With Holes+1"],"picked":"Acrobatics","floor":25},{"not_picked":["Tools of the Trade+1","Leg Sweep+1"],"picked":"Catalyst","floor":28},{"not_picked":["Acrobatics","Poisoned Stab"],"picked":"Prepared+1","floor":30},{"not_picked":["Grand Finale","Night Terror"],"picked":"Doppelganger","floor":33},{"not_picked":["Heel Hook","Dodge and Roll"],"picked":"Endless Agony","floor":35},{"not_picked":["Deadly Poison+1","Backflip+1"],"picked":"Blade Dance+1","floor":37},{"not_picked":["Flying Knee+1","Riddle With Holes"],"picked":"Bouncing Flask","floor":38},{"not_picked":["Leg Sweep+1","Dagger Spray+1","Blade Dance"],"picked":"SKIP","floor":39},{"not_picked":["Blur","Tactician"],"picked":"Storm of Steel","floor":40},{"not_picked":["Sucker Punch+1","Skewer"],"picked":"PiercingWail+1","floor":42},{"not_picked":["Slice","Blade Dance","Underhanded Strike"],"picked":"SKIP","floor":48}],"player_experience":139740,"relics_obtained":[{"floor":6,"key":"Ice Cream"},{"floor":9,"key":"Happy Flower"},{"floor":12,"key":"Pen Nib"},{"floor":14,"key":"Potion Belt"},{"floor":23,"key":"Frozen Egg 2"},{"floor":26,"key":"Ancient Tea Set"},{"floor":28,"key":"Smiling Mask"},{"floor":40,"key":"Mummified Hand"},{"floor":42,"key":"War Paint"}],"event_choices":[{"damage_healed":0,"gold_gain":0,"player_choice":"Damaged","damage_taken":7,"max_hp_gain":0,"max_hp_loss":0,"event_name":"Wheel of Change","floor":4,"gold_loss":0},{"damage_healed":0,"gold_gain":0,"player_choice":"Obtained Relic","damage_taken":0,"relics_obtained":["Bag of Preparation"],"max_hp_gain":0,"max_hp_loss":0,"event_name":"Addict","floor":20,"gold_loss":85},{"damage_healed":0,"gold_gain":0,"player_choice":"Read","damage_taken":0,"max_hp_gain":0,"max_hp_loss":0,"event_name":"The Library","floor":21,"gold_loss":0,"cards_obtained":["Infinite Blades"]},{"damage_healed":0,"gold_gain":0,"player_choice":"Ignored","damage_taken":0,"max_hp_gain":0,"max_hp_loss":0,"event_name":"Ghosts","floor":24,"gold_loss":0},{"damage_healed":0,"gold_gain":0,"player_choice":"Inject Mutagens","damage_taken":0,"relics_obtained":["MutagenicStrength"],"max_hp_gain":0,"max_hp_loss":0,"event_name":"Drug Dealer","floor":31,"gold_loss":0},{"damage_healed":0,"gold_gain":0,"player_choice":"Paid","damage_taken":0,"relics_obtained":["Red Mask"],"max_hp_gain":0,"max_hp_loss":0,"event_name":"Tomb of Lord Red Mask","floor":36,"gold_loss":38},{"damage_healed":0,"gold_gain":0,"player_choice":"Max HP","damage_taken":0,"max_hp_gain":0,"max_hp_loss":4,"event_name":"Winding Halls","floor":45,"gold_loss":0},{"cards_removed":["Infinite Blades"],"damage_healed":0,"gold_gain":0,"player_choice":"Removed Power","damage_taken":0,"max_hp_gain":0,"max_hp_loss":0,"event_name":"Falling","floor":46,"gold_loss":0}],"is_beta":false,"boss_relics":[{"not_picked":["Tiny House","Orrery"],"picked":"Ectoplasm"},{"not_picked":["Lizard Tail","Empty Cage"],"picked":"Eternal Feather"}],"items_purged_floors":[19],"is_endless":false,"potions_floor_spawned":[1,5,8,10,16,23,25,33,37,39,42,48],"killed_by":"Time Eater","ascension_level":1}