{"gold_per_floor":[109,19,19,19,31,31,65,65,115,126,145,159,188,188,188,188],"floor_reached":16,"playtime":530,"items_purged":[],"score":162,"play_id":"0b5815b2-5945-4699-b855-187599a8de13","local_time":"20190612153506","is_ascension_mode":true,"campfire_choices":[{"data":"Discovery","floor":6.0,"key":"SMITH"},{"data":"Neutralize","floor":8.0,"key":"SMITH"},{"data":"Catalyst","floor":15.0,"key":"SMITH"}],"neow_cost":"NONE","seed_source_timestamp":9816676293900,"circlet_count":0,"master_deck":["Strike_G","Strike_G","Strike_G","Strike_G","Defend_G","Defend_G","Defend_G","Defend_G","Defend_G","Survivor","Neutralize+1","Crippling Poison","Discovery+1","Forethought","Cloak And Dagger","All Out Attack","Deadly Poison","Blur","Catalyst+1","Bane"],"special_seed":0,"relics":["Ring of the Snake","NeowsBlessing","Ancient Tea Set","WingedGreaves","Golden Idol"],"potions_floor_usage":[],"damage_taken":[{"damage":0.0,"enemies":"Jaw Worm","floor":1.0,"turns":1.0},{"damage":0.0,"enemies":"Cultist","floor":5.0,"turns":1.0},{"damage":0.0,"enemies":"Gremlin Nob","floor":7.0,"turns":1.0},{"damage":2.0,"enemies":"Small Slimes","floor":10.0,"turns":3.0},{"damage":11.0,"enemies":"Blue Slaver","floor":11.0,"turns":3.0},{"damage":9.0,"enemies":"Looter","floor":12.0,"turns":5.0},{"damage":9.0,"enemies":"3 Sentries","floor":13.0,"turns":4.0},{"damage":51,"enemies":"Slime Boss","floor":16,"turns":8}],"seed_played":"-439448548301492812","potions_obtained":[{"floor":1.0,"key":"Regen Potion"},{"floor":12.0,"key":"PowerPotion"}],"is_trial":false,"path_per_floor":["M","$","?","?","M","R","E","R","T","M","M","M","E","?","R","B"],"character_chosen":"THE_SILENT","items_purchased":["Discovery"],"campfire_rested":0,"item_purchase_floors":[2],"current_hp_per_floor":[70,70,63,63,63,63,63,63,63,61,50,41,41,41,41,0],"gold":188,"neow_bonus":"THREE_ENEMY_KILL","is_prod":false,"is_daily":false,"chose_seed":false,"campfire_upgraded":3,"win_rate":0,"timestamp":1560346506,"path_taken":["M","$","?","?","M","R","E","R","T","M","M","?","E","?","R","BOSS"],"build_version":"2019-06-11","purchased_purges":0,"victory":false,"max_hp_per_floor":[70,70,70,70,70,70,70,70,70,70,70,70,70,65,65,65],"card_choices":[{"not_picked":["Escape Plan","Skewer"],"picked":"Crippling Poison","floor":1.0},{"not_picked":["Prepared","Poisoned Stab"],"picked":"Cloak And Dagger","floor":5.0},{"not_picked":["Underhanded Strike","Acrobatics"],"picked":"All Out Attack","floor":7.0},{"not_picked":["Storm of Steel","Deflect"],"picked":"Deadly Poison","floor":10.0},{"not_picked":["Skewer","Backflip"],"picked":"Blur","floor":11.0},{"not_picked":["Sucker Punch","Poisoned Stab"],"picked":"Catalyst","floor":12.0},{"not_picked":["Poisoned Stab","Tactician"],"picked":"Bane","floor":13.0}],"player_experience":370295,"relics_obtained":[{"floor":7.0,"key":"Ancient Tea Set"},{"floor":13.0,"key":"WingedGreaves"}],"event_choices":[{"cards_removed":["Strike_G"],"damage_healed":0.0,"max_hp_gain":0.0,"max_hp_loss":0.0,"gold_gain":0.0,"event_name":"Golden Wing","player_choice":"Card Removal","floor":3.0,"gold_loss":0.0,"damage_taken":7.0},{"damage_healed":0.0,"max_hp_gain":0.0,"max_hp_loss":0.0,"gold_gain":0.0,"event_name":"Match and Keep!","player_choice":"1 cards matched","floor":4.0,"gold_loss":0.0,"damage_taken":0.0,"cards_obtained":["Forethought"]},{"damage_healed":0.0,"max_hp_gain":0.0,"max_hp_loss":5.0,"gold_gain":0.0,"event_name":"Golden Idol","player_choice":"Lose Max HP","floor":14.0,"gold_loss":0.0,"damage_taken":0.0,"relics_obtained":["Golden Idol"]}],"is_beta":true,"boss_relics":[],"items_purged_floors":[],"is_endless":false,"potions_floor_spawned":[1,12],"killed_by":"Slime Boss","ascension_level":4}