{"gold_per_floor":[216,227,302,302,316,316,327,327,327,352,365,379,379,64,64,159,159,173,88,88,105,5,31,31,31,31,51,69,81,94,58,58,161,161,178,196,196,196,212,212,240,240,240,252,252,269,269,11,11,11],"floor_reached":50,"playtime":2138,"items_purged":["Strike_B","Hyperbeam"],"score":597,"play_id":"4de97875-2b30-46c2-a152-45cd6225850a","local_time":"20190506211510","is_ascension_mode":true,"campfire_choices":[{"data":"Buffer","floor":6,"key":"SMITH"},{"data":"Zap","floor":8,"key":"SMITH"},{"data":"Defragment","floor":15,"key":"SMITH"},{"data":"Electrodynamics","floor":24,"key":"SMITH"},{"data":"Biased Cognition","floor":32,"key":"SMITH"},{"data":"Leap","floor":40,"key":"SMITH"},{"data":"Conserve Battery","floor":42,"key":"SMITH"},{"floor":45,"key":"RECALL"},{"data":"Go for the Eyes","floor":47,"key":"SMITH"},{"data":"Coolheaded","floor":49,"key":"SMITH"}],"neow_cost":"NONE","seed_source_timestamp":1579803595334300,"circlet_count":0,"master_deck":["Zap+1","Leap+1","Go for the Eyes","Buffer+1","Go for the Eyes+1","Defragment+1","Scrape","Biased Cognition+1","Coolheaded+1","Electrodynamics+1","Conserve Battery+1","Sweeping Beam","Machine Learning","All For One","Ball Lightning+1","Defragment+1","Hologram","Beam Cell+1","Self Repair+1","Loop+1","Echo Form+1","Capacitor+1","Loop+1","Cold Snap","Thunder Strike","Steam Power+1","Ball Lightning+1"],"relics":["Cracked Core","Anchor","Symbiotic Virus","Pear","HandDrill","Pandora\u0027s Box","Frozen Egg 2","Pen Nib","Bag of Marbles","Coffee Dripper","Dodecahedron","Bottled Tornado"],"potions_floor_usage":[16,50,50],"damage_taken":[{"damage":1,"enemies":"Cultist","floor":1,"turns":4},{"damage":0,"enemies":"Small Slimes","floor":2,"turns":2},{"damage":0,"enemies":"2 Louse","floor":5,"turns":3},{"damage":12,"enemies":"Exordium Thugs","floor":7,"turns":5},{"damage":1,"enemies":"Lagavulin","floor":10,"turns":9},{"damage":0,"enemies":"Blue Slaver","floor":11,"turns":3},{"damage":10,"enemies":"Lots of Slimes","floor":12,"turns":5},{"damage":0,"enemies":"Hexaghost","floor":16,"turns":11},{"damage":0,"enemies":"3 Byrds","floor":18,"turns":2},{"damage":0,"enemies":"Spheric Guardian","floor":21,"turns":3},{"damage":6,"enemies":"Gremlin Leader","floor":23,"turns":5},{"damage":11,"enemies":"Snake Plant","floor":27,"turns":2},{"damage":0,"enemies":"Snecko","floor":28,"turns":3},{"damage":1,"enemies":"Shelled Parasite and Fungi","floor":29,"turns":3},{"damage":0,"enemies":"Snake Plant","floor":30,"turns":3},{"damage":32,"enemies":"Collector","floor":33,"turns":6},{"damage":48,"enemies":"3 Shapes","floor":35,"turns":4},{"damage":0,"enemies":"3 Darklings","floor":36,"turns":3},{"damage":20,"enemies":"Jaw Worm Horde","floor":39,"turns":3},{"damage":8,"enemies":"Nemesis","floor":41,"turns":5},{"damage":11,"enemies":"Spire Growth","floor":44,"turns":4},{"damage":14,"enemies":"3 Darklings","floor":46,"turns":5},{"damage":51,"enemies":"Awakened One","floor":50,"turns":3}],"seed_played":"-5666442529025786850","potions_obtained":[{"floor":7,"key":"Poison Potion"},{"floor":11,"key":"Strength Potion"},{"floor":12,"key":"Fire Potion"},{"floor":23,"key":"SpeedPotion"},{"floor":28,"key":"Explosive Potion"},{"floor":39,"key":"Regen Potion"}],"is_trial":false,"path_per_floor":["M","M","?","?","M","R","M","R","T","E","M","M","?","$","R","B",null,"M","?","?","M","$","E","R","$","T","M","M","M","M","$","R","B",null,"M","M","?","?","M","R","E","R","T","M","R","M","R","$","R","B"],"character_chosen":"DEFECT","items_purchased":["HandDrill","Coolheaded","Loop+1","Bottled Tornado"],"campfire_rested":0,"item_purchase_floors":[14,14,31,48],"current_hp_per_floor":[74,74,63,45,45,45,33,33,33,42,42,32,32,32,32,32,85,85,85,85,85,85,79,79,79,79,68,68,77,85,85,85,63,85,57,67,67,67,47,47,59,59,59,58,58,44,44,44,44,0],"gold":11,"neow_bonus":"HUNDRED_GOLD","is_prod":false,"is_daily":false,"chose_seed":false,"campfire_upgraded":9,"win_rate":0,"timestamp":1557195310,"path_taken":["M","?","?","?","?","R","M","R","T","E","M","M","?","$","R","BOSS","M","?","?","M","$","E","R","$","T","M","M","?","M","$","R","BOSS","M","M","?","?","M","R","E","R","T","?","R","M","R","$","R","BOSS"],"build_version":"2019-01-23","purchased_purges":2,"victory":false,"max_hp_per_floor":[75,75,75,75,75,75,75,75,75,85,85,85,85,85,85,85,85,85,85,85,85,85,85,85,85,85,85,85,85,85,85,85,85,85,85,85,85,85,85,85,85,85,85,85,85,85,85,85,85,85],"card_choices":[{"not_picked":["Compile Driver","Stack"],"picked":"Leap","floor":1},{"not_picked":["Steam","Gash"],"picked":"Go for the Eyes","floor":2},{"not_picked":["Lockon","Conserve Battery"],"picked":"Buffer","floor":5},{"not_picked":["Tempest","Reprogram"],"picked":"Go for the Eyes","floor":7},{"not_picked":["Rebound","Tempest"],"picked":"Defragment","floor":10},{"not_picked":["FTL","Rip and Tear","Streamline"],"picked":"SKIP","floor":11},{"not_picked":["Capacitor","Reinforced Body"],"picked":"Scrape","floor":12},{"not_picked":["Multi-Cast","Hyperbeam"],"picked":"Electrodynamics","floor":16},{"not_picked":["Rip and Tear","Gash"],"picked":"Ball Lightning+1","floor":18},{"not_picked":["Go for the Eyes","Melter+1"],"picked":"Hologram","floor":21},{"not_picked":["Beam Cell","Scrape+1","Hologram"],"picked":"SKIP","floor":23},{"not_picked":["Chaos","Auto Shields"],"picked":"Beam Cell+1","floor":27},{"not_picked":["Storm+1","Rebound"],"picked":"Self Repair+1","floor":28},{"not_picked":["Gash","Coolheaded","Heatsinks+1"],"picked":"SKIP","floor":29},{"not_picked":["Stack","Go for the Eyes","Creative AI+1"],"picked":"SKIP","floor":30},{"not_picked":["Fission","Buffer+1"],"picked":"Echo Form+1","floor":33},{"not_picked":["BootSequence","Barrage"],"picked":"Capacitor+1","floor":35},{"not_picked":["Gash+1","Steam"],"picked":"Loop+1","floor":36},{"not_picked":["Beam Cell","Leap"],"picked":"Cold Snap","floor":39},{"not_picked":["Chill+1","Leap+1"],"picked":"Thunder Strike","floor":41},{"not_picked":["Lockon+1","Sunder"],"picked":"Steam Power+1","floor":44},{"not_picked":["Beam Cell","Compile Driver+1"],"picked":"Ball Lightning+1","floor":46}],"player_experience":134440,"relics_obtained":[{"floor":9,"key":"Symbiotic Virus"},{"floor":10,"key":"Pear"},{"floor":23,"key":"Pen Nib"},{"floor":26,"key":"Bag of Marbles"},{"floor":41,"key":"Dodecahedron"}],"event_choices":[{"damage_healed":0,"gold_gain":75,"player_choice":"Gather Gold","damage_taken":11,"max_hp_gain":0,"max_hp_loss":0,"event_name":"World of Goop","floor":3,"gold_loss":0},{"damage_healed":0,"gold_gain":0,"player_choice":"Success","damage_taken":18,"relics_obtained":["Anchor"],"max_hp_gain":0,"max_hp_loss":0,"event_name":"Scrap Ooze","floor":4,"gold_loss":0},{"damage_healed":0,"gold_gain":0,"cards_transformed":["Strike_B"],"player_choice":"Transformed","damage_taken":0,"max_hp_gain":0,"max_hp_loss":0,"event_name":"Transmorgrifier","floor":13,"gold_loss":0,"cards_obtained":["Biased Cognition"]},{"damage_healed":0,"gold_gain":0,"player_choice":"Obtained Relic","damage_taken":0,"relics_obtained":["Frozen Egg 2"],"max_hp_gain":0,"max_hp_loss":0,"event_name":"Addict","floor":19,"gold_loss":85},{"damage_healed":0,"gold_gain":0,"player_choice":"Copied","damage_taken":0,"max_hp_gain":0,"max_hp_loss":0,"event_name":"Duplicator","floor":20,"gold_loss":0,"cards_obtained":["Defragment"]},{"cards_removed":["Aggregate"],"damage_healed":0,"gold_gain":0,"player_choice":"Removed Skill","damage_taken":0,"max_hp_gain":0,"max_hp_loss":0,"event_name":"Falling","floor":37,"gold_loss":0},{"cards_removed":["Dualcast"],"damage_healed":0,"gold_gain":0,"player_choice":"Purged","damage_taken":0,"max_hp_gain":0,"max_hp_loss":0,"event_name":"Purifier","floor":38,"gold_loss":0}],"is_beta":false,"boss_relics":[{"not_picked":["Eternal Feather","Calling Bell"],"picked":"Pandora\u0027s Box"},{"not_picked":["Snecko Eye","Velvet Choker"],"picked":"Coffee Dripper"}],"items_purged_floors":[14,22],"is_endless":false,"potions_floor_spawned":[7,11,12,23,28,30,33,36,39],"killed_by":"Awakened One","ascension_level":1}