{"gold_per_floor":[114,114,33,44,64,64,97,97,146,164,183,197,209,234,234,332,332,347,347,347,425,443,443,473,473,521,548,548,575,575,281,281,379,379,397,74,84,129,4,0,33,33,58,58,71,71,71,97,97,97],"floor_reached":51,"playtime":2767,"items_purged":["Strike_B","Defend_B","Defend_B"],"score":1232,"play_id":"63e19f95-cf28-4503-bd81-b90330f3b566","local_time":"20190611135145","is_ascension_mode":true,"campfire_choices":[{"data":"Defragment","floor":6,"key":"SMITH"},{"floor":8,"key":"REST"},{"floor":15,"key":"REST"},{"data":"Storm","floor":23,"key":"SMITH"},{"data":"Ghostly","floor":28,"key":"SMITH"},{"data":"Machine Learning","floor":30,"key":"SMITH"},{"floor":32,"key":"REST"},{"data":"Ghostly","floor":42,"key":"SMITH"},{"data":"Ghostly","floor":46,"key":"SMITH"},{"data":"Creative AI","floor":49,"key":"SMITH"}],"neow_cost":"NONE","seed_source_timestamp":1983499400048700,"circlet_count":0,"master_deck":["Strike_B","Strike_B+1","Defend_B","Defend_B","Zap","Dualcast","Thunder Strike","Steam","Loop","Defragment+1","Steam","Machine Learning+1","Ball Lightning+1","Chill","Storm+1","Electrodynamics","Conserve Battery","Ghostly+1","Ghostly+1","Ghostly","Ghostly","Ghostly+1","Coolheaded+1","Compile Driver","Heatsinks","Creative AI+1","Cold Snap","Rebound+1","Hologram+1"],"relics":["Cracked Core","Lantern","Meat on the Bone","Centennial Puzzle","Anchor","Snecko Eye","Cables","Blood Vial","Whetstone","Oddly Smooth Stone","Omamori","Art of War","Cursed Key","OrangePellets","Calipers","Red Mask","Strawberry","Boot","Dream Catcher"],"potions_floor_usage":[13,29,29,50],"damage_taken":[{"damage":2,"enemies":"Jaw Worm","floor":1,"turns":3},{"damage":1,"enemies":"Cultist","floor":4,"turns":4},{"damage":5,"enemies":"Small Slimes","floor":5,"turns":4},{"damage":28,"enemies":"Gremlin Nob","floor":7,"turns":4},{"damage":7,"enemies":"Blue Slaver","floor":10,"turns":3},{"damage":10,"enemies":"Exordium Wildlife","floor":11,"turns":4},{"damage":0,"enemies":"Looter","floor":12,"turns":3},{"damage":0,"enemies":"2 Fungi Beasts","floor":13,"turns":2},{"damage":5,"enemies":"Lagavulin","floor":14,"turns":7},{"damage":5,"enemies":"The Guardian","floor":16,"turns":9},{"damage":2,"enemies":"3 Byrds","floor":18,"turns":4},{"damage":2,"enemies":"Chosen","floor":22,"turns":4},{"damage":1,"enemies":"Slavers","floor":24,"turns":4},{"damage":13,"enemies":"Book of Stabbing","floor":27,"turns":5},{"damage":0,"enemies":"Slavers","floor":29,"turns":3},{"damage":20,"enemies":"Champ","floor":33,"turns":10},{"damage":0,"enemies":"Orb Walker","floor":35,"turns":3},{"damage":2,"enemies":"3 Darklings","floor":37,"turns":3},{"damage":0,"enemies":"2 Orb Walkers","floor":38,"turns":4},{"damage":0,"enemies":"Giant Head","floor":41,"turns":9},{"damage":0,"enemies":"Spire Growth","floor":45,"turns":5},{"damage":0,"enemies":"Reptomancer","floor":48,"turns":5},{"damage":0,"enemies":"Donu and Deca","floor":50,"turns":6}],"seed_played":"-5071339167925842146","potions_obtained":[{"floor":4,"key":"FearPotion"},{"floor":5,"key":"Explosive Potion"},{"floor":7,"key":"Poison Potion"},{"floor":11,"key":"SkillPotion"},{"floor":13,"key":"Ancient Potion"},{"floor":16,"key":"Energy Potion"},{"floor":27,"key":"PowerPotion"},{"floor":29,"key":"Explosive Potion"},{"floor":33,"key":"Explosive Potion"},{"floor":38,"key":"PowerPotion"}],"is_trial":false,"path_per_floor":["M","?","$","M","M","R","E","R","T","M","M","M","M","E","R","B",null,"M","?","?","T","M","R","E","?","T","E","R","E","R","$","R","B",null,"M","$","M","?","$","?","E","R","T","$","M","R","?","E","R","B",null],"character_chosen":"DEFECT","items_purchased":["Loop","Heatsinks","Art of War","OrangePellets","Cold Snap"],"campfire_rested":3,"item_purchase_floors":[3,31,31,36,36],"current_hp_per_floor":[66,66,66,65,60,60,32,54,54,47,49,49,49,44,66,61,72,70,70,37,37,35,35,34,34,34,23,23,25,25,25,36,29,35,37,37,35,37,37,37,44,44,44,44,44,44,44,44,44,44],"gold":97,"neow_bonus":"ONE_RANDOM_RARE_CARD","is_prod":false,"is_daily":false,"chose_seed":false,"campfire_upgraded":7,"win_rate":0,"timestamp":1560279105,"path_taken":["M","?","$","M","M","R","E","R","T","M","M","M","M","E","R","BOSS","M","?","?","?","M","R","E","?","T","E","R","E","R","$","R","BOSS","M","$","M","?","$","?","E","R","T","?","M","R","?","E","R","BOSS"],"build_version":"2019-01-23","purchased_purges":3,"victory":true,"max_hp_per_floor":[75,75,75,75,75,75,75,75,75,75,75,75,75,75,75,75,75,75,75,37,37,37,37,37,37,37,37,37,37,37,37,37,37,37,37,37,37,37,37,37,44,44,44,44,44,44,44,44,44,44],"card_choices":[{"not_picked":["Turbo","Hologram"],"picked":"Steam","floor":1},{"not_picked":["Go for the Eyes","Barrage"],"picked":"Defragment","floor":4},{"not_picked":["Rebound","Beam Cell"],"picked":"Steam","floor":5},{"not_picked":["Cold Snap","Gash"],"picked":"Machine Learning","floor":7},{"not_picked":["Aggregate","Conserve Battery"],"picked":"Ball Lightning","floor":10},{"not_picked":["Sweeping Beam","Streamline"],"picked":"Chill","floor":11},{"not_picked":["Sweeping Beam","Cold Snap","Aggregate"],"picked":"SKIP","floor":12},{"not_picked":["Sunder","Fusion"],"picked":"Coolheaded","floor":13},{"not_picked":["Undo","Fission"],"picked":"Storm","floor":14},{"not_picked":["All For One","Buffer"],"picked":"Electrodynamics","floor":16},{"not_picked":["Barrage","Chaos+1"],"picked":"Conserve Battery","floor":18},{"not_picked":["Ball Lightning","Leap"],"picked":"Coolheaded+1","floor":22},{"not_picked":["Tempest","BootSequence+1","Redo"],"picked":"SKIP","floor":24},{"not_picked":["Tempest","FTL","Multi-Cast"],"picked":"SKIP","floor":27},{"not_picked":["Turbo","Skim"],"picked":"Compile Driver","floor":29},{"not_picked":["Biased Cognition","Multi-Cast"],"picked":"Creative AI","floor":33},{"not_picked":["Sweeping Beam","Chill","Streamline+1"],"picked":"SKIP","floor":35},{"not_picked":["Go for the Eyes","Reprogram"],"picked":"Rebound+1","floor":37},{"not_picked":["Steam+1","Redo"],"picked":"Hologram+1","floor":41},{"not_picked":["Gash+1","Cold Snap+1","FTL+1"],"picked":"SKIP","floor":45},{"not_picked":["Undo+1","Hyperbeam","Chaos+1"],"picked":"SKIP","floor":48}],"player_experience":322365,"relics_obtained":[{"floor":2,"key":"Lantern"},{"floor":7,"key":"Meat on the Bone"},{"floor":9,"key":"Centennial Puzzle"},{"floor":14,"key":"Anchor"},{"floor":21,"key":"Cables"},{"floor":24,"key":"Blood Vial"},{"floor":26,"key":"Whetstone"},{"floor":27,"key":"Oddly Smooth Stone"},{"floor":29,"key":"Omamori"},{"floor":38,"key":"Calipers"},{"floor":41,"key":"Strawberry"},{"floor":43,"key":"Boot"},{"floor":48,"key":"Dream Catcher"}],"event_choices":[{"damage_healed":0,"gold_gain":0,"player_choice":"Relic","damage_taken":0,"max_hp_gain":0,"max_hp_loss":0,"event_name":"Wheel of Change","floor":2,"gold_loss":0},{"damage_healed":0,"gold_gain":0,"player_choice":"Ignored","damage_taken":0,"max_hp_gain":0,"max_hp_loss":0,"event_name":"Cursed Tome","floor":19,"gold_loss":0},{"damage_healed":0,"gold_gain":0,"player_choice":"Became a Ghost","damage_taken":0,"max_hp_gain":0,"max_hp_loss":38,"event_name":"Ghosts","floor":20,"gold_loss":0,"cards_obtained":["Ghostly","Ghostly","Ghostly","Ghostly","Ghostly"]},{"cards_removed":["Strike_B"],"damage_healed":0,"gold_gain":0,"player_choice":"Elegance","damage_taken":0,"max_hp_gain":0,"max_hp_loss":0,"event_name":"Back to Basics","floor":25,"gold_loss":0},{"damage_healed":0,"gold_gain":0,"player_choice":"Fight","damage_taken":0,"max_hp_gain":0,"max_hp_loss":0,"event_name":"Mysterious Sphere","floor":38,"gold_loss":0},{"damage_healed":0,"gold_gain":0,"player_choice":"Paid","damage_taken":0,"relics_obtained":["Red Mask"],"max_hp_gain":0,"max_hp_loss":0,"event_name":"Tomb of Lord Red Mask","floor":40,"gold_loss":4},{"cards_removed":["Coolheaded"],"damage_healed":0,"gold_gain":0,"player_choice":"Removed Skill","damage_taken":0,"max_hp_gain":0,"max_hp_loss":0,"event_name":"Falling","floor":47,"gold_loss":0}],"is_beta":false,"boss_relics":[{"not_picked":["Velvet Choker","Nuclear Battery"],"picked":"Snecko Eye"},{"not_picked":["Busted Crown","Eternal Feather"],"picked":"Cursed Key"}],"items_purged_floors":[31,36,39],"is_endless":false,"potions_floor_spawned":[4,5,7,11,13,16,27,29,33,37,38,41,45],"ascension_level":8}