{"gold_per_floor":[111,40,40,40,54,54,98,98,98,134,134,157,175,175,175,301,301,315,330,255,255,271,311,311,347,347,347,347,347,372,391,391,486,486,498,510,510,521,521,548,567,615,641,641,652,652,672,684,684,684,684,684,32,60,60],"floor_reached":55,"playtime":3458,"items_purged":["Redo","Beam Cell"],"score":995,"play_id":"dd9ffaf1-045c-45e0-8bae-c9505863beab","local_time":"20190603161248","is_ascension_mode":true,"campfire_choices":[{"data":"Ball Lightning","floor":6.0,"key":"SMITH"},{"data":"Zap","floor":8.0,"key":"SMITH"},{"data":"Compile Driver","floor":11.0,"key":"SMITH"},{"data":"Self Repair","floor":15.0,"key":"SMITH"},{"data":"Biased Cognition","floor":24.0,"key":"SMITH"},{"data":"Buffer","floor":27.0,"key":"SMITH"},{"data":"Core Surge","floor":32.0,"key":"SMITH"},{"data":"Echo Form","floor":44.0,"key":"SMITH"},{"floor":49.0,"key":"RECALL"},{"data":"Consume","floor":52.0,"key":"SMITH"}],"neow_cost":"TEN_PERCENT_HP_LOSS","seed_source_timestamp":1299235466946300,"circlet_count":0,"master_deck":["Zap+1","Dualcast+1","Ball Lightning+1","Compile Driver+1","Leap","Rip and Tear","Cold Snap","Self Repair+1","Beam Cell","Beam Cell","Biased Cognition+1","Core Surge+1","Undo","Auto Shields","Electrodynamics","Recycle+1","Skim","Coolheaded+1","Buffer+1","All For One","Consume+1","Echo Form+1","Compile Driver+1","Capacitor","Double Energy+1","Flash of Steel","Steam+1","Glacier","Capacitor+1","Parasite","Defragment+1"],"special_seed":0,"relics":["Cracked Core","Incense Burner","Bloody Idol","Oddly Smooth Stone","Pocketwatch","Kunai","Pandora\u0027s Box","Ancient Tea Set","War Paint","Gambling Chip","Question Card","Philosopher\u0027s Stone","PreservedInsect","FossilizedHelix","Pantograph","Toy Ornithopter","Unceasing Top"],"potions_floor_usage":[55],"damage_taken":[{"damage":5.0,"enemies":"2 Louse","floor":1.0,"turns":2.0},{"damage":0.0,"enemies":"Cultist","floor":5.0,"turns":3.0},{"damage":1.0,"enemies":"3 Sentries","floor":7.0,"turns":5.0},{"damage":9.0,"enemies":"Lagavulin","floor":10.0,"turns":6.0},{"damage":0.0,"enemies":"Small Slimes","floor":12.0,"turns":2.0},{"damage":0.0,"enemies":"2 Fungi Beasts","floor":13.0,"turns":2.0},{"damage":0.0,"enemies":"Slime Boss","floor":16.0,"turns":4.0},{"damage":0.0,"enemies":"3 Byrds","floor":18.0,"turns":1.0},{"damage":0.0,"enemies":"Chosen","floor":19.0,"turns":3.0},{"damage":0.0,"enemies":"Centurion and Healer","floor":22.0,"turns":4.0},{"damage":9.0,"enemies":"Gremlin Leader","floor":23.0,"turns":5.0},{"damage":30.0,"enemies":"Book of Stabbing","floor":25.0,"turns":6.0},{"damage":12.0,"enemies":"Gremlin Leader","floor":30.0,"turns":4.0},{"damage":4.0,"enemies":"Sentry and Sphere","floor":31.0,"turns":4.0},{"damage":1.0,"enemies":"Champ","floor":33.0,"turns":10.0},{"damage":10.0,"enemies":"3 Shapes","floor":35.0,"turns":3.0},{"damage":1.0,"enemies":"3 Darklings","floor":36.0,"turns":3.0},{"damage":17.0,"enemies":"Jaw Worm Horde","floor":38.0,"turns":3.0},{"damage":20.0,"enemies":"Reptomancer","floor":40.0,"turns":5.0},{"damage":17.0,"enemies":"Spire Growth","floor":41.0,"turns":6.0},{"damage":29.0,"enemies":"2 Orb Walkers","floor":42.0,"turns":4.0},{"damage":26.0,"enemies":"Sphere and 2 Shapes","floor":45.0,"turns":4.0},{"damage":0.0,"enemies":"4 Shapes","floor":47.0,"turns":5.0},{"damage":0.0,"enemies":"Writhing Mass","floor":48.0,"turns":5.0},{"damage":28.0,"enemies":"Awakened One","floor":50.0,"turns":12.0},{"damage":41.0,"enemies":"Shield and Spear","floor":54.0,"turns":5.0},{"damage":68,"enemies":"The Heart","floor":55,"turns":2}],"seed_played":"-6599337196820375448","potions_obtained":[{"floor":1.0,"key":"Dexterity Potion"},{"floor":5.0,"key":"EssenceOfSteel"},{"floor":13.0,"key":"AttackPotion"},{"floor":25.0,"key":"EssenceOfSteel"},{"floor":30.0,"key":"FairyPotion"},{"floor":47.0,"key":"PowerPotion"}],"is_trial":false,"path_per_floor":["M","$","?","?","M","R","E","R","T","E","R","M","M","?","R","B",null,"M","M","$","?","M","E","R","E","T","R","?","?","E","M","R","B",null,"M","M","?","M","?","E","M","?","T","R","M","?","M","M","R","B",null,"R","$","E","B"],"character_chosen":"DEFECT","items_purchased":["Compile Driver","Leap","Energy Potion","Pantograph","SteroidPotion","Toy Ornithopter"],"campfire_rested":0,"item_purchase_floors":[2,2,53,53,53,53],"current_hp_per_floor":[63,63,46,46,46,46,45,45,45,43,43,43,50,50,50,50,64,64,64,64,64,68,68,68,38,38,38,38,38,41,52,52,66,68,68,68,68,66,66,68,66,42,47,47,46,46,61,68,68,50,64,64,64,37,0],"gold":60,"neow_bonus":"ONE_RARE_RELIC","is_prod":false,"is_daily":false,"chose_seed":false,"campfire_upgraded":9,"win_rate":0,"timestamp":1559596368,"path_taken":["M","$","?","?","M","R","E","R","T","E","R","M","?","?","R","BOSS","M","M","$","?","M","E","R","E","T","R","?","?","E","M","R","BOSS","M","M","?","M","?","E","M","?","T","R","M","?","M","M","R","BOSS","R","$","E","BOSS"],"build_version":"2019-01-23","purchased_purges":2,"victory":false,"max_hp_per_floor":[68,68,68,68,68,68,68,68,68,68,68,68,68,68,68,68,68,68,68,68,68,68,68,68,68,68,68,68,68,68,68,68,68,68,68,68,68,68,68,68,68,68,68,68,68,68,68,68,68,68,68,68,68,68,68],"card_choices":[{"not_picked":["Heatsinks","Steam"],"picked":"Ball Lightning","floor":1.0},{"not_picked":["Tempest","Aggregate"],"picked":"Cold Snap","floor":5.0},{"not_picked":["Hello World","Turbo"],"picked":"Self Repair","floor":7.0},{"not_picked":["Auto Shields","Gash"],"picked":"Beam Cell","floor":10.0},{"not_picked":["Scrape","Auto Shields"],"picked":"Beam Cell","floor":12.0},{"not_picked":["Go for the Eyes","Ball Lightning"],"picked":"Biased Cognition","floor":13.0},{"not_picked":["Creative AI","Fission"],"picked":"Core Surge","floor":16.0},{"not_picked":["Undo","Streamline"],"picked":"Recycle","floor":18.0},{"not_picked":["Hologram","Redo","Gash"],"picked":"SKIP","floor":19.0},{"not_picked":["Auto Shields","Steam"],"picked":"Coolheaded+1","floor":22.0},{"not_picked":["Turbo","Streamline"],"picked":"Buffer","floor":23.0},{"not_picked":["Streamline","Hologram+1"],"picked":"All For One","floor":25.0},{"not_picked":["Cold Snap","Sweeping Beam"],"picked":"Capacitor","floor":30.0},{"not_picked":["Reprogram+1","Streamline","Static Discharge"],"picked":"Consume","floor":31.0},{"not_picked":["Hyperbeam","Rainbow","Machine Learning"],"picked":"Echo Form","floor":33.0},{"not_picked":["Sweeping Beam+1","Blizzard+1","Cold Snap"],"picked":"Compile Driver+1","floor":35.0},{"not_picked":["Blizzard","Barrage+1","Recycle+1"],"picked":"Capacitor","floor":36.0},{"not_picked":["Aggregate","Rebound","White Noise+1"],"picked":"Double Energy+1","floor":38.0},{"not_picked":["Transmutation","Good Instincts","Trip"],"picked":"Flash of Steel","floor":39.0},{"not_picked":["Conserve Battery+1","Lockon+1","Aggregate+1","Force Field"],"picked":"SKIP","floor":40.0},{"not_picked":["Hologram+1","Beam Cell","Gash+1","Skim+1"],"picked":"SKIP","floor":41.0},{"not_picked":["Blizzard+1","Heatsinks+1","Sweeping Beam+1"],"picked":"Steam+1","floor":42.0},{"not_picked":["Sunder","Barrage","Creative AI"],"picked":"Glacier","floor":45.0},{"not_picked":["Consume+1","Conserve Battery","Self Repair+1"],"picked":"Capacitor+1","floor":47.0},{"not_picked":["Conserve Battery+1","Loop","Darkness+1","Lockon+1"],"picked":"SKIP","floor":48.0},{"not_picked":["Hologram+1","Barrage+1","Cold Snap"],"picked":"Defragment+1","floor":54.0}],"player_experience":268478,"relics_obtained":[{"floor":7.0,"key":"Oddly Smooth Stone"},{"floor":9.0,"key":"Pocketwatch"},{"floor":10.0,"key":"Kunai"},{"floor":23.0,"key":"Ancient Tea Set"},{"floor":25.0,"key":"War Paint"},{"floor":26.0,"key":"Gambling Chip"},{"floor":30.0,"key":"Question Card"},{"floor":40.0,"key":"PreservedInsect"},{"floor":42.0,"key":"FossilizedHelix"},{"floor":54.0,"key":"Unceasing Top"}],"event_choices":[{"damage_healed":0.0,"max_hp_gain":0.0,"max_hp_loss":0.0,"gold_gain":0.0,"event_name":"Golden Idol","player_choice":"Take Damage","floor":3.0,"gold_loss":0.0,"damage_taken":17.0,"relics_obtained":["Golden Idol"]},{"damage_healed":0.0,"max_hp_gain":0.0,"max_hp_loss":0.0,"gold_gain":0.0,"cards_transformed":["Strike_B"],"event_name":"Transmorgrifier","player_choice":"Transformed","floor":4.0,"gold_loss":0.0,"damage_taken":0.0,"cards_obtained":["Rip and Tear"]},{"damage_healed":0.0,"max_hp_gain":0.0,"max_hp_loss":0.0,"gold_gain":0.0,"event_name":"Liars Game","player_choice":"Ignored","floor":14.0,"gold_loss":0.0,"damage_taken":0.0},{"damage_healed":0.0,"max_hp_gain":0.0,"max_hp_loss":0.0,"gold_gain":0.0,"cards_transformed":["Streamline","Force Field"],"event_name":"Drug Dealer","player_choice":"Became Test Subject","floor":21.0,"gold_loss":0.0,"damage_taken":0.0,"cards_obtained":["Skim","Thunder Strike"]},{"damage_healed":0.0,"max_hp_gain":0.0,"max_hp_loss":0.0,"gold_gain":0.0,"event_name":"Forgotten Altar","player_choice":"Gave Idol","floor":28.0,"relics_lost":["Golden Idol"],"gold_loss":0.0,"damage_taken":0.0,"relics_obtained":["Bloody Idol"]},{"cards_removed":["Thunder Strike"],"damage_healed":0.0,"max_hp_gain":0.0,"max_hp_loss":0.0,"gold_gain":0.0,"event_name":"Back to Basics","player_choice":"Elegance","floor":29.0,"gold_loss":0.0,"damage_taken":0.0},{"damage_healed":0.0,"max_hp_gain":0.0,"max_hp_loss":0.0,"gold_gain":0.0,"event_name":"Tomb of Lord Red Mask","player_choice":"Ignored","floor":37.0,"gold_loss":0.0,"damage_taken":0.0},{"damage_healed":0.0,"max_hp_gain":0.0,"max_hp_loss":0.0,"gold_gain":0.0,"event_name":"SensoryStone","player_choice":"Memory 1","floor":39.0,"gold_loss":0.0,"damage_taken":0.0},{"damage_healed":0.0,"max_hp_gain":0.0,"max_hp_loss":0.0,"gold_gain":0.0,"event_name":"Mysterious Sphere","player_choice":"Fight","floor":42.0,"gold_loss":0.0,"damage_taken":0.0},{"cards_removed":["Capacitor"],"damage_healed":0.0,"max_hp_gain":0.0,"max_hp_loss":0.0,"gold_gain":0.0,"event_name":"Falling","player_choice":"Removed Power","floor":46.0,"gold_loss":0.0,"damage_taken":0.0}],"is_beta":false,"boss_relics":[{"not_picked":["Lizard Tail","Cursed Key"],"picked":"Pandora\u0027s Box"},{"not_picked":["Runic Dome","Black Star"],"picked":"Philosopher\u0027s Stone"}],"items_purged_floors":[20,53],"is_endless":false,"potions_floor_spawned":[1,5,13,25,30,33,38,41,47,48],"killed_by":"The Heart","ascension_level":6}