{"gold_per_floor":[111,130,130,150,170,170,95,114,114,114,137,137,137,137,137,137],"floor_reached":16,"playtime":756,"items_purged":[],"score":179,"play_id":"61238f00-8165-42e0-b59b-1e57cde338f8","local_time":"20190222194502","is_ascension_mode":true,"campfire_choices":[{"data":"Well Laid Plans","floor":6,"key":"SMITH"},{"data":"Cloak And Dagger","floor":13,"key":"SMITH"},{"data":"Venomology","floor":15,"key":"SMITH"}],"neow_cost":"NONE","seed_source_timestamp":64958213565427,"circlet_count":0,"master_deck":["AscendersBane","Defend_G","Defend_G","Defend_G","Defend_G","Defend_G","Strike_G","Strike_G","Strike_G","Strike_G","Survivor","Neutralize","Crippling Poison","Infinite Blades","Well Laid Plans+1","Venomology+1","Cloak And Dagger+1"],"relics":["WristBlade","Golden Idol","Mango","NlothsMask"],"potions_floor_usage":[4,7,11,16],"damage_taken":[{"damage":6,"enemies":"Small Slimes","floor":1,"turns":5},{"damage":3,"enemies":"Jaw Worm","floor":2,"turns":5},{"damage":6,"enemies":"2 Louse","floor":4,"turns":4},{"damage":16,"enemies":"Exordium Thugs","floor":5,"turns":6},{"damage":7,"enemies":"Large Slime","floor":8,"turns":6},{"damage":2,"enemies":"Looter","floor":11,"turns":5},{"damage":55,"enemies":"Hexaghost","floor":16,"turns":14}],"seed_played":"2489146298622612853","potions_obtained":[{"floor":2,"key":"Fruit Juice"},{"floor":4,"key":"Fruit Juice"},{"floor":10,"key":"LiquidBronze"},{"floor":10,"key":"Swift Potion"},{"floor":11,"key":"Dexterity Potion"}],"is_trial":false,"path_per_floor":["M","M","?","M","M","R","?","M","T","?","M","$","R","?","R","B"],"character_chosen":"THE_SILENT","items_purchased":[],"campfire_rested":0,"item_purchase_floors":[],"current_hp_per_floor":[53,50,50,49,33,33,38,31,45,45,43,43,43,43,43,0],"gold":137,"neow_bonus":"BOSS_RELIC","is_prod":false,"is_daily":false,"chose_seed":false,"campfire_upgraded":3,"win_rate":0,"timestamp":1550853902,"path_taken":["M","M","?","M","M","R","?","?","T","?","M","?","R","?","R","BOSS"],"build_version":"2019-01-23","purchased_purges":0,"victory":false,"max_hp_per_floor":[66,66,60,65,65,65,70,70,84,84,84,84,84,84,84,84],"card_choices":[{"not_picked":["Dagger Spray","Slice"],"picked":"Crippling Poison","floor":1},{"not_picked":["Dagger Throw","Leg Sweep"],"picked":"Infinite Blades","floor":2},{"not_picked":["Slice","Underhanded Strike"],"picked":"Well Laid Plans","floor":4},{"not_picked":["Concentrate","Dagger Throw","Blade Dance"],"picked":"SKIP","floor":5},{"not_picked":["Reflex","Endless Agony"],"picked":"Venomology","floor":8},{"not_picked":["Poisoned Stab","Blade Dance"],"picked":"Cloak And Dagger","floor":11}],"player_experience":980311,"relics_obtained":[{"floor":9,"key":"Mango"}],"event_choices":[{"damage_healed":0,"gold_gain":0,"player_choice":"Lose Max HP","damage_taken":0,"relics_obtained":["Golden Idol"],"max_hp_gain":0,"max_hp_loss":6,"event_name":"Golden Idol","floor":3,"gold_loss":0},{"cards_removed":["Strike_G"],"damage_healed":0,"gold_gain":0,"player_choice":"Card Removal","damage_taken":0,"max_hp_gain":0,"max_hp_loss":0,"event_name":"The Cleric","floor":7,"gold_loss":75},{"damage_healed":0,"gold_gain":0,"player_choice":"Got Potions","damage_taken":0,"max_hp_gain":0,"max_hp_loss":0,"event_name":"Lab","floor":10,"gold_loss":0},{"damage_healed":0,"gold_gain":0,"player_choice":"Trade","damage_taken":0,"relics_obtained":["NlothsMask"],"max_hp_gain":0,"max_hp_loss":0,"event_name":"FaceTrader","floor":14,"gold_loss":0}],"is_beta":false,"boss_relics":[],"items_purged_floors":[],"is_endless":false,"potions_floor_spawned":[2,4,11],"killed_by":"Hexaghost","ascension_level":19}