{"gold_per_floor":[118,137,137,157,82,82,95,95,118,135,135,135,150,167,167,267,267,284,304,304,324,337,337,355,372,372,372,390,390,390,390,390,390],"floor_reached":33,"playtime":3002,"items_purged":["Defend_G"],"score":243,"play_id":"159a2521-f519-42f5-bd07-756fca51186a","local_time":"20190426222222","is_ascension_mode":false,"campfire_choices":[{"data":"Endless Agony","floor":6,"key":"SMITH"},{"floor":8,"key":"REST"},{"data":"Adrenaline","floor":12,"key":"SMITH"},{"floor":15,"key":"REST"},{"floor":23,"key":"REST"},{"floor":27,"key":"REST"},{"floor":30,"key":"REST"},{"floor":32,"key":"REST"}],"neow_cost":"NONE","seed_source_timestamp":718818625369600,"circlet_count":0,"master_deck":["Defend_G","Defend_G","Defend_G","Strike_G","Strike_G","Strike_G","Strike_G","Strike_G","Survivor","Neutralize","Heel Hook","Endless Agony+1","Leg Sweep","Adrenaline+1","Dagger Throw","Corpse Explosion","Endless Agony","Backflip","Reflex","Endless Agony+1","Reflex","Catalyst+1","RitualDagger"],"relics":["Ring of the Serpent","Blood Vial","Girya","MutagenicStrength"],"potions_floor_usage":[2,16,19,21,22,24,25,28],"damage_taken":[{"damage":6,"enemies":"Small Slimes","floor":1,"turns":4},{"damage":3,"enemies":"Jaw Worm","floor":2,"turns":3},{"damage":0,"enemies":"2 Louse","floor":4,"turns":2},{"damage":9,"enemies":"Exordium Thugs","floor":7,"turns":6},{"damage":0,"enemies":"Red Slaver","floor":10,"turns":3},{"damage":13,"enemies":"Large Slime","floor":13,"turns":8},{"damage":2,"enemies":"Lots of Slimes","floor":14,"turns":3},{"damage":10,"enemies":"Slime Boss","floor":16,"turns":6},{"damage":20,"enemies":"2 Thieves","floor":18,"turns":3},{"damage":1,"enemies":"Chosen","floor":19,"turns":6},{"damage":37,"enemies":"Sentry and Sphere","floor":21,"turns":6},{"damage":17,"enemies":"Shelled Parasite and Fungi","floor":22,"turns":8},{"damage":13,"enemies":"Cultist and Chosen","floor":24,"turns":6},{"damage":10,"enemies":"Centurion and Healer","floor":25,"turns":4},{"damage":15,"enemies":"Shelled Parasite and Fungi","floor":28,"turns":5},{"damage":78,"enemies":"Automaton","floor":33,"turns":6}],"seed_played":"2355462431368065992","potions_obtained":[{"floor":1,"key":"GamblersBrew"},{"floor":4,"key":"Dexterity Potion"},{"floor":13,"key":"SteroidPotion"},{"floor":16,"key":"SpeedPotion"},{"floor":18,"key":"SkillPotion"},{"floor":22,"key":"EssenceOfSteel"},{"floor":24,"key":"PowerPotion"},{"floor":25,"key":"Swift Potion"},{"floor":28,"key":"GamblersBrew"}],"is_trial":false,"path_per_floor":["M","M","?","M","$","R","M","R","T","M","?","R","M","M","R","B",null,"M","M","?","M","M","R","M","M","T","R","M","?","R","?","R","B"],"character_chosen":"THE_SILENT","items_purchased":[],"campfire_rested":6,"item_purchase_floors":[],"current_hp_per_floor":[71,68,61,61,61,61,52,75,75,77,77,77,64,64,77,67,77,57,58,58,23,8,31,20,12,12,35,22,22,45,39,62,0],"gold":390,"neow_bonus":"TEN_PERCENT_HP_BONUS","is_prod":false,"is_daily":false,"chose_seed":false,"campfire_upgraded":2,"win_rate":0.0,"timestamp":1556335342,"path_taken":["M","M","?","M","$","R","M","R","T","M","?","R","M","M","R","BOSS","M","M","?","M","M","R","M","M","T","R","M","?","R","?","R","BOSS"],"build_version":"2019-01-23","purchased_purges":1,"victory":false,"max_hp_per_floor":[77,77,77,77,77,77,77,77,77,77,77,77,77,77,77,77,77,77,77,77,77,77,77,77,77,77,77,77,77,77,77,77,77],"card_choices":[{"not_picked":["Quick Slash","Predator"],"picked":"Heel Hook","floor":1},{"not_picked":["Underhanded Strike","Distraction"],"picked":"Endless Agony","floor":2},{"not_picked":["Outmaneuver","Dagger Spray"],"picked":"Leg Sweep","floor":4},{"not_picked":["Noxious Fumes","All Out Attack","Bane"],"picked":"SKIP","floor":7},{"not_picked":["Deadly Poison","Outmaneuver"],"picked":"Adrenaline","floor":10},{"not_picked":["Eviscerate","Tactician"],"picked":"Dagger Throw","floor":13},{"not_picked":["Bouncing Flask","PiercingWail","Deadly Poison"],"picked":"SKIP","floor":14},{"not_picked":["Envenom","Malaise"],"picked":"Corpse Explosion","floor":16},{"not_picked":["Choke+1","Riddle With Holes","Outmaneuver"],"picked":"SKIP","floor":18},{"not_picked":["Quick Slash","Deflect"],"picked":"Endless Agony","floor":19},{"not_picked":["Dagger Throw+1","Underhanded Strike"],"picked":"Backflip","floor":21},{"not_picked":["Deflect+1","Slice"],"picked":"Reflex","floor":22},{"not_picked":["Dodge and Roll","Poisoned Stab"],"picked":"Endless Agony+1","floor":24},{"not_picked":["Dodge and Roll+1","Caltrops"],"picked":"Reflex","floor":25},{"not_picked":["Bouncing Flask","Crippling Poison+1"],"picked":"Catalyst+1","floor":28}],"player_experience":8822,"relics_obtained":[{"floor":9,"key":"Blood Vial"},{"floor":26,"key":"Girya"}],"event_choices":[{"cards_removed":["Defend_G"],"damage_healed":0,"gold_gain":0,"player_choice":"Card Removal","damage_taken":7,"max_hp_gain":0,"max_hp_loss":0,"event_name":"Golden Wing","floor":3,"gold_loss":0},{"damage_healed":0,"gold_gain":0,"player_choice":"Ignored","damage_taken":0,"max_hp_gain":0,"max_hp_loss":0,"event_name":"Liars Game","floor":11,"gold_loss":0},{"damage_healed":0,"gold_gain":0,"player_choice":"Ignored","damage_taken":0,"max_hp_gain":0,"max_hp_loss":0,"event_name":"Ghosts","floor":20,"gold_loss":0},{"damage_healed":0,"gold_gain":0,"player_choice":"Inject Mutagens","damage_taken":0,"relics_obtained":["MutagenicStrength"],"max_hp_gain":0,"max_hp_loss":0,"event_name":"Drug Dealer","floor":29,"gold_loss":0},{"damage_healed":0,"gold_gain":0,"player_choice":"Joined the Cult","damage_taken":6,"max_hp_gain":0,"max_hp_loss":0,"event_name":"Nest","floor":31,"gold_loss":0,"cards_obtained":["RitualDagger"]}],"is_beta":false,"boss_relics":[{"not_picked":["HoveringKite","Velvet Choker"],"picked":"Ring of the Serpent"}],"items_purged_floors":[5],"is_endless":false,"potions_floor_spawned":[1,4,13,16,18,22,24,25,28],"killed_by":"Automaton","ascension_level":0}