{"gold_per_floor":[116,116,135,135,148,173,173,205,205,175,191,191,224,237,237,237],"floor_reached":16,"playtime":791,"items_purged":[],"score":157,"play_id":"e0a59918-3ea1-4630-887b-c2d1508f8a0d","local_time":"20190508210820","is_ascension_mode":true,"campfire_choices":[{"data":"Dodge and Roll","floor":7,"key":"SMITH"},{"data":"Footwork","floor":12,"key":"SMITH"},{"data":"Quick Slash","floor":15,"key":"SMITH"}],"neow_cost":"PERCENT_DAMAGE","seed_source_timestamp":1753570078304100,"circlet_count":0,"master_deck":["Defend_G","Defend_G","Defend_G","Defend_G","Defend_G","Strike_G","Strike_G","Strike_G","Strike_G","Strike_G","Survivor","Neutralize+1","Leg Sweep+1","Caltrops+1","Poisoned Stab","Dodge and Roll+1","Footwork+1","Blur","Quick Slash+1"],"relics":["Ring of the Snake","Ancient Tea Set","Letter Opener","Singing Bowl","Shuriken"],"potions_floor_usage":[8,13,13],"damage_taken":[{"damage":2,"enemies":"Jaw Worm","floor":1,"turns":7},{"damage":0,"enemies":"Cultist","floor":3,"turns":4},{"damage":0,"enemies":"Small Slimes","floor":5,"turns":5},{"damage":7,"enemies":"Lagavulin","floor":6,"turns":10},{"damage":19,"enemies":"3 Sentries","floor":8,"turns":15},{"damage":0,"enemies":"Looter","floor":10,"turns":4},{"damage":0,"enemies":"Blue Slaver","floor":11,"turns":6},{"damage":8,"enemies":"Gremlin Nob","floor":13,"turns":8},{"damage":0,"enemies":"2 Fungi Beasts","floor":14,"turns":6},{"damage":16,"enemies":"The Guardian","floor":16,"turns":2}],"seed_played":"2144012662026901821","potions_obtained":[{"floor":5,"key":"SkillPotion"},{"floor":6,"key":"GhostInAJar"},{"floor":8,"key":"GhostInAJar"}],"is_trial":false,"path_per_floor":["M","?","M","?","M","E","R","E","T","M","M","R","E","M","R","B"],"character_chosen":"THE_SILENT","items_purchased":[],"campfire_rested":0,"item_purchase_floors":[],"current_hp_per_floor":[61,44,44,44,44,37,37,18,18,18,20,20,14,14,14,0],"gold":237,"neow_bonus":"TWENTY_PERCENT_HP_BONUS","is_prod":false,"is_daily":false,"chose_seed":false,"campfire_upgraded":3,"win_rate":0,"timestamp":1557367700,"path_taken":["M","?","M","?","M","E","R","E","T","M","M","R","E","M","R","BOSS"],"build_version":"2019-01-23","purchased_purges":0,"victory":false,"max_hp_per_floor":[84,84,84,84,84,84,84,84,84,84,86,86,88,88,88,88],"card_choices":[{"not_picked":["Sucker Punch","Acrobatics"],"picked":"Leg Sweep","floor":1},{"not_picked":["Expertise","Blade Dance"],"picked":"Caltrops","floor":3},{"not_picked":["Prepared","Bane"],"picked":"Poisoned Stab","floor":5},{"not_picked":["Die Die Die","Underhanded Strike"],"picked":"Dodge and Roll","floor":6},{"not_picked":["Slice","Backstab"],"picked":"Footwork","floor":8},{"not_picked":["Poisoned Stab","Quick Slash"],"picked":"Blur","floor":10},{"not_picked":["Masterful Stab","Catalyst","Dagger Spray"],"picked":"Singing Bowl","floor":11},{"not_picked":["Dagger Spray","Underhanded Strike","Predator"],"picked":"Singing Bowl","floor":13},{"not_picked":["Outmaneuver","Prepared"],"picked":"Quick Slash","floor":14}],"player_experience":157153,"relics_obtained":[{"floor":6,"key":"Ancient Tea Set"},{"floor":8,"key":"Letter Opener"},{"floor":9,"key":"Singing Bowl"},{"floor":13,"key":"Shuriken"}],"event_choices":[{"damage_healed":0,"gold_gain":0,"player_choice":"Entered Light","damage_taken":17,"max_hp_gain":0,"max_hp_loss":0,"event_name":"Shining Light","floor":2,"gold_loss":0,"cards_upgraded":["Neutralize","Leg Sweep"]},{"damage_healed":0,"gold_gain":0,"player_choice":"Forge","damage_taken":0,"max_hp_gain":0,"max_hp_loss":0,"event_name":"Accursed Blacksmith","floor":4,"gold_loss":0,"cards_upgraded":["Caltrops"]}],"is_beta":false,"boss_relics":[],"items_purged_floors":[],"is_endless":false,"potions_floor_spawned":[5,6,8],"killed_by":"The Guardian","ascension_level":2}