{"gold_per_floor":[110,125,125,140,154,179,179,205,205,205,205],"floor_reached":11,"playtime":263,"items_purged":[],"score":166,"play_id":"e4a2d544-ec1c-45f1-ac05-a47b1b493c82","local_time":"20190530025630","is_ascension_mode":true,"campfire_choices":[{"floor":7,"key":"REST"}],"neow_cost":"NONE","seed_source_timestamp":190754944137844,"circlet_count":0,"master_deck":["AscendersBane","Strike_B","Strike_B","Strike_B","Defend_B","Defend_B","Defend_B","Defend_B","Zap","Dualcast","Ball Lightning","Static Discharge","BootSequence"],"relics":["Cracked Core","NeowsBlessing","Nunchaku","Frozen Egg 2","Symbiotic Virus"],"potions_floor_usage":[8],"damage_taken":[{"damage":0,"enemies":"Jaw Worm","floor":1,"turns":1},{"damage":0,"enemies":"Cultist","floor":2,"turns":1},{"damage":0,"enemies":"2 Louse","floor":4,"turns":1},{"damage":21,"enemies":"Exordium Wildlife","floor":5,"turns":4},{"damage":30,"enemies":"Lagavulin","floor":6,"turns":6},{"damage":32,"enemies":"Gremlin Nob","floor":8,"turns":4},{"damage":2,"enemies":"Gremlin Gang","floor":11,"turns":2}],"seed_played":"-8141747565780184491","potions_obtained":[{"floor":6,"key":"LiquidBronze"},{"floor":8,"key":"Energy Potion"}],"is_trial":false,"path_per_floor":["M","M","?","M","M","E","R","E","T","?","M"],"character_chosen":"DEFECT","items_purchased":[],"campfire_rested":1,"item_purchase_floors":[],"current_hp_per_floor":[64,64,64,64,43,13,34,2,2,2,0],"gold":205,"neow_bonus":"THREE_ENEMY_KILL","is_prod":false,"is_daily":false,"chose_seed":false,"campfire_upgraded":0,"win_rate":0,"timestamp":1559174190,"path_taken":["M","M","?","?","?","E","R","E","T","?","?"],"build_version":"2019-01-23","purchased_purges":0,"victory":false,"max_hp_per_floor":[71,71,71,71,71,71,71,71,71,71,71],"card_choices":[{"not_picked":["Hologram","Streamline"],"picked":"Ball Lightning","floor":1},{"not_picked":["Ball Lightning","Beam Cell","Hello World"],"picked":"SKIP","floor":2},{"not_picked":["Leap","All For One","Skim"],"picked":"SKIP","floor":4},{"not_picked":["Turbo","Rebound","Darkness"],"picked":"SKIP","floor":5},{"not_picked":["Heatsinks","Beam Cell"],"picked":"Static Discharge","floor":6},{"not_picked":["Hello World","Skim","Sweeping Beam"],"picked":"SKIP","floor":8}],"player_experience":1136826,"relics_obtained":[{"floor":6,"key":"Nunchaku"},{"floor":8,"key":"Frozen Egg 2"},{"floor":9,"key":"Symbiotic Virus"}],"event_choices":[{"damage_healed":0,"gold_gain":0,"player_choice":"0 cards matched","damage_taken":0,"max_hp_gain":0,"max_hp_loss":0,"event_name":"Match and Keep!","floor":3,"gold_loss":0,"cards_obtained":[]},{"damage_healed":0,"gold_gain":0,"cards_transformed":["Strike_B"],"player_choice":"Transformed","damage_taken":0,"max_hp_gain":0,"max_hp_loss":0,"event_name":"Transmorgrifier","floor":10,"gold_loss":0,"cards_obtained":["BootSequence"]}],"is_beta":false,"boss_relics":[],"items_purged_floors":[],"is_endless":false,"potions_floor_spawned":[6,8],"killed_by":"Gremlin Gang","ascension_level":20}