{"gold_per_floor":[119,119,119,136,154,185,185,196,196,196,196,231,231,261,261,261],"floor_reached":16,"playtime":1154,"items_purged":[],"score":257,"play_id":"1e117ecc-1530-4d13-b974-dda6d5e44e3e","local_time":"20181127203007","is_ascension_mode":true,"campfire_choices":[{"data":"Perfected Strike","floor":7,"key":"SMITH"},{"data":"Perfected Strike","floor":10,"key":"SMITH"},{"floor":11,"key":"REST"},{"floor":15,"key":"DIG"}],"neow_cost":"NONE","seed_source_timestamp":0,"circlet_count":0,"master_deck":["AscendersBane","Strike_R","Strike_R","Strike_R","Strike_R","Strike_R","Defend_R","Defend_R","Defend_R","Defend_R","Bash","Anger","Perfected Strike+1","Battle Trance","Pommel Strike","Perfected Strike+1","Inflame"],"special_seed":0,"relics":["Burning Blood","Paper Frog","WingedGreaves","Prayer Wheel","Dream Catcher","Shovel","Blood Vial"],"potions_floor_usage":[16,16],"damage_taken":[{"damage":9,"enemies":"Jaw Worm","floor":1,"turns":3},{"damage":4,"enemies":"2 Louse","floor":4,"turns":3},{"damage":1,"enemies":"Cultist","floor":5,"turns":3},{"damage":40,"enemies":"Lagavulin","floor":6,"turns":5},{"damage":14,"enemies":"Exordium Thugs","floor":8,"turns":4},{"damage":0,"enemies":"Gremlin Nob","floor":12,"turns":2},{"damage":25,"enemies":"3 Sentries","floor":14,"turns":7},{"damage":46,"enemies":"The Guardian","floor":16,"turns":8}],"seed_played":"1591113180877172434","potions_obtained":[{"floor":4,"key":"Ancient Potion"},{"floor":8,"key":"Explosive Potion"},{"floor":12,"key":"Fire Potion"}],"is_trial":false,"path_per_floor":["M","?","?","M","M","E","R","M","T","R","R","E","$","E","R","B"],"character_chosen":"IRONCLAD","items_purchased":[],"campfire_rested":1,"item_purchase_floors":[],"current_hp_per_floor":[72,67,67,69,74,40,40,32,32,32,56,62,62,43,43,0],"gold":261,"neow_bonus":"TEN_PERCENT_HP_BONUS","is_prod":false,"is_daily":false,"chose_seed":false,"campfire_upgraded":2,"win_rate":0,"timestamp":1543339807,"path_taken":["M","?","?","M","?","E","R","M","T","R","R","E","$","E","R","BOSS"],"build_version":"2018-11-15","purchased_purges":0,"victory":false,"max_hp_per_floor":[82,82,82,82,82,82,82,82,82,82,82,82,82,82,82,82],"card_choices":[{"not_picked":["Cleave","Hemokinesis"],"picked":"Anger","floor":1},{"not_picked":["Havoc","Rage"],"picked":"Battle Trance","floor":4},{"not_picked":["Headbutt","Reckless Charge"],"picked":"Pommel Strike","floor":5},{"not_picked":["Ghostly Armor","Cleave"],"picked":"Perfected Strike","floor":6},{"not_picked":["Feed","Heavy Blade"],"picked":"Inflame","floor":8},{"not_picked":["Anger","Thunderclap","Clothesline"],"picked":"SKIP","floor":12},{"not_picked":["Clothesline","Rage","Burning Pact"],"picked":"SKIP","floor":14}],"player_experience":780618,"relics_obtained":[{"floor":6,"key":"WingedGreaves"},{"floor":9,"key":"Prayer Wheel"},{"floor":12,"key":"Dream Catcher"},{"floor":14,"key":"Shovel"},{"floor":15,"key":"Blood Vial"}],"event_choices":[{"damage_healed":0,"gold_gain":0,"player_choice":"Success","damage_taken":5,"relics_obtained":["Paper Frog"],"max_hp_gain":0,"max_hp_loss":0,"event_name":"Scrap Ooze","floor":2,"gold_loss":0},{"damage_healed":0,"gold_gain":0,"player_choice":"1 cards matched","damage_taken":0,"max_hp_gain":0,"max_hp_loss":0,"event_name":"Match and Keep!","floor":3,"gold_loss":0,"cards_obtained":["Perfected Strike"]}],"is_beta":false,"boss_relics":[],"items_purged_floors":[],"is_endless":false,"potions_floor_spawned":[4,8,12],"killed_by":"The Guardian","ascension_level":16}