{"gold_per_floor":[119,194,28,42,42,42,70,70,94,94,122,137,137,95,95,169,169,187,187,61,111,131,131,148,148,148,148,168,168,168,168,168,243,243,261,279,179,191,202,202,214,240,240,13,23,23,23,23,23,23],"floor_reached":51,"playtime":4050,"items_purged":["Riddle With Holes","Bouncing Flask"],"score":1283,"play_id":"2d86fbc1-9e02-4518-a545-8b0d99e1b5d9","local_time":"20190305202551","is_ascension_mode":true,"campfire_choices":[{"data":"Leg Sweep","floor":6,"key":"SMITH"},{"floor":8,"key":"REST"},{"data":"Well Laid Plans","floor":15,"key":"SMITH"},{"data":"Finisher","floor":23,"key":"SMITH"},{"data":"Adrenaline","floor":25,"key":"SMITH"},{"data":"Dodge and Roll","floor":27,"key":"SMITH"},{"data":"Dodge and Roll","floor":29,"key":"SMITH"},{"floor":32,"key":"REST"},{"floor":40,"key":"REST"},{"floor":47,"key":"REST"},{"floor":49,"key":"REST"}],"neow_cost":"NONE","seed_source_timestamp":44413622367298,"circlet_count":0,"master_deck":["AscendersBane","Survivor","Neutralize","Infinite Blades+1","Backstab","Leg Sweep+1","All Out Attack+1","Well Laid Plans+1","Backstab","Adrenaline+1","Masterful Stab+1","Tools of the Trade","Deflect","Doppelganger","Finisher+1","Leg Sweep","After Image","Dodge and Roll+1","Dodge and Roll+1","Dodge and Roll","Terror","Infinite Blades","A Thousand Cuts","Accuracy+1","Noxious Fumes","Backflip"],"relics":["Ring of the Snake","NeowsBlessing","Kunai","Blood Vial","Regal Pillow","Strawberry","Pandora\u0027s Box","Mercury Hourglass","White Beast Statue","Ancient Tea Set","Girya","Whetstone"],"potions_floor_usage":[16,16,28,33,42,42,45,45],"damage_taken":[{"damage":0,"enemies":"Cultist","floor":1,"turns":1},{"damage":0,"enemies":"Jaw Worm","floor":4,"turns":1},{"damage":0,"enemies":"Gremlin Nob","floor":7,"turns":1},{"damage":27,"enemies":"3 Sentries","floor":11,"turns":19},{"damage":0,"enemies":"Small Slimes","floor":12,"turns":2},{"damage":1,"enemies":"Exordium Thugs","floor":14,"turns":5},{"damage":17,"enemies":"The Guardian","floor":16,"turns":17},{"damage":0,"enemies":"2 Thieves","floor":18,"turns":4},{"damage":0,"enemies":"Spheric Guardian","floor":22,"turns":5},{"damage":3,"enemies":"Snake Plant","floor":24,"turns":4},{"damage":17,"enemies":"Chosen and Byrds","floor":28,"turns":7},{"damage":5,"enemies":"Champ","floor":33,"turns":14},{"damage":0,"enemies":"3 Shapes","floor":35,"turns":6},{"damage":7,"enemies":"Orb Walker","floor":36,"turns":4},{"damage":7,"enemies":"Maw","floor":38,"turns":8},{"damage":33,"enemies":"3 Darklings","floor":39,"turns":7},{"damage":11,"enemies":"Transient","floor":41,"turns":6},{"damage":32,"enemies":"Nemesis","floor":42,"turns":8},{"damage":25,"enemies":"Jaw Worm Horde","floor":45,"turns":4},{"damage":68,"enemies":"Donu and Deca","floor":50,"turns":16}],"seed_played":"176483114305501802","potions_obtained":[{"floor":7,"key":"Block Potion"},{"floor":11,"key":"EssenceOfSteel"},{"floor":18,"key":"PowerPotion"},{"floor":24,"key":"Explosive Potion"},{"floor":35,"key":"Dexterity Potion"},{"floor":36,"key":"FearPotion"},{"floor":42,"key":"Swift Potion"},{"floor":45,"key":"Fire Potion"}],"is_trial":false,"path_per_floor":["M","T","$","M","?","R","E","R","T","?","E","M","?","M","R","B",null,"M","?","$","?","M","R","M","R","T","R","M","R","?","?","R","B",null,"M","M","$","M","M","R","M","E","T","$","M","?","R","?","R","B",null],"character_chosen":"THE_SILENT","items_purchased":["Infinite Blades","Backstab","Dodge and Roll","Whetstone","Dexterity Potion"],"campfire_rested":5,"item_purchase_floors":[3,3,20,44,44],"current_hp_per_floor":[59,59,59,59,39,39,39,58,58,58,40,42,35,36,36,21,60,62,62,62,62,64,64,63,63,63,63,48,48,48,48,73,68,72,73,66,66,61,30,66,57,27,27,27,4,4,40,40,73,5],"gold":23,"neow_bonus":"THREE_ENEMY_KILL","is_prod":false,"is_daily":false,"chose_seed":false,"campfire_upgraded":6,"win_rate":0,"timestamp":1551806751,"path_taken":["M","?","?","?","?","R","E","R","T","?","E","?","?","M","R","BOSS","M","?","$","?","M","R","M","R","T","R","M","R","?","?","R","BOSS","M","M","$","M","M","R","M","E","T","$","M","?","R","?","R","BOSS"],"build_version":"2019-01-23","purchased_purges":2,"victory":true,"max_hp_per_floor":[66,66,66,66,66,66,66,66,66,66,73,73,73,73,73,73,73,73,73,73,73,73,73,73,73,73,73,73,73,73,73,73,73,73,73,73,73,73,73,73,73,73,73,73,73,73,73,73,73,73],"card_choices":[{"not_picked":["Poisoned Stab","Quick Slash","Acrobatics"],"picked":"SKIP","floor":1},{"not_picked":["Dagger Spray","Skewer"],"picked":"Leg Sweep","floor":4},{"not_picked":["PiercingWail","Quick Slash","Deflect"],"picked":"SKIP","floor":7},{"not_picked":["Underhanded Strike","PiercingWail"],"picked":"All Out Attack","floor":11},{"not_picked":["Distraction","Skewer"],"picked":"Well Laid Plans","floor":12},{"not_picked":["Dagger Throw","Deflect"],"picked":"Backstab","floor":14},{"not_picked":["Phantasmal Killer","Bullet Time"],"picked":"Adrenaline","floor":16},{"not_picked":["Dagger Spray","Outmaneuver"],"picked":"Dodge and Roll","floor":18},{"not_picked":["Concentrate","Corpse Explosion","Dagger Throw+1"],"picked":"SKIP","floor":22},{"not_picked":["Bane","Dagger Throw"],"picked":"Dodge and Roll","floor":24},{"not_picked":["Slice","PiercingWail"],"picked":"Terror","floor":28},{"not_picked":["Grand Finale","Malaise"],"picked":"A Thousand Cuts","floor":33},{"not_picked":["Bouncing Flask+1","Acrobatics"],"picked":"Accuracy+1","floor":35},{"not_picked":["Bane","Slice+1","Acrobatics"],"picked":"SKIP","floor":36},{"not_picked":["Riddle With Holes","Terror","Deadly Poison"],"picked":"SKIP","floor":38},{"not_picked":["Dash+1","Leg Sweep"],"picked":"Noxious Fumes","floor":39},{"not_picked":["Bane","Underhanded Strike","Slice+1"],"picked":"SKIP","floor":41},{"not_picked":["Finisher+1","Outmaneuver"],"picked":"Backflip","floor":42},{"not_picked":["Slice+1","Catalyst","Backflip"],"picked":"SKIP","floor":45}],"player_experience":1011918,"relics_obtained":[{"floor":2,"key":"Kunai"},{"floor":7,"key":"Blood Vial"},{"floor":9,"key":"Regal Pillow"},{"floor":11,"key":"Strawberry"},{"floor":26,"key":"Mercury Hourglass"},{"floor":42,"key":"Ancient Tea Set"},{"floor":43,"key":"Girya"}],"event_choices":[{"damage_healed":0,"gold_gain":0,"player_choice":"Entered Light","damage_taken":20,"max_hp_gain":0,"max_hp_loss":0,"event_name":"Shining Light","floor":5,"gold_loss":0,"cards_upgraded":["Strike_G","Infinite Blades"]},{"damage_healed":0,"gold_gain":0,"player_choice":"0 cards matched","damage_taken":0,"max_hp_gain":0,"max_hp_loss":0,"event_name":"Match and Keep!","floor":10,"gold_loss":0,"cards_obtained":[]},{"cards_removed":["Strike_G"],"damage_healed":0,"gold_gain":0,"player_choice":"Card Removal","damage_taken":7,"max_hp_gain":0,"max_hp_loss":0,"event_name":"Golden Wing","floor":13,"gold_loss":0},{"damage_healed":0,"gold_gain":0,"player_choice":"Ignored","damage_taken":0,"max_hp_gain":0,"max_hp_loss":0,"event_name":"Cursed Tome","floor":19,"gold_loss":0},{"damage_healed":0,"gold_gain":50,"player_choice":"Stole From Cult","damage_taken":0,"max_hp_gain":0,"max_hp_loss":0,"event_name":"Nest","floor":21,"gold_loss":0},{"damage_healed":0,"gold_gain":0,"player_choice":"Read","damage_taken":0,"max_hp_gain":0,"max_hp_loss":0,"event_name":"The Library","floor":30,"gold_loss":0,"cards_obtained":["Infinite Blades"]},{"damage_healed":0,"gold_gain":0,"player_choice":"Ignored","damage_taken":0,"max_hp_gain":0,"max_hp_loss":0,"event_name":"Vampires","floor":31,"gold_loss":0},{"damage_healed":0,"gold_gain":0,"player_choice":"Ignored","damage_taken":0,"max_hp_gain":0,"max_hp_loss":0,"event_name":"Mysterious Sphere","floor":46,"gold_loss":0},{"damage_healed":0,"gold_gain":0,"player_choice":"Ignored","damage_taken":0,"max_hp_gain":0,"max_hp_loss":0,"event_name":"SecretPortal","floor":48,"gold_loss":0}],"is_beta":false,"boss_relics":[{"not_picked":["Astrolabe","Runic Pyramid"],"picked":"Pandora\u0027s Box"},{"not_picked":["Runic Dome","Tiny House"],"picked":"White Beast Statue"}],"items_purged_floors":[20,37],"is_endless":false,"potions_floor_spawned":[7,11,18,24,35,36,38,39,41,42,45],"ascension_level":19}