{"gold_per_floor":[113,129,149,167,185,218,218,246,269,288,313,313],"floor_reached":12,"playtime":820,"items_purged":[],"score":92,"play_id":"b51796b4-76c9-4782-a6f2-098859ea6837","local_time":"20190429125214","is_ascension_mode":false,"campfire_choices":[{"floor":7,"key":"REST"}],"neow_cost":"NONE","seed_source_timestamp":946019786128000,"circlet_count":0,"master_deck":["Strike_B","Strike_B","Strike_B","Strike_B","Defend_B","Defend_B","Defend_B","Defend_B","Zap","Dualcast","Streamline","Melter","Reboot","Barrage","Loop","Rebound","Stack","Redo","Conserve Battery"],"relics":["Cracked Core","Centennial Puzzle","Letter Opener","Odd Mushroom","Bronze Scales","Omamori"],"potions_floor_usage":[4,6,11],"damage_taken":[{"damage":0,"enemies":"Cultist","floor":1,"turns":4},{"damage":4,"enemies":"Jaw Worm","floor":2,"turns":4},{"damage":0,"enemies":"Small Slimes","floor":3,"turns":2},{"damage":14,"enemies":"Exordium Wildlife","floor":4,"turns":5},{"damage":2,"enemies":"3 Louse","floor":5,"turns":3},{"damage":33,"enemies":"Gremlin Nob","floor":6,"turns":4},{"damage":22,"enemies":"The Mushroom Lair","floor":8,"turns":4},{"damage":1,"enemies":"2 Fungi Beasts","floor":10,"turns":2},{"damage":15,"enemies":"3 Sentries","floor":11,"turns":5},{"damage":12,"enemies":"Blue Slaver","floor":12,"turns":1}],"seed_played":"1674310642001653159","potions_obtained":[{"floor":1,"key":"PowerPotion"},{"floor":4,"key":"Swift Potion"},{"floor":8,"key":"SpeedPotion"}],"is_trial":false,"path_per_floor":["M","M","M","M","M","E","R","?","T","M","E","M"],"character_chosen":"DEFECT","items_purchased":[],"campfire_rested":1,"item_purchase_floors":[],"current_hp_per_floor":[75,71,71,57,55,22,44,22,22,21,6,0],"gold":313,"neow_bonus":"RANDOM_COMMON_RELIC","is_prod":false,"is_daily":false,"chose_seed":false,"campfire_upgraded":0,"win_rate":0.0,"timestamp":1556560334,"path_taken":["M","M","M","?","M","E","R","?","T","M","E","M"],"build_version":"2019-01-23","purchased_purges":0,"victory":false,"max_hp_per_floor":[75,75,75,75,75,75,75,75,75,75,75,75],"card_choices":[{"not_picked":["Coolheaded","Hologram"],"picked":"Streamline","floor":1},{"not_picked":["Steam","Cold Snap"],"picked":"Melter","floor":2},{"not_picked":["Auto Shields","Scrape"],"picked":"Reboot","floor":3},{"not_picked":["Fusion","Auto Shields"],"picked":"Barrage","floor":4},{"not_picked":["Auto Shields","Hologram"],"picked":"Loop","floor":5},{"not_picked":["Cold Snap","Meteor Strike"],"picked":"Rebound","floor":6},{"not_picked":["Double Energy","Loop"],"picked":"Stack","floor":8},{"not_picked":["Steam Power","Cold Snap"],"picked":"Redo","floor":10},{"not_picked":["Go for the Eyes","Creative AI"],"picked":"Conserve Battery","floor":11}],"player_experience":56272,"relics_obtained":[{"floor":6,"key":"Letter Opener"},{"floor":8,"key":"Odd Mushroom"},{"floor":9,"key":"Bronze Scales"},{"floor":11,"key":"Omamori"}],"event_choices":[{"damage_healed":0,"gold_gain":0,"player_choice":"Fought Mushrooms","damage_taken":0,"max_hp_gain":0,"max_hp_loss":0,"event_name":"Mushrooms","floor":8,"gold_loss":0}],"is_beta":false,"boss_relics":[],"items_purged_floors":[],"is_endless":false,"potions_floor_spawned":[1,4,8],"killed_by":"Blue Slaver","ascension_level":0}