{"gold_per_floor":[114,289,21,21,39,69,69,82,82,117,117,117,155,174,174,299,299,318,417,410,433,456,456,495,53,79,79,114,114,158,158,158,277,277,290,290,304,637,637,655,655,666,666,683,736,768,768,793,793,793,793,793,41,69,69],"floor_reached":56,"playtime":3036,"items_purged":["Doubt"],"score":1873,"play_id":"bd42e2e5-3578-4a61-9e48-c55cc471c643","local_time":"20190412153455","is_ascension_mode":true,"campfire_choices":[{"data":"Neutralize","floor":7,"key":"SMITH"},{"floor":12,"key":"REST"},{"data":"Bouncing Flask","floor":15,"key":"SMITH"},{"data":"Noxious Fumes","floor":23,"key":"SMITH"},{"floor":27,"key":"REST"},{"data":"Adrenaline","floor":32,"key":"SMITH"},{"data":"Burst","floor":41,"key":"SMITH"},{"data":"Infinite Blades","floor":47,"key":"SMITH"},{"floor":49,"key":"RECALL"},{"data":"Well Laid Plans","floor":52,"key":"SMITH"}],"neow_cost":"NONE","seed_source_timestamp":74213241517349,"circlet_count":0,"master_deck":["Defend_G","Defend_G","Defend_G","Defend_G","Survivor","Neutralize+1","Tactician","Prepared","Acrobatics","Poisoned Stab","After Image","Injury","Blur","Bouncing Flask+1","Backflip","Adrenaline+1","Masterful Stab+1","Malaise+1","Crippling Poison+1","Deflect+1","Poisoned Stab","Crippling Poison+1","Escape Plan","Underhanded Strike+1","Deflect","Noxious Fumes+1","Well Laid Plans+1","Deflect+1","Dagger Spray+1","PiercingWail","Outmaneuver","PiercingWail","Burst+1","Footwork+1","Heel Hook","Backflip+1","Madness","Madness","Distraction+1","Prepared+1","Cloak And Dagger+1","Heel Hook","Cloak And Dagger+1","Infinite Blades+1","Noxious Fumes+1","Dramatic Entrance","Footwork+1"],"relics":["Ring of the Snake","NeowsBlessing","TwistedFunnel","Thread and Needle","The Courier","Prayer Wheel","Incense Burner","Astrolabe","Tough Bandages","Tingsha","Pantograph","Bag of Preparation","Snake Skull","Blood Vial","Lizard Tail","Dead Branch","Pen Nib","Pear","Mummified Hand","Centennial Puzzle","Shuriken","Bag of Marbles","Sundial"],"potions_floor_usage":[33,33,46,46,50,55,55],"damage_taken":[{"damage":0,"enemies":"Jaw Worm","floor":1,"turns":1},{"damage":0,"enemies":"Small Slimes","floor":5,"turns":1},{"damage":0,"enemies":"Gremlin Nob","floor":6,"turns":1},{"damage":0,"enemies":"Cultist","floor":8,"turns":5},{"damage":51,"enemies":"3 Sentries","floor":10,"turns":15},{"damage":8,"enemies":"Lagavulin","floor":13,"turns":7},{"damage":0,"enemies":"Blue Slaver","floor":14,"turns":4},{"damage":0,"enemies":"Hexaghost","floor":16,"turns":9},{"damage":0,"enemies":"Chosen","floor":18,"turns":4},{"damage":4,"enemies":"2 Thieves","floor":20,"turns":4},{"damage":8,"enemies":"Snake Plant","floor":21,"turns":3},{"damage":0,"enemies":"Centurion and Healer","floor":22,"turns":5},{"damage":32,"enemies":"Book of Stabbing","floor":24,"turns":6},{"damage":16,"enemies":"Gremlin Leader","floor":28,"turns":5},{"damage":0,"enemies":"Book of Stabbing","floor":30,"turns":5},{"damage":1,"enemies":"Champ","floor":33,"turns":12},{"damage":0,"enemies":"3 Darklings","floor":35,"turns":3},{"damage":0,"enemies":"Orb Walker","floor":37,"turns":3},{"damage":0,"enemies":"3 Darklings","floor":40,"turns":4},{"damage":0,"enemies":"Writhing Mass","floor":42,"turns":5},{"damage":8,"enemies":"Jaw Worm Horde","floor":44,"turns":3},{"damage":2,"enemies":"2 Orb Walkers","floor":45,"turns":4},{"damage":6,"enemies":"Reptomancer","floor":46,"turns":5},{"damage":0,"enemies":"Nemesis","floor":48,"turns":7},{"damage":4,"enemies":"Awakened One","floor":50,"turns":13},{"damage":5,"enemies":"Shield and Spear","floor":54,"turns":5},{"damage":6,"enemies":"The Heart","floor":55,"turns":8}],"seed_played":"8268677730310437653","potions_obtained":[{"floor":8,"key":"SteroidPotion"},{"floor":13,"key":"GamblersBrew"},{"floor":14,"key":"Weak Potion"},{"floor":24,"key":"SkillPotion"},{"floor":35,"key":"PowerPotion"},{"floor":40,"key":"AttackPotion"},{"floor":46,"key":"Strength Potion"}],"is_trial":false,"path_per_floor":["M","?","$","?","M","E","R","M","T","E","?","R","E","M","R","B",null,"M","?","M","M","M","R","E","$","T","R","E","?","E","?","R","B",null,"M","?","M","?","?","M","R","M","T","M","?","E","R","E","R","B",null,"R","$","E","B",null],"character_chosen":"THE_SILENT","items_purchased":["TwistedFunnel","Tingsha","Pantograph","Mummified Hand","Centennial Puzzle","Shuriken","Bag of Marbles","Energy Potion","Dramatic Entrance"],"campfire_rested":2,"item_purchase_floors":[3,25,25,53,53,53,53,53,53],"current_hp_per_floor":[63,63,63,63,63,63,63,63,63,12,12,33,25,25,25,25,59,59,59,55,47,47,47,15,15,15,36,20,43,43,43,43,69,70,70,70,70,70,61,63,63,65,65,59,59,55,55,67,67,76,79,79,79,75,74],"gold":69,"neow_bonus":"THREE_ENEMY_KILL","is_prod":false,"is_daily":false,"chose_seed":false,"campfire_upgraded":7,"win_rate":0,"timestamp":1555101295,"path_taken":["M","?","$","?","?","E","R","M","T","E","?","R","E","M","R","BOSS","M","?","M","M","M","R","E","$","T","R","E","?","E","?","R","BOSS","M","?","M","?","?","M","R","M","T","M","?","E","R","E","R","BOSS","R","$","E","BOSS"],"build_version":"2019-01-23","purchased_purges":1,"victory":true,"max_hp_per_floor":[70,70,70,70,70,70,70,70,70,70,70,70,70,70,70,70,70,70,70,70,70,70,70,70,70,70,70,70,70,70,70,70,70,70,70,70,70,70,70,70,70,70,70,70,70,70,70,80,80,80,80,80,80,80,80],"card_choices":[{"not_picked":["Underhanded Strike","Finisher"],"picked":"Tactician","floor":1},{"not_picked":["Slice","Underhanded Strike"],"picked":"Prepared","floor":5},{"not_picked":["Finisher","Flying Knee"],"picked":"Acrobatics","floor":6},{"not_picked":["Sucker Punch","Caltrops"],"picked":"Poisoned Stab","floor":8},{"not_picked":["Skewer","Outmaneuver"],"picked":"After Image","floor":10},{"not_picked":["Eviscerate","Bane"],"picked":"Blur","floor":13},{"not_picked":["Dodge and Roll","Expertise"],"picked":"Bouncing Flask","floor":14},{"not_picked":["Predator","Underhanded Strike"],"picked":"Backflip","floor":14},{"not_picked":["Phantasmal Killer","Unload"],"picked":"Adrenaline","floor":16},{"not_picked":["Dodge and Roll","Cloak And Dagger"],"picked":"Deflect+1","floor":18},{"not_picked":["Dodge and Roll","Accuracy"],"picked":"Poisoned Stab","floor":18},{"not_picked":["Slice","Eviscerate"],"picked":"Crippling Poison+1","floor":20},{"not_picked":["Dagger Spray","Phantasmal Killer"],"picked":"Escape Plan","floor":20},{"not_picked":["Skewer","Acrobatics"],"picked":"Underhanded Strike+1","floor":21},{"not_picked":["Acrobatics","Cloak And Dagger"],"picked":"Deflect","floor":21},{"not_picked":["Dodge and Roll","Deflect"],"picked":"Noxious Fumes","floor":22},{"not_picked":["Infinite Blades","Poisoned Stab+1"],"picked":"Well Laid Plans","floor":22},{"not_picked":["Bullet Time","Quick Slash"],"picked":"Deflect+1","floor":24},{"not_picked":["Quick Slash","Blade Dance"],"picked":"Dagger Spray+1","floor":28},{"not_picked":["Malaise","Dodge and Roll"],"picked":"PiercingWail","floor":30},{"not_picked":["Die Die Die","Envenom"],"picked":"Burst","floor":33},{"not_picked":["Deflect","Dagger Spray"],"picked":"Footwork+1","floor":35},{"not_picked":["Masterful Stab+1","Dagger Spray"],"picked":"Heel Hook","floor":35},{"not_picked":["Flying Knee","Masterful Stab"],"picked":"Backflip+1","floor":37},{"not_picked":["Outmaneuver+1","Skewer","Flying Knee"],"picked":"SKIP","floor":37},{"not_picked":["Sucker Punch+1","Finisher+1"],"picked":"Distraction+1","floor":40},{"not_picked":["Outmaneuver+1","Sucker Punch+1","Distraction"],"picked":"SKIP","floor":40},{"not_picked":["Sucker Punch+1","Dodge and Roll"],"picked":"Prepared+1","floor":42},{"not_picked":["Venomology","Sucker Punch+1","Skewer"],"picked":"SKIP","floor":42},{"not_picked":["Dagger Spray+1","Endless Agony+1"],"picked":"Cloak And Dagger+1","floor":44},{"not_picked":["PiercingWail","Riddle With Holes"],"picked":"Heel Hook","floor":44},{"not_picked":["Acrobatics+1","Underhanded Strike+1"],"picked":"Cloak And Dagger+1","floor":45},{"not_picked":["Cloak And Dagger","Escape Plan"],"picked":"Infinite Blades","floor":46},{"not_picked":["Expertise","Deadly Poison+1"],"picked":"Noxious Fumes+1","floor":48},{"not_picked":["Finisher+1","Endless Agony"],"picked":"Footwork+1","floor":54}],"player_experience":416247,"relics_obtained":[{"floor":6,"key":"Thread and Needle"},{"floor":9,"key":"The Courier"},{"floor":10,"key":"Prayer Wheel"},{"floor":13,"key":"Incense Burner"},{"floor":24,"key":"Tough Bandages"},{"floor":26,"key":"Bag of Preparation"},{"floor":28,"key":"Snake Skull"},{"floor":30,"key":"Blood Vial"},{"floor":45,"key":"Dead Branch"},{"floor":46,"key":"Pen Nib"},{"floor":48,"key":"Pear"},{"floor":54,"key":"Sundial"}],"event_choices":[{"damage_healed":0,"gold_gain":175,"player_choice":"AGREE","damage_taken":0,"max_hp_gain":0,"max_hp_loss":0,"event_name":"Liars Game","floor":2,"gold_loss":0,"cards_obtained":["Doubt"]},{"cards_removed":["Strike_G"],"damage_healed":0,"gold_gain":0,"player_choice":"Purged","damage_taken":0,"max_hp_gain":0,"max_hp_loss":0,"event_name":"Purifier","floor":4,"gold_loss":0},{"damage_healed":0,"gold_gain":0,"player_choice":"Take Wound","damage_taken":0,"relics_obtained":["Golden Idol"],"max_hp_gain":0,"max_hp_loss":0,"event_name":"Golden Idol","floor":11,"gold_loss":0,"cards_obtained":["Injury"]},{"damage_healed":0,"gold_gain":99,"player_choice":"Stole From Cult","damage_taken":0,"max_hp_gain":0,"max_hp_loss":0,"event_name":"Nest","floor":19,"gold_loss":0},{"damage_healed":23,"gold_gain":0,"player_choice":"Heal","damage_taken":0,"max_hp_gain":0,"max_hp_loss":0,"event_name":"The Library","floor":29,"gold_loss":0},{"damage_healed":0,"gold_gain":0,"cards_transformed":["Strike_G","Defend_G"],"player_choice":"Became Test Subject","damage_taken":0,"max_hp_gain":0,"max_hp_loss":0,"event_name":"Drug Dealer","floor":31,"gold_loss":0,"cards_obtained":["Outmaneuver","PiercingWail"]},{"damage_healed":0,"gold_gain":0,"player_choice":"Ignored","damage_taken":0,"max_hp_gain":0,"max_hp_loss":0,"event_name":"Tomb of Lord Red Mask","floor":36,"gold_loss":0},{"damage_healed":0,"gold_gain":333,"player_choice":"Gave Idol","damage_taken":0,"max_hp_gain":0,"max_hp_loss":0,"event_name":"The Moai Head","floor":38,"relics_lost":["Golden Idol"],"gold_loss":0},{"damage_healed":0,"gold_gain":0,"player_choice":"Embrace Madness","damage_taken":9,"max_hp_gain":0,"max_hp_loss":0,"event_name":"Winding Halls","floor":39,"gold_loss":0,"cards_obtained":["Madness","Madness"]},{"damage_healed":0,"gold_gain":0,"player_choice":"Fight","damage_taken":0,"max_hp_gain":0,"max_hp_loss":0,"event_name":"Mysterious Sphere","floor":45,"gold_loss":0}],"is_beta":false,"boss_relics":[{"not_picked":["Busted Crown","Runic Dome"],"picked":"Astrolabe"},{"not_picked":["White Beast Statue","Coffee Dripper"],"picked":"Lizard Tail"}],"items_purged_floors":[3],"is_endless":false,"potions_floor_spawned":[8,13,14,24,28,35,40,46],"ascension_level":8}