{"gold_per_floor":[113,113,125,143,31,58,75,75,98,98,98,133,147,147,147,247,247,247,247,247,147,147,147,147,147,147,147,147,147,147,147,147,147,147,147,147,147,147,147,147,147,147,147,147,147,147,22,22,22,22,22,22,22,22,22],"floor_reached":55,"playtime":7985,"items_purged":["Strike_R","Defend_R","Defend_R"],"score":746,"play_id":"51fb3e03-a520-4e38-9ebc-d887484381f5","local_time":"20190609143311","is_ascension_mode":false,"campfire_choices":[{"data":"Bash","floor":8,"key":"SMITH"},{"data":"Infernal Blade","floor":10,"key":"SMITH"},{"data":"Flame Barrier","floor":15,"key":"SMITH"},{"floor":24,"key":"REST"},{"floor":29,"key":"RECALL"},{"data":"Pommel Strike","floor":32,"key":"SMITH"},{"data":"Limit Break","floor":40,"key":"SMITH"},{"data":"Demon Form","floor":44,"key":"SMITH"},{"floor":49,"key":"REST"},{"data":"Pommel Strike","floor":52,"key":"SMITH"}],"neow_cost":"CURSE","seed_source_timestamp":2424738145750531,"circlet_count":0,"master_deck":["Strike_R","Strike_R","Strike_R","Defend_R","Bash+1","Injury","Pommel Strike+1","Seeing Red","Dropkick","Infernal Blade+1","Flame Barrier+1","Ghostly Armor","Pommel Strike+1","Demon Form+1","Headbutt","Flex+1","Fire Breathing+1","Flex","Shrug It Off+1","Pommel Strike","Shrug It Off","Limit Break+1","Shockwave+1","Flex+1","Disarm","Shrug It Off","Cleave+1","Feed","Headbutt","Burning Pact+1","Clash+1","Armaments+1","Twin Strike"],"relics":["Burning Blood","Magic Flower","Blood Vial","Boot","Orichalcum","Ectoplasm","PreservedInsect","Sundial","Thread and Needle","Ancient Tea Set","Enchiridion","Black Star","Shuriken","Dream Catcher","Bag of Marbles","Ornamental Fan","Torii"],"potions_floor_usage":[6,12,12,13,16,16,27,33,35,36,37,46,50,55],"damage_taken":[{"damage":5,"enemies":"2 Louse","floor":1,"turns":3},{"damage":5,"enemies":"Cultist","floor":3,"turns":4},{"damage":5,"enemies":"Small Slimes","floor":4,"turns":3},{"damage":21,"enemies":"3 Sentries","floor":6,"turns":9},{"damage":3,"enemies":"Exordium Thugs","floor":7,"turns":5},{"damage":6,"enemies":"Lagavulin","floor":12,"turns":5},{"damage":17,"enemies":"Large Slime","floor":13,"turns":5},{"damage":67,"enemies":"Slime Boss","floor":16,"turns":16},{"damage":6,"enemies":"3 Byrds","floor":18,"turns":5},{"damage":0,"enemies":"Chosen","floor":19,"turns":4},{"damage":16,"enemies":"Shelled Parasite and Fungi","floor":20,"turns":6},{"damage":7,"enemies":"Snecko","floor":22,"turns":4},{"damage":57,"enemies":"Slavers","floor":23,"turns":5},{"damage":1,"enemies":"Gremlin Leader","floor":25,"turns":4},{"damage":3,"enemies":"Book of Stabbing","floor":27,"turns":3},{"damage":5,"enemies":"Cultist and Chosen","floor":31,"turns":6},{"damage":10,"enemies":"Automaton","floor":33,"turns":9},{"damage":36,"enemies":"3 Darklings","floor":35,"turns":6},{"damage":0,"enemies":"3 Shapes","floor":36,"turns":4},{"damage":7,"enemies":"Transient","floor":37,"turns":5},{"damage":5,"enemies":"4 Shapes","floor":38,"turns":5},{"damage":1,"enemies":"Maw","floor":39,"turns":7},{"damage":29,"enemies":"Nemesis","floor":41,"turns":5},{"damage":13,"enemies":"Jaw Worm Horde","floor":42,"turns":6},{"damage":18,"enemies":"Writhing Mass","floor":46,"turns":7},{"damage":22,"enemies":"3 Darklings","floor":48,"turns":4},{"damage":35,"enemies":"Time Eater","floor":50,"turns":7},{"damage":46,"enemies":"Shield and Spear","floor":54,"turns":6},{"damage":81,"enemies":"The Heart","floor":55,"turns":8}],"seed_played":"8565279180835083178","potions_obtained":[{"floor":3,"key":"Explosive Potion"},{"floor":7,"key":"EntropicBrew"},{"floor":12,"key":"AttackPotion"},{"floor":13,"key":"Strength Potion"},{"floor":20,"key":"GamblersBrew"},{"floor":23,"key":"LiquidBronze"},{"floor":31,"key":"PowerPotion"},{"floor":33,"key":"SpeedPotion"},{"floor":35,"key":"Poison Potion"},{"floor":36,"key":"SteroidPotion"},{"floor":46,"key":"Ancient Potion"},{"floor":54,"key":"Weak Potion"}],"is_trial":false,"path_per_floor":["M","?","M","M","$","E","M","R","T","R","?","E","M","?","R","B",null,"M","M","M","$","M","E","R","E","T","E","?","R","?","M","R","B",null,"M","M","M","M","M","R","E","M","T","R","?","M","$","M","R","B",null,"R","$","E","B"],"character_chosen":"IRONCLAD","items_purchased":["Dropkick"],"campfire_rested":2,"item_purchase_floors":[5],"current_hp_per_floor":[80,80,80,80,80,68,77,77,77,77,77,80,72,72,72,17,80,80,80,73,73,78,32,56,67,67,76,61,61,45,52,52,54,85,58,70,75,82,85,85,65,64,64,64,64,58,58,48,73,55,88,88,88,56,0],"gold":22,"neow_bonus":"ONE_RARE_RELIC","is_prod":false,"is_daily":false,"chose_seed":false,"campfire_upgraded":7,"win_rate":0,"timestamp":1560115991,"path_taken":["M","?","?","M","$","E","M","R","T","R","?","E","M","?","R","BOSS","M","M","M","$","M","E","R","E","T","E","?","R","?","M","R","BOSS","M","M","M","M","M","R","E","M","T","R","?","M","$","M","R","BOSS","R","$","E","BOSS"],"build_version":"2019-01-23","purchased_purges":3,"victory":false,"max_hp_per_floor":[80,80,80,80,80,80,80,80,80,80,80,80,80,80,80,80,80,80,80,80,80,80,80,80,80,80,80,85,85,85,85,85,85,85,85,85,85,85,85,85,85,85,85,85,85,85,85,85,85,88,88,88,88,91,91],"card_choices":[{"not_picked":["True Grit","Perfected Strike"],"picked":"Cleave","floor":1},{"not_picked":["Corruption","Anger"],"picked":"Pommel Strike","floor":3},{"not_picked":["Clothesline","Cleave"],"picked":"Seeing Red","floor":4},{"not_picked":["Rupture","Fiend Fire","Intimidate"],"picked":"SKIP","floor":6},{"not_picked":["Sever Soul","Havoc"],"picked":"Infernal Blade","floor":7},{"not_picked":["Thunderclap","Perfected Strike"],"picked":"Ghostly Armor","floor":12},{"not_picked":["Infernal Blade","Rampage"],"picked":"Pommel Strike","floor":13},{"not_picked":["Brutality","Berserk"],"picked":"Demon Form","floor":16},{"not_picked":["Cleave","Flame Barrier"],"picked":"Headbutt","floor":18},{"not_picked":["Anger","Flame Barrier","Havoc"],"picked":"SKIP","floor":19},{"not_picked":["Iron Wave","Searing Blow"],"picked":"Flex+1","floor":20},{"not_picked":["Shockwave+1","Flex"],"picked":"Fire Breathing+1","floor":22},{"not_picked":["Warcry+1","Second Wind"],"picked":"Flex","floor":23},{"not_picked":["Power Through","Rupture+1"],"picked":"Shrug It Off+1","floor":25},{"not_picked":["Evolve","Flame Barrier"],"picked":"Pommel Strike","floor":27},{"not_picked":["Uppercut","Evolve"],"picked":"Shrug It Off","floor":31},{"not_picked":["Exhume","Brutality"],"picked":"Limit Break","floor":33},{"not_picked":["Clash","Reckless Charge"],"picked":"Shockwave+1","floor":35},{"not_picked":["Thunderclap+1","Entrench"],"picked":"Flex+1","floor":36},{"not_picked":["True Grit","Rage"],"picked":"Disarm","floor":37},{"not_picked":["Havoc","Anger"],"picked":"Shrug It Off","floor":38},{"not_picked":["Warcry+1","Thunderclap+1","Clothesline"],"picked":"SKIP","floor":39},{"not_picked":["Twin Strike","Uppercut+1"],"picked":"Cleave+1","floor":41},{"not_picked":["Clash","Pommel Strike"],"picked":"Feed","floor":42},{"not_picked":["Body Slam+1","Seeing Red"],"picked":"Burning Pact+1","floor":46},{"not_picked":["Searing Blow+1","Sever Soul+1"],"picked":"Clash+1","floor":48},{"not_picked":["Whirlwind","Combust"],"picked":"Armaments+1","floor":49},{"not_picked":["Anger","Whirlwind"],"picked":"Twin Strike","floor":54}],"player_experience":73356,"relics_obtained":[{"floor":6,"key":"Boot"},{"floor":12,"key":"Orichalcum"},{"floor":23,"key":"PreservedInsect"},{"floor":25,"key":"Sundial"},{"floor":26,"key":"Thread and Needle"},{"floor":27,"key":"Ancient Tea Set"},{"floor":30,"key":"Enchiridion"},{"floor":41,"key":"Shuriken"},{"floor":41,"key":"Dream Catcher"},{"floor":43,"key":"Bag of Marbles"},{"floor":54,"key":"Ornamental Fan"},{"floor":54,"key":"Torii"}],"event_choices":[{"cards_removed":["Cleave"],"damage_healed":0,"gold_gain":0,"player_choice":"Gave Card","damage_taken":0,"relics_obtained":["Blood Vial"],"max_hp_gain":0,"max_hp_loss":0,"event_name":"WeMeetAgain","floor":2,"gold_loss":0},{"damage_healed":0,"gold_gain":0,"cards_transformed":["Strike_R"],"player_choice":"Change","damage_taken":0,"max_hp_gain":0,"max_hp_loss":0,"event_name":"Living Wall","floor":11,"gold_loss":0,"cards_obtained":["Flame Barrier"]},{"damage_healed":0,"gold_gain":0,"player_choice":"Bought 0 Potions","damage_taken":0,"max_hp_gain":0,"max_hp_loss":0,"event_name":"The Woman in Blue","floor":14,"gold_loss":0},{"damage_healed":0,"gold_gain":0,"player_choice":"Shed Blood","damage_taken":20,"max_hp_gain":5,"max_hp_loss":0,"event_name":"Forgotten Altar","floor":28,"gold_loss":0},{"damage_healed":0,"gold_gain":0,"player_choice":"Obtained Book","damage_taken":16,"max_hp_gain":0,"max_hp_loss":0,"event_name":"Cursed Tome","floor":30,"gold_loss":0},{"damage_healed":0,"gold_gain":0,"cards_transformed":["Defend_R"],"player_choice":"Transformed","damage_taken":0,"max_hp_gain":0,"max_hp_loss":0,"event_name":"Transmorgrifier","floor":45,"gold_loss":0,"cards_obtained":["Headbutt"]}],"is_beta":false,"boss_relics":[{"not_picked":["Orrery","Black Blood"],"picked":"Ectoplasm"},{"not_picked":["Fusion Hammer","Tiny House"],"picked":"Black Star"}],"items_purged_floors":[5,21,47],"is_endless":false,"potions_floor_spawned":[3,7,12,13,20,23,31,33,35,36,46,54],"killed_by":"The Heart","ascension_level":0}