{"gold_per_floor":[114,128,53,53,70,70,45,75,75,75,107,129,141,166,178,295,307,330,355,282,294,306,338,676,700,712,724,800,812,875,903,915,1026,1038,1067,1094,1106,1137,1166,1213,1225,1268,1356,1395,1418,650,750,0,0,0],"floor_reached":51,"playtime":9841,"items_purged":["Strike_G","Survivor"],"score":860,"play_id":"512cbf87-79be-495b-b64f-16bc65d61729","local_time":"20190612010309","is_ascension_mode":false,"campfire_choices":[{"data":"Neutralize","floor":6.0,"key":"SMITH"},{"data":"Noxious Fumes","floor":10.0,"key":"SMITH"},{"data":"Backflip","floor":15.0,"key":"SMITH"},{"floor":27.0,"key":"REST"},{"data":"PiercingWail","floor":32.0,"key":"SMITH"},{"floor":41,"key":"REST"},{"data":"Backflip","floor":49,"key":"SMITH"}],"neow_cost":"NONE","seed_source_timestamp":368427433884584,"circlet_count":0,"master_deck":["Defend_G","Defend_G","Defend_G","Defend_G+1","Defend_G","Strike_G","Neutralize+1","Bane","Footwork+1","Backflip+1","Backflip+1","Noxious Fumes+1","Bouncing Flask","Poisoned Stab","PiercingWail+1","Tools of the Trade","Bouncing Flask+1","Bouncing Flask+1","Well Laid Plans+1","Malaise","Expertise+1","Footwork+1","Leg Sweep","Bane","Night Terror","Footwork+1","Metamorphosis","Predator"],"special_seed":0,"relics":["Velvet Choker","Orichalcum","Mummified Hand","MawBank","Black Star","War Paint","Old Coin","Frozen Egg 2","Incense Burner","Tiny Chest","Juzu Bracelet","MutagenicStrength","Bag of Preparation","HoveringKite","Mercury Hourglass","Paper Crane","Ice Cream","Bird Faced Urn","Bottled Tornado","PreservedInsect","Meat on the Bone","Ancient Tea Set","TheAbacus","Regal Pillow","Thread and Needle","Red Mask"],"potions_floor_usage":[40,50],"damage_taken":[{"damage":0.0,"enemies":"Small Slimes","floor":1.0,"turns":5.0},{"damage":1.0,"enemies":"Cultist","floor":2.0,"turns":4.0},{"damage":0.0,"enemies":"2 Louse","floor":5.0,"turns":5.0},{"damage":1.0,"enemies":"Lagavulin","floor":8.0,"turns":12.0},{"damage":6.0,"enemies":"Gremlin Nob","floor":11.0,"turns":5.0},{"damage":0.0,"enemies":"Blue Slaver","floor":12.0,"turns":3.0},{"damage":6.0,"enemies":"Exordium Thugs","floor":14.0,"turns":4.0},{"damage":8.0,"enemies":"Slime Boss","floor":16.0,"turns":10.0},{"damage":0.0,"enemies":"Chosen","floor":18.0,"turns":5.0},{"damage":0.0,"enemies":"3 Byrds","floor":19.0,"turns":4.0},{"damage":9.0,"enemies":"Sentry and Sphere","floor":23.0,"turns":5.0},{"damage":16.0,"enemies":"Slavers","floor":24.0,"turns":6.0},{"damage":0.0,"enemies":"Cultist and Chosen","floor":25.0,"turns":6.0},{"damage":0.0,"enemies":"Gremlin Leader","floor":28.0,"turns":6.0},{"damage":3.0,"enemies":"Centurion and Healer","floor":31.0,"turns":5.0},{"damage":22.0,"enemies":"Automaton","floor":33.0,"turns":10.0},{"damage":14.0,"enemies":"3 Shapes","floor":35.0,"turns":4.0},{"damage":4.0,"enemies":"Orb Walker","floor":36.0,"turns":5.0},{"damage":9.0,"enemies":"Maw","floor":38.0,"turns":7.0},{"damage":10.0,"enemies":"Transient","floor":39.0,"turns":5.0},{"damage":13,"enemies":"Reptomancer","floor":40,"turns":10},{"damage":4,"enemies":"Giant Head","floor":42,"turns":9},{"damage":42,"enemies":"Reptomancer","floor":44,"turns":9},{"damage":15,"enemies":"4 Shapes","floor":45,"turns":6},{"damage":0,"enemies":"Mind Bloom Boss Battle","floor":47,"turns":8},{"damage":3,"enemies":"Time Eater","floor":50,"turns":12}],"seed_played":"-6581027531745533018","potions_obtained":[{"floor":2.0,"key":"SkillPotion"},{"floor":5.0,"key":"Ancient Potion"},{"floor":12.0,"key":"PowerPotion"},{"floor":25.0,"key":"FearPotion"},{"floor":28.0,"key":"Weak Potion"},{"floor":36.0,"key":"PowerPotion"},{"floor":38.0,"key":"Fruit Juice"},{"floor":45,"key":"GamblersBrew"},{"floor":47,"key":"SteroidPotion"}],"is_trial":false,"path_per_floor":["M","M","$","?","M","R","$","E","T","R","E","M","?","M","R","B",null,"M","M","?","$","?","M","E","M","T","R","E","?","T","M","R","B",null,"M","M","?","M","M","E","R","E","T","E","M","$","?","?","R","B",null],"character_chosen":"THE_SILENT","items_purchased":["Backflip","Ancient Tea Set","TheAbacus","Regal Pillow","Metamorphosis"],"campfire_rested":2,"item_purchase_floors":[7,46,46,46,46],"current_hp_per_floor":[70,69,69,69,69,69,69,68,68,68,62,62,55,49,49,41,70,70,70,70,70,70,61,45,45,45,66,66,66,66,63,63,41,70,56,52,52,43,33,25,47,43,43,11,26,26,44,44,44,59],"gold":0,"neow_bonus":"BOSS_RELIC","is_prod":false,"is_daily":false,"chose_seed":false,"campfire_upgraded":5,"win_rate":0,"timestamp":1560315789,"path_taken":["M","M","$","?","?","R","?","E","T","R","E","M","?","M","R","BOSS","M","M","?","$","?","M","E","M","T","R","E","?","?","M","R","BOSS","M","M","?","M","M","E","R","E","T","E","M","$","?","?","R","BOSS"],"build_version":"2019-01-23","purchased_purges":2,"victory":true,"max_hp_per_floor":[70,70,70,70,70,70,70,70,70,70,70,70,70,70,70,70,70,70,70,70,70,70,70,70,70,70,70,70,70,70,70,70,70,70,70,70,70,70,70,75,75,75,75,75,75,75,75,75,75,75],"card_choices":[{"not_picked":["Sucker Punch","Reflex"],"picked":"Bane","floor":1.0},{"not_picked":["Blade Dance","Bane"],"picked":"Footwork","floor":2.0},{"not_picked":["Flying Knee","Quick Slash"],"picked":"Backflip","floor":5.0},{"not_picked":["Glass Knife","Choke"],"picked":"Noxious Fumes","floor":8.0},{"not_picked":["Slice","Tools of the Trade"],"picked":"Bouncing Flask","floor":11.0},{"not_picked":["Outmaneuver","Skewer"],"picked":"Poisoned Stab","floor":12.0},{"not_picked":["Underhanded Strike","Finisher"],"picked":"PiercingWail","floor":14.0},{"not_picked":["Wraith Form v2","After Image"],"picked":"Tools of the Trade","floor":16.0},{"not_picked":["Blade Dance","Eviscerate"],"picked":"Bouncing Flask+1","floor":18.0},{"not_picked":["Distraction","Cloak And Dagger"],"picked":"Bouncing Flask","floor":19.0},{"not_picked":["Dodge and Roll","Dagger Throw","Underhanded Strike+1"],"picked":"SKIP","floor":23.0},{"not_picked":["Slice","Underhanded Strike","Quick Slash+1"],"picked":"SKIP","floor":24.0},{"not_picked":["Glass Knife","All Out Attack"],"picked":"Well Laid Plans+1","floor":25.0},{"not_picked":["Quick Slash","Predator+1","Heel Hook+1"],"picked":"SKIP","floor":28.0},{"not_picked":["Backstab","Sucker Punch","Quick Slash"],"picked":"SKIP","floor":31.0},{"not_picked":["Burst","Wraith Form v2+1"],"picked":"Malaise","floor":33.0},{"not_picked":["Cloak And Dagger","Outmaneuver+1"],"picked":"Expertise+1","floor":35.0},{"not_picked":["Dodge and Roll","Quick Slash"],"picked":"Footwork+1","floor":36.0},{"not_picked":["Slice","Blur"],"picked":"Leg Sweep","floor":38.0},{"not_picked":["Reflex","Heel Hook+1"],"picked":"Bane","floor":39.0},{"not_picked":["Flying Knee+1","Sucker Punch","Slice"],"picked":"SKIP","floor":40},{"not_picked":["Prepared+1","Accuracy+1"],"picked":"Night Terror","floor":42},{"not_picked":["Leg Sweep","Heel Hook"],"picked":"Footwork+1","floor":44},{"not_picked":["Tactician+1","Dagger Spray","Dodge and Roll"],"picked":"SKIP","floor":45},{"not_picked":["Quick Slash+1","Deflect+1"],"picked":"Predator","floor":47}],"player_experience":48939,"relics_obtained":[{"floor":8.0,"key":"Orichalcum"},{"floor":9.0,"key":"Mummified Hand"},{"floor":11.0,"key":"MawBank"},{"floor":24.0,"key":"Old Coin"},{"floor":24.0,"key":"Frozen Egg 2"},{"floor":26.0,"key":"Incense Burner"},{"floor":28.0,"key":"Tiny Chest"},{"floor":28.0,"key":"Juzu Bracelet"},{"floor":30.0,"key":"Bag of Preparation"},{"floor":40,"key":"Mercury Hourglass"},{"floor":40,"key":"Paper Crane"},{"floor":42,"key":"Ice Cream"},{"floor":42,"key":"Bird Faced Urn"},{"floor":43,"key":"Bottled Tornado"},{"floor":44,"key":"PreservedInsect"},{"floor":44,"key":"Meat on the Bone"},{"floor":47,"key":"Thread and Needle"}],"event_choices":[{"damage_healed":0.0,"max_hp_gain":0.0,"max_hp_loss":0.0,"gold_gain":0.0,"event_name":"Upgrade Shrine","player_choice":"Upgraded","floor":4.0,"gold_loss":0.0,"damage_taken":0.0,"cards_upgraded":["Footwork"]},{"cards_removed":["Strike_G"],"damage_healed":0.0,"max_hp_gain":0.0,"max_hp_loss":0.0,"gold_gain":0.0,"event_name":"Golden Wing","player_choice":"Card Removal","floor":13.0,"gold_loss":0.0,"damage_taken":7.0},{"damage_healed":0.0,"max_hp_gain":0.0,"max_hp_loss":0.0,"gold_gain":0.0,"event_name":"Addict","player_choice":"Obtained Relic","floor":20.0,"gold_loss":85.0,"damage_taken":0.0,"relics_obtained":["War Paint"]},{"cards_removed":["Strike_G"],"damage_healed":0.0,"max_hp_gain":0.0,"max_hp_loss":0.0,"gold_gain":0.0,"event_name":"Back to Basics","player_choice":"Elegance","floor":22.0,"gold_loss":0.0,"damage_taken":0.0},{"damage_healed":0.0,"max_hp_gain":0.0,"max_hp_loss":0.0,"gold_gain":0.0,"event_name":"Drug Dealer","player_choice":"Inject Mutagens","floor":29.0,"gold_loss":0.0,"damage_taken":0.0,"relics_obtained":["MutagenicStrength"]},{"cards_removed":["Strike_G"],"damage_healed":0.0,"max_hp_gain":0.0,"max_hp_loss":0.0,"gold_gain":0.0,"event_name":"Falling","player_choice":"Removed Attack","floor":37.0,"gold_loss":0.0,"damage_taken":0.0},{"damage_healed":0,"gold_gain":0,"player_choice":"Fight","damage_taken":0,"max_hp_gain":0,"max_hp_loss":0,"event_name":"MindBloom","floor":47,"gold_loss":0},{"damage_healed":0,"gold_gain":0,"player_choice":"Paid","damage_taken":0,"relics_obtained":["Red Mask"],"max_hp_gain":0,"max_hp_loss":0,"event_name":"Tomb of Lord Red Mask","floor":48,"gold_loss":750}],"is_beta":false,"boss_relics":[{"not_picked":["Orrery","Lizard Tail"],"picked":"Black Star"},{"not_picked":["Philosopher\u0027s Stone","Runic Pyramid"],"picked":"HoveringKite"}],"items_purged_floors":[3,46],"is_endless":false,"potions_floor_spawned":[2,5,12,24,25,28,36,38,45,47],"ascension_level":0}