{"gold_per_floor":[110,121,131,148,164,182,214,199],"floor_reached":8,"playtime":305,"items_purged":[],"score":68,"play_id":"b12effda-a49a-4aad-ba93-963a69ae3783","local_time":"20190508214046","is_ascension_mode":true,"campfire_choices":[],"neow_cost":"NONE","seed_source_timestamp":1756002317635300,"circlet_count":0,"master_deck":["Strike_B","Strike_B","Strike_B","Strike_B","Defend_B","Defend_B","Defend_B","Defend_B","Zap","Dualcast","Capacitor","Ball Lightning","Capacitor","Go for the Eyes","Barrage","Rainbow"],"relics":["Cracked Core","NeowsBlessing","Pen Nib"],"potions_floor_usage":[4,7,7,8],"damage_taken":[{"damage":0,"enemies":"Cultist","floor":1,"turns":1},{"damage":0,"enemies":"2 Louse","floor":2,"turns":1},{"damage":0,"enemies":"Small Slimes","floor":3,"turns":1},{"damage":26,"enemies":"Exordium Wildlife","floor":4,"turns":5},{"damage":28,"enemies":"Large Slime","floor":5,"turns":6},{"damage":7,"enemies":"2 Fungi Beasts","floor":6,"turns":3},{"damage":12,"enemies":"Lagavulin","floor":7,"turns":6},{"damage":9,"enemies":"Exordium Thugs","floor":8,"turns":1}],"seed_played":"-7437139463510823212","potions_obtained":[{"floor":2,"key":"EssenceOfSteel"},{"floor":3,"key":"PowerPotion"},{"floor":6,"key":"SkillPotion"},{"floor":7,"key":"GamblersBrew"}],"is_trial":false,"path_per_floor":["M","M","M","M","M","M","E","M"],"character_chosen":"DEFECT","items_purchased":[],"campfire_rested":0,"item_purchase_floors":[],"current_hp_per_floor":[75,75,75,49,21,14,2,0],"gold":199,"neow_bonus":"THREE_ENEMY_KILL","is_prod":false,"is_daily":false,"chose_seed":false,"campfire_upgraded":0,"win_rate":0,"timestamp":1557369646,"path_taken":["M","M","M","M","M","M","E","M"],"build_version":"2019-01-23","purchased_purges":0,"victory":false,"max_hp_per_floor":[75,75,75,75,75,75,75,75],"card_choices":[{"not_picked":["Stack","Ball Lightning"],"picked":"Capacitor","floor":1},{"not_picked":["Cold Snap","Skim"],"picked":"Ball Lightning","floor":2},{"not_picked":["Storm","Meteor Strike"],"picked":"Capacitor","floor":3},{"not_picked":["Streamline","BootSequence"],"picked":"Go for the Eyes","floor":4},{"not_picked":["Skim","Turbo"],"picked":"Barrage","floor":5},{"not_picked":["Beam Cell","Turbo","Sweeping Beam"],"picked":"SKIP","floor":6},{"not_picked":["Genetic Algorithm","Redo"],"picked":"Rainbow","floor":7}],"player_experience":158473,"relics_obtained":[{"floor":7,"key":"Pen Nib"}],"event_choices":[],"is_beta":false,"boss_relics":[],"items_purged_floors":[],"is_endless":false,"potions_floor_spawned":[2,3,6,7],"killed_by":"Exordium Thugs","ascension_level":2}