{"gold_per_floor":[115,115,160,160,173,173,198,198,198,231,249,263,295,315,315,418,418,431,447,177,194,213,213],"floor_reached":23,"playtime":776,"items_purged":["Pain"],"score":370,"play_id":"cd1e543a-e2f6-42a4-9387-669156b0b51c","local_time":"20190412164221","is_ascension_mode":true,"campfire_choices":[{"data":"Acrobatics","floor":6,"key":"SMITH"},{"data":"Deadly Poison","floor":8,"key":"SMITH"},{"floor":15,"key":"REST"}],"neow_cost":"NONE","seed_source_timestamp":80538264325641,"circlet_count":0,"master_deck":["Survivor","Neutralize+1","Acrobatics+1","Deadly Poison+1","Deadly Poison","Footwork","Noxious Fumes","Blade Dance","Deadly Poison","Noxious Fumes","Venomology","Noxious Fumes","Poisoned Stab","Burst","Poisoned Stab","Blade Dance","A Thousand Cuts","Poisoned Stab","Dagger Throw","Deadly Poison","Sucker Punch+1","Bouncing Flask","Catalyst","Sadistic Nature","Cloak And Dagger","Bouncing Flask"],"relics":["Ring of the Snake","NeowsBlessing","Whetstone","WarpedTongs","Snake Skull","Ornamental Fan","Ancient Tea Set","FossilizedHelix","Pandora\u0027s Box"],"potions_floor_usage":[12,14,19,21,21,23,23,23],"damage_taken":[{"damage":0,"enemies":"2 Louse","floor":1,"turns":1},{"damage":0,"enemies":"Jaw Worm","floor":5,"turns":1},{"damage":1,"enemies":"3 Sentries","floor":7,"turns":2},{"damage":26,"enemies":"Gremlin Nob","floor":10,"turns":5},{"damage":3,"enemies":"Cultist","floor":11,"turns":3},{"damage":3,"enemies":"Looter","floor":12,"turns":4},{"damage":5,"enemies":"Lagavulin","floor":13,"turns":6},{"damage":14,"enemies":"Exordium Thugs","floor":14,"turns":5},{"damage":16,"enemies":"Slime Boss","floor":16,"turns":7},{"damage":1,"enemies":"Chosen","floor":18,"turns":4},{"damage":13,"enemies":"2 Thieves","floor":19,"turns":3},{"damage":18,"enemies":"Sentry and Sphere","floor":21,"turns":5},{"damage":15,"enemies":"Snecko","floor":22,"turns":5},{"damage":14,"enemies":"Gremlin Leader","floor":23,"turns":3}],"seed_played":"3612488034503189114","potions_obtained":[{"floor":7,"key":"FearPotion"},{"floor":11,"key":"Fire Potion"},{"floor":12,"key":"Fruit Juice"},{"floor":13,"key":"Explosive Potion"},{"floor":18,"key":"GhostInAJar"},{"floor":21,"key":"SkillPotion"}],"is_trial":false,"path_per_floor":["M","?","T","?","M","R","E","R","T","E","M","M","E","M","R","B",null,"M","M","$","M","M","E"],"character_chosen":"THE_SILENT","items_purchased":["Catalyst","Sadistic Nature"],"campfire_rested":1,"item_purchase_floors":[20,20],"current_hp_per_floor":[63,56,56,56,56,56,55,55,55,29,26,28,23,9,31,15,60,59,46,46,28,13,0],"gold":213,"neow_bonus":"THREE_ENEMY_KILL","is_prod":false,"is_daily":false,"chose_seed":false,"campfire_upgraded":2,"win_rate":0,"timestamp":1555105341,"path_taken":["M","?","?","?","M","R","E","R","T","E","?","M","E","M","R","BOSS","M","M","$","M","M","E"],"build_version":"2019-01-23","purchased_purges":1,"victory":false,"max_hp_per_floor":[70,70,70,70,70,70,70,70,70,70,70,75,75,75,75,75,75,75,75,75,75,75,75],"card_choices":[{"not_picked":["Outmaneuver","Calculated Gamble"],"picked":"Acrobatics","floor":1},{"not_picked":["Flechettes","Riddle With Holes"],"picked":"Deadly Poison","floor":5},{"not_picked":["Sucker Punch","Bullet Time"],"picked":"Deadly Poison","floor":7},{"not_picked":["Quick Slash","Dagger Spray"],"picked":"Footwork","floor":10},{"not_picked":["Outmaneuver","Blade Dance"],"picked":"Noxious Fumes","floor":11},{"not_picked":["Flying Knee","Underhanded Strike"],"picked":"Blade Dance","floor":12},{"not_picked":["Calculated Gamble","Flying Knee"],"picked":"Deadly Poison","floor":13},{"not_picked":["Cloak And Dagger","Terror"],"picked":"Noxious Fumes","floor":14},{"not_picked":["Tools of the Trade","Burst"],"picked":"Venomology","floor":16},{"not_picked":["Prepared","Backflip"],"picked":"Sucker Punch+1","floor":18},{"not_picked":["Dodge and Roll","Prepared"],"picked":"Bouncing Flask","floor":19},{"not_picked":["Die Die Die","Bane+1"],"picked":"Cloak And Dagger","floor":21},{"not_picked":["Dash","Poisoned Stab"],"picked":"Bouncing Flask","floor":22}],"player_experience":422065,"relics_obtained":[{"floor":3,"key":"Whetstone"},{"floor":7,"key":"Snake Skull"},{"floor":9,"key":"Ornamental Fan"},{"floor":10,"key":"Ancient Tea Set"},{"floor":13,"key":"FossilizedHelix"}],"event_choices":[{"cards_removed":["Strike_G"],"damage_healed":0,"gold_gain":0,"player_choice":"Card Removal","damage_taken":7,"max_hp_gain":0,"max_hp_loss":0,"event_name":"Golden Wing","floor":2,"gold_loss":0},{"damage_healed":0,"gold_gain":0,"player_choice":"Rummage","damage_taken":0,"relics_obtained":["WarpedTongs"],"max_hp_gain":0,"max_hp_loss":0,"event_name":"Accursed Blacksmith","floor":4,"gold_loss":0,"cards_obtained":["Pain"]}],"is_beta":false,"boss_relics":[{"not_picked":["Cursed Key","Runic Dome"],"picked":"Pandora\u0027s Box"}],"items_purged_floors":[20],"is_endless":false,"potions_floor_spawned":[7,11,12,13,18,21],"killed_by":"Gremlin Leader","ascension_level":9}