{"gold_per_floor":[110,125,125,125,125,156,156,183,183,193,193],"floor_reached":11,"playtime":231,"items_purged":[],"score":212,"play_id":"848b4e5a-387f-429e-9bef-a291be3edcba","local_time":"20190504225923","is_ascension_mode":true,"campfire_choices":[{"floor":7,"key":"REST"}],"neow_cost":"NONE","seed_source_timestamp":36844202790036,"circlet_count":0,"master_deck":["AscendersBane","Defend_G","Defend_G","Defend_G","Defend_G","Defend_G","Strike_G+1","Strike_G","Strike_G","Strike_G+1","Survivor","Neutralize","All Out Attack"],"relics":["Ring of the Snake","NeowsBlessing","Dodecahedron","Girya","Shuriken","Whetstone"],"potions_floor_usage":[8,11],"damage_taken":[{"damage":0,"enemies":"2 Louse","floor":1,"turns":1},{"damage":0,"enemies":"Jaw Worm","floor":2,"turns":1},{"damage":0,"enemies":"3 Sentries","floor":6,"turns":1},{"damage":50,"enemies":"Gremlin Nob","floor":8,"turns":5},{"damage":1,"enemies":"Cultist","floor":10,"turns":4},{"damage":17,"enemies":"Exordium Thugs","floor":11,"turns":4}],"seed_played":"-4459905198270546118","potions_obtained":[{"floor":2,"key":"SteroidPotion"},{"floor":6,"key":"AttackPotion"},{"floor":8,"key":"AttackPotion"},{"floor":10,"key":"Energy Potion"}],"is_trial":false,"path_per_floor":["M","M","?","?","$","E","R","E","T","M","M"],"character_chosen":"THE_SILENT","items_purchased":[],"campfire_rested":1,"item_purchase_floors":[],"current_hp_per_floor":[59,59,48,48,48,48,66,16,16,15,0],"gold":193,"neow_bonus":"THREE_ENEMY_KILL","is_prod":false,"is_daily":false,"chose_seed":false,"campfire_upgraded":0,"win_rate":0,"timestamp":1556999963,"path_taken":["M","M","?","?","?","E","R","E","T","M","?"],"build_version":"2019-01-23","purchased_purges":0,"victory":false,"max_hp_per_floor":[66,66,66,66,66,66,66,66,66,66,66],"card_choices":[{"not_picked":["Flying Knee","Catalyst","Dagger Throw"],"picked":"SKIP","floor":1},{"not_picked":["Dagger Throw","Quick Slash","Flying Knee"],"picked":"SKIP","floor":2},{"not_picked":["Dagger Spray","Bane","Slice"],"picked":"SKIP","floor":6},{"not_picked":["Skewer","Choke"],"picked":"All Out Attack","floor":8},{"not_picked":["Deflect","Deadly Poison","Expertise"],"picked":"SKIP","floor":10}],"player_experience":1096153,"relics_obtained":[{"floor":6,"key":"Girya"},{"floor":8,"key":"Shuriken"},{"floor":9,"key":"Whetstone"}],"event_choices":[{"damage_healed":0,"gold_gain":0,"player_choice":"Success","damage_taken":11,"relics_obtained":["Dodecahedron"],"max_hp_gain":0,"max_hp_loss":0,"event_name":"Scrap Ooze","floor":3,"gold_loss":0},{"cards_removed":["Strike_G"],"damage_healed":0,"gold_gain":0,"player_choice":"Forget","damage_taken":0,"max_hp_gain":0,"max_hp_loss":0,"event_name":"Living Wall","floor":4,"gold_loss":0}],"is_beta":false,"boss_relics":[],"items_purged_floors":[],"is_endless":false,"potions_floor_spawned":[2,6,8,10],"killed_by":"Exordium Thugs","ascension_level":20}