{"gold_per_floor":[117,133,9,84,96,96,121,136,136,136,136,136,164,177,177,276,276,286,23,39,39,39,39,54,54,54,54,69,69,85,85,85,85],"floor_reached":33,"playtime":2824,"items_purged":["Strike_G"],"score":257,"play_id":"4e4a0242-7569-437d-8f57-e09e4b49865e","local_time":"20190611175409","is_ascension_mode":false,"campfire_choices":[{"data":"Bouncing Flask","floor":6,"key":"SMITH"},{"data":"Dagger Spray","floor":10,"key":"SMITH"},{"floor":12,"key":"REST"},{"data":"Prepared","floor":15,"key":"SMITH"},{"floor":23,"key":"REST"},{"floor":27,"key":"REST"},{"data":"Apotheosis","floor":29,"key":"SMITH"},{"data":"Acrobatics","floor":32,"key":"SMITH"}],"neow_cost":"NONE","seed_source_timestamp":2614754423121120,"circlet_count":0,"master_deck":["Defend_G","Defend_G","Defend_G+1","Defend_G+1","Defend_G","Strike_G","Strike_G","Strike_G","Survivor","Neutralize","Deflect","Bouncing Flask+1","Flying Knee","Backflip","Poisoned Stab","Dagger Spray+1","Prepared+1","Well Laid Plans","Corpse Explosion","Acrobatics+1","Apotheosis+1","Catalyst","Outmaneuver","Skewer","Acrobatics+1"],"relics":["Ring of the Snake","NeowsBlessing","Sundial","Ornamental Fan","Bottled Flame","Eternal Feather","MutagenicStrength","Bottled Tornado"],"potions_floor_usage":[13,20,28,30,31],"damage_taken":[{"damage":0,"enemies":"Jaw Worm","floor":1,"turns":1},{"damage":0,"enemies":"2 Louse","floor":2,"turns":1},{"damage":0,"enemies":"Small Slimes","floor":5,"turns":1},{"damage":12,"enemies":"Lagavulin","floor":7,"turns":6},{"damage":6,"enemies":"2 Fungi Beasts","floor":8,"turns":4},{"damage":8,"enemies":"Gremlin Nob","floor":13,"turns":3},{"damage":0,"enemies":"Lots of Slimes","floor":14,"turns":1},{"damage":16,"enemies":"Hexaghost","floor":16,"turns":8},{"damage":0,"enemies":"3 Byrds","floor":18,"turns":4},{"damage":36,"enemies":"2 Thieves","floor":20,"turns":3},{"damage":28,"enemies":"Colosseum Slavers","floor":21,"turns":3},{"damage":5,"enemies":"Chosen and Byrds","floor":24,"turns":4},{"damage":12,"enemies":"Centurion and Healer","floor":28,"turns":5},{"damage":2,"enemies":"Snake Plant","floor":30,"turns":3},{"damage":0,"enemies":"3 Cultists","floor":31,"turns":2},{"damage":85,"enemies":"Collector","floor":33,"turns":7}],"seed_played":"-2513361971971650359","potions_obtained":[{"floor":1,"key":"Fire Potion"},{"floor":8,"key":"SmokeBomb"},{"floor":14,"key":"Ancient Potion"},{"floor":16,"key":"LiquidBronze"},{"floor":24,"key":"PowerPotion"},{"floor":28,"key":"SkillPotion"}],"is_trial":false,"path_per_floor":["M","M","$","?","M","R","E","M","T","R","?","R","E","M","R","B",null,"M","$","M","?","?","R","M","?","T","R","M","R","M","M","R","B"],"character_chosen":"THE_SILENT","items_purchased":["Flying Knee","Apotheosis","Catalyst"],"campfire_rested":3,"item_purchase_floors":[3,19,19],"current_hp_per_floor":[70,70,70,59,59,59,47,41,41,41,27,48,40,40,40,24,70,70,70,34,6,6,39,34,34,34,67,55,67,65,65,70,0],"gold":85,"neow_bonus":"THREE_ENEMY_KILL","is_prod":false,"is_daily":false,"chose_seed":false,"campfire_upgraded":5,"win_rate":0,"timestamp":1560300849,"path_taken":["M","M","$","?","M","R","E","M","T","R","?","R","E","M","R","BOSS","M","$","M","?","?","R","M","?","T","R","?","R","M","M","R","BOSS"],"build_version":"2019-01-23","purchased_purges":1,"victory":false,"max_hp_per_floor":[70,70,70,70,70,70,70,70,70,70,70,70,70,70,70,70,70,70,70,70,70,70,70,70,70,70,70,70,70,70,70,70,70],"card_choices":[{"not_picked":["Eviscerate","Underhanded Strike"],"picked":"Deflect","floor":1},{"not_picked":["Underhanded Strike","Cloak And Dagger"],"picked":"Bouncing Flask","floor":2},{"not_picked":["Deflect","Acrobatics"],"picked":"Backflip","floor":5},{"not_picked":["Corpse Explosion","Sucker Punch"],"picked":"Poisoned Stab","floor":7},{"not_picked":["Reflex","Prepared"],"picked":"Dagger Spray","floor":8},{"not_picked":["Heel Hook","Masterful Stab"],"picked":"Prepared","floor":13},{"not_picked":["Quick Slash","Masterful Stab"],"picked":"Well Laid Plans","floor":14},{"not_picked":["A Thousand Cuts","Storm of Steel"],"picked":"Corpse Explosion","floor":16},{"not_picked":["Dagger Spray","Cloak And Dagger"],"picked":"Acrobatics","floor":18},{"not_picked":["Dagger Throw","Dagger Spray"],"picked":"Outmaneuver","floor":20},{"not_picked":["Escape Plan","Reflex","Quick Slash"],"picked":"SKIP","floor":24},{"not_picked":["Dodge and Roll","Prepared+1"],"picked":"Skewer","floor":28},{"not_picked":["Infinite Blades","A Thousand Cuts"],"picked":"Acrobatics+1","floor":30}],"player_experience":120738,"relics_obtained":[{"floor":7,"key":"Sundial"},{"floor":9,"key":"Ornamental Fan"},{"floor":13,"key":"Bottled Flame"},{"floor":26,"key":"Bottled Tornado"}],"event_choices":[{"damage_healed":0,"gold_gain":75,"player_choice":"Gather Gold","damage_taken":11,"max_hp_gain":0,"max_hp_loss":0,"event_name":"World of Goop","floor":4,"gold_loss":0},{"damage_healed":0,"gold_gain":0,"player_choice":"Entered Light","damage_taken":14,"max_hp_gain":0,"max_hp_loss":0,"event_name":"Shining Light","floor":11,"gold_loss":0,"cards_upgraded":["Defend_G","Defend_G"]},{"damage_healed":0,"gold_gain":0,"player_choice":"Fight","damage_taken":0,"max_hp_gain":0,"max_hp_loss":0,"event_name":"Colosseum","floor":21,"gold_loss":0},{"damage_healed":0,"gold_gain":0,"player_choice":"Fled From Nobs","damage_taken":0,"max_hp_gain":0,"max_hp_loss":0,"event_name":"Colosseum","floor":21,"gold_loss":0},{"damage_healed":0,"gold_gain":0,"player_choice":"Inject Mutagens","damage_taken":0,"relics_obtained":["MutagenicStrength"],"max_hp_gain":0,"max_hp_loss":0,"event_name":"Drug Dealer","floor":22,"gold_loss":0},{"cards_removed":["Strike_G"],"damage_healed":0,"gold_gain":0,"player_choice":"Card Removal","damage_taken":0,"max_hp_gain":0,"max_hp_loss":0,"event_name":"Wheel of Change","floor":25,"gold_loss":0}],"is_beta":false,"boss_relics":[{"not_picked":["Orrery","Runic Dome"],"picked":"Eternal Feather"}],"items_purged_floors":[3],"is_endless":false,"potions_floor_spawned":[1,8,14,16,24,28,31],"killed_by":"Collector","ascension_level":0}