{"gold_per_floor":[115,130,143,153,169,200,216,216,216,216,241,77,95,127,127,229,229,245,261,275,275,127,127,161,174,200,200,200],"floor_reached":28,"playtime":1495,"items_purged":["Accuracy"],"score":301,"play_id":"50e42c1b-94bc-40e0-82ee-86f52563a331","local_time":"20190429211546","is_ascension_mode":true,"campfire_choices":[{"floor":8,"key":"REST"},{"data":"Bane","floor":10,"key":"SMITH"},{"data":"Catalyst","floor":15,"key":"SMITH"},{"data":"Night Terror","floor":23,"key":"SMITH"},{"data":"Deadly Poison","floor":27,"key":"SMITH"}],"neow_cost":"NONE","seed_source_timestamp":975558497552100,"circlet_count":0,"master_deck":["Defend_G","Defend_G","Defend_G","Defend_G","Defend_G","Strike_G","Strike_G","Strike_G","Strike_G","Strike_G","Survivor","Neutralize","Bane+1","Deadly Poison+1","Footwork","Dagger Spray","Backflip","Catalyst+1","Mind Blast","Corpse Explosion","Night Terror+1","Calculated Gamble","Deadly Poison","Noxious Fumes","Deflect"],"relics":["Ring of the Snake","Peace Pipe","Lantern","Bag of Preparation","Boot","Eternal Feather","Letter Opener","Happy Flower"],"potions_floor_usage":[7,14,18,24,28],"damage_taken":[{"damage":0,"enemies":"Jaw Worm","floor":1,"turns":5},{"damage":1,"enemies":"Cultist","floor":2,"turns":4},{"damage":0,"enemies":"Small Slimes","floor":3,"turns":4},{"damage":0,"enemies":"Looter","floor":4,"turns":3},{"damage":12,"enemies":"3 Louse","floor":5,"turns":5},{"damage":25,"enemies":"Lagavulin","floor":6,"turns":8},{"damage":10,"enemies":"Gremlin Gang","floor":7,"turns":6},{"damage":17,"enemies":"3 Sentries","floor":11,"turns":7},{"damage":8,"enemies":"Exordium Wildlife","floor":13,"turns":6},{"damage":6,"enemies":"Gremlin Nob","floor":14,"turns":4},{"damage":6,"enemies":"Hexaghost","floor":16,"turns":7},{"damage":0,"enemies":"3 Byrds","floor":18,"turns":1},{"damage":1,"enemies":"Chosen","floor":19,"turns":4},{"damage":22,"enemies":"3 Cultists","floor":20,"turns":4},{"damage":0,"enemies":"Slavers","floor":24,"turns":1},{"damage":31,"enemies":"Snake Plant","floor":25,"turns":5},{"damage":53,"enemies":"Gremlin Leader","floor":28,"turns":3}],"seed_played":"-724385728573510223","potions_obtained":[{"floor":5,"key":"LiquidBronze"},{"floor":6,"key":"Weak Potion"},{"floor":11,"key":"Weak Potion"},{"floor":16,"key":"Explosive Potion"},{"floor":20,"key":"Fire Potion"},{"floor":25,"key":"Ancient Potion"}],"is_trial":false,"path_per_floor":["M","M","M","M","M","E","M","R","T","R","E","$","M","E","R","B",null,"M","M","M","?","$","R","E","M","T","R","E"],"character_chosen":"THE_SILENT","items_purchased":["Catalyst","Mind Blast","Noxious Fumes"],"campfire_rested":1,"item_purchase_floors":[12,12,22],"current_hp_per_floor":[77,76,76,76,64,39,29,52,52,52,35,35,27,21,21,15,77,77,76,54,54,54,66,66,35,35,50,0],"gold":200,"neow_bonus":"TEN_PERCENT_HP_BONUS","is_prod":false,"is_daily":false,"chose_seed":false,"campfire_upgraded":4,"win_rate":0,"timestamp":1556590546,"path_taken":["M","M","M","M","M","E","M","R","T","R","E","$","M","E","R","BOSS","M","M","M","?","?","R","E","?","T","R","E"],"build_version":"2019-01-23","purchased_purges":1,"victory":false,"max_hp_per_floor":[77,77,77,77,77,77,77,77,77,77,77,77,77,77,77,77,77,77,77,77,77,77,77,77,77,77,77,77],"card_choices":[{"not_picked":["Flying Knee","Outmaneuver","Sucker Punch"],"picked":"SKIP","floor":1},{"not_picked":["Distraction","Underhanded Strike"],"picked":"Bane","floor":2},{"not_picked":["All Out Attack","Concentrate"],"picked":"Deadly Poison","floor":3},{"not_picked":["Dagger Throw","Sucker Punch"],"picked":"Footwork","floor":4},{"not_picked":["Sucker Punch","Acrobatics"],"picked":"Dagger Spray","floor":5},{"not_picked":["Deflect","Deadly Poison"],"picked":"Backflip","floor":6},{"not_picked":["Outmaneuver","Sucker Punch","Quick Slash"],"picked":"SKIP","floor":7},{"not_picked":["Backflip","Reflex"],"picked":"Accuracy","floor":11},{"not_picked":["Masterful Stab","Deflect","Acrobatics"],"picked":"SKIP","floor":13},{"not_picked":["Flying Knee","All Out Attack"],"picked":"Corpse Explosion","floor":14},{"not_picked":["Phantasmal Killer","Storm of Steel"],"picked":"Night Terror","floor":16},{"not_picked":["Sucker Punch","Slice","All Out Attack"],"picked":"SKIP","floor":18},{"not_picked":["Flying Knee+1","Concentrate+1"],"picked":"Calculated Gamble","floor":19},{"not_picked":["Quick Slash+1","Sucker Punch"],"picked":"Deadly Poison","floor":20},{"not_picked":["Accuracy","Prepared","Blade Dance+1"],"picked":"SKIP","floor":24},{"not_picked":["Slice","Blade Dance"],"picked":"Deflect","floor":25}],"player_experience":72243,"relics_obtained":[{"floor":6,"key":"Peace Pipe"},{"floor":9,"key":"Lantern"},{"floor":11,"key":"Bag of Preparation"},{"floor":14,"key":"Boot"},{"floor":24,"key":"Letter Opener"},{"floor":26,"key":"Happy Flower"}],"event_choices":[{"damage_healed":0,"gold_gain":0,"player_choice":"Ignored","damage_taken":0,"max_hp_gain":0,"max_hp_loss":0,"event_name":"Vampires","floor":21,"gold_loss":0}],"is_beta":false,"boss_relics":[{"not_picked":["Tiny House","Calling Bell"],"picked":"Eternal Feather"}],"items_purged_floors":[22],"is_endless":false,"potions_floor_spawned":[5,6,11,16,20,25],"killed_by":"Gremlin Leader","ascension_level":1}