{"gold_per_floor":[117,117,117,127,140,166,179,208,235,235,235,251,251,283,283,379,379,395,408,427,427,427],"floor_reached":22,"playtime":1256,"items_purged":[],"score":216,"play_id":"b324b485-f08c-4364-9806-64ce614853b7","local_time":"20190429205033","is_ascension_mode":true,"campfire_choices":[{"data":"Flex","floor":10,"key":"SMITH"},{"data":"Inflame","floor":13,"key":"SMITH"},{"data":"Spot Weakness","floor":15,"key":"SMITH"}],"neow_cost":"NONE","seed_source_timestamp":974284704428000,"circlet_count":0,"master_deck":["Strike_R","Strike_R","Strike_R+1","Strike_R","Strike_R+1","Defend_R","Defend_R","Flex+1","Spot Weakness+1","Twin Strike","Shrug It Off","Inflame+1","Perfected Strike","Battle Trance","Berserk","Whirlwind+1","Fire Breathing+1","Heavy Blade"],"relics":["Burning Blood","Happy Flower","Boot","Art of War","Lantern","Empty Cage","Enchiridion"],"potions_floor_usage":[8,16,16,18,19],"damage_taken":[{"damage":9,"enemies":"2 Louse","floor":1,"turns":3},{"damage":0,"enemies":"Small Slimes","floor":4,"turns":3},{"damage":9,"enemies":"Cultist","floor":5,"turns":4},{"damage":30,"enemies":"Gremlin Nob","floor":6,"turns":4},{"damage":0,"enemies":"2 Fungi Beasts","floor":7,"turns":3},{"damage":15,"enemies":"3 Sentries","floor":8,"turns":6},{"damage":7,"enemies":"Blue Slaver","floor":12,"turns":2},{"damage":26,"enemies":"Lagavulin","floor":14,"turns":5},{"damage":21,"enemies":"Hexaghost","floor":16,"turns":8},{"damage":29,"enemies":"3 Byrds","floor":18,"turns":3},{"damage":2,"enemies":"Spheric Guardian","floor":19,"turns":3},{"damage":41,"enemies":"Cultist and Chosen","floor":20,"turns":5},{"damage":26,"enemies":"Centurion and Healer","floor":22,"turns":2}],"seed_played":"1224556026231844022","potions_obtained":[{"floor":5,"key":"Ancient Potion"},{"floor":6,"key":"LiquidBronze"},{"floor":7,"key":"AttackPotion"},{"floor":12,"key":"Dexterity Potion"},{"floor":14,"key":"Fire Potion"},{"floor":18,"key":"SkillPotion"}],"is_trial":false,"path_per_floor":["M","?","?","M","M","E","M","E","T","R","?","M","R","E","R","B",null,"M","M","M","?","M"],"character_chosen":"IRONCLAD","items_purchased":[],"campfire_rested":0,"item_purchase_floors":[],"current_hp_per_floor":[85,67,67,73,70,46,52,43,43,43,43,42,42,22,22,7,88,65,69,34,18,0],"gold":427,"neow_bonus":"TEN_PERCENT_HP_BONUS","is_prod":false,"is_daily":false,"chose_seed":false,"campfire_upgraded":3,"win_rate":0,"timestamp":1556589033,"path_taken":["M","?","?","M","M","E","M","E","T","R","?","?","R","E","R","BOSS","M","M","M","?","M"],"build_version":"2019-01-23","purchased_purges":0,"victory":false,"max_hp_per_floor":[88,88,88,88,88,88,88,88,88,88,88,88,88,88,88,88,88,88,88,88,88,88],"card_choices":[{"not_picked":["Cleave","Flame Barrier"],"picked":"Flex","floor":1},{"not_picked":["Headbutt","Flame Barrier"],"picked":"Spot Weakness","floor":4},{"not_picked":["Rupture","Metallicize"],"picked":"Twin Strike","floor":5},{"not_picked":["True Grit","Headbutt","Juggernaut"],"picked":"SKIP","floor":6},{"not_picked":["Cleave","Clothesline"],"picked":"Shrug It Off","floor":7},{"not_picked":["Warcry","Rupture"],"picked":"Inflame","floor":8},{"not_picked":["Armaments","Entrench"],"picked":"Perfected Strike","floor":12},{"not_picked":["Power Through","True Grit"],"picked":"Battle Trance","floor":14},{"not_picked":["Offering","Barricade"],"picked":"Berserk","floor":16},{"not_picked":["Bloodletting","Uppercut"],"picked":"Whirlwind+1","floor":18},{"not_picked":["Warcry+1","Seeing Red"],"picked":"Fire Breathing+1","floor":19},{"not_picked":["Rage","Body Slam"],"picked":"Heavy Blade","floor":20}],"player_experience":70987,"relics_obtained":[{"floor":6,"key":"Happy Flower"},{"floor":8,"key":"Boot"},{"floor":9,"key":"Art of War"},{"floor":14,"key":"Lantern"},{"floor":21,"key":"Enchiridion"}],"event_choices":[{"damage_healed":0,"gold_gain":0,"player_choice":"Entered Light","damage_taken":18,"max_hp_gain":0,"max_hp_loss":0,"event_name":"Shining Light","floor":2,"gold_loss":0,"cards_upgraded":["Strike_R","Strike_R"]},{"damage_healed":0,"gold_gain":0,"player_choice":"Ignored","damage_taken":0,"max_hp_gain":0,"max_hp_loss":0,"event_name":"Liars Game","floor":3,"gold_loss":0},{"cards_removed":["Bash"],"damage_healed":0,"gold_gain":0,"player_choice":"Offered Basic","damage_taken":0,"max_hp_gain":0,"max_hp_loss":0,"event_name":"Bonfire Elementals","floor":11,"gold_loss":0},{"damage_healed":0,"gold_gain":0,"player_choice":"Obtained Book","damage_taken":16,"max_hp_gain":0,"max_hp_loss":0,"event_name":"Cursed Tome","floor":21,"gold_loss":0}],"is_beta":false,"boss_relics":[{"not_picked":["Lizard Tail","White Beast Statue"],"picked":"Empty Cage"}],"items_purged_floors":[],"is_endless":false,"potions_floor_spawned":[5,6,7,12,14,18],"killed_by":"Centurion and Healer","ascension_level":1}