{"gold_per_floor":[116,116,133,133,133,193,207,207,255,255,283,283,293,311,311,412,462,473,572,545,545,285,285,285,285,308,337,349,349,349,376,376,477,477,494,508,508,508,520,520,545,545,570,588,588],"floor_reached":45,"playtime":1395,"items_purged":[],"score":752,"play_id":"f6484c73-c907-4ecc-902c-74e8da3e1faa","local_time":"20190309205638","is_ascension_mode":true,"campfire_choices":[{"data":"Neutralize","floor":8,"key":"SMITH"},{"data":"Catalyst","floor":10,"key":"SMITH"},{"data":"PiercingWail","floor":12,"key":"SMITH"},{"floor":15,"key":"REST"},{"data":"Venomology","floor":23,"key":"SMITH"},{"data":"Catalyst","floor":25,"key":"SMITH"},{"floor":29,"key":"REST"},{"data":"Tools of the Trade","floor":32,"key":"SMITH"},{"data":"Footwork","floor":40,"key":"SMITH"},{"floor":42,"key":"REST"}],"neow_cost":"NONE","seed_source_timestamp":181279960631289,"circlet_count":0,"master_deck":["Defend_G","Defend_G","Defend_G","Defend_G","Defend_G","Strike_G","Strike_G","Strike_G","Survivor","Neutralize+1","Noxious Fumes+1","PiercingWail+1","Catalyst+1","PiercingWail","Corpse Explosion","Sucker Punch","Slice","Venomology+1","Prepared","PiercingWail","Corpse Explosion","Reflex","Catalyst+1","Catalyst+1","Deflect+1","Tools of the Trade+1","Deflect+1","Die Die Die","Footwork+1","PanicButton","Flechettes"],"relics":["Ring of the Snake","NeowsBlessing","Tiny Chest","Vajra","Bag of Preparation","Tiny House","DollysMirror","Pocketwatch","Snake Skull","Bronze Scales","Ninja Scroll","Busted Crown","Happy Flower"],"potions_floor_usage":[11,16,16,16,16,18,18,27,27,28,31,35,35,39,39,41,41,44,45],"damage_taken":[{"damage":0,"enemies":"Jaw Worm","floor":1,"turns":1},{"damage":0,"enemies":"Cultist","floor":3,"turns":1},{"damage":0,"enemies":"3 Sentries","floor":6,"turns":2},{"damage":0,"enemies":"2 Louse","floor":7,"turns":3},{"damage":27,"enemies":"Gremlin Nob","floor":11,"turns":4},{"damage":4,"enemies":"2 Fungi Beasts","floor":13,"turns":2},{"damage":4,"enemies":"Looter","floor":14,"turns":5},{"damage":8,"enemies":"The Guardian","floor":16,"turns":8},{"damage":21,"enemies":"Shell Parasite","floor":18,"turns":6},{"damage":25,"enemies":"Gremlin Leader","floor":27,"turns":7},{"damage":0,"enemies":"Spheric Guardian","floor":28,"turns":3},{"damage":11,"enemies":"Slavers","floor":31,"turns":2},{"damage":28,"enemies":"Champ","floor":33,"turns":9},{"damage":0,"enemies":"3 Shapes","floor":35,"turns":5},{"damage":1,"enemies":"3 Darklings","floor":36,"turns":3},{"damage":12,"enemies":"Writhing Mass","floor":39,"turns":6},{"damage":60,"enemies":"Reptomancer","floor":41,"turns":5},{"damage":1,"enemies":"Jaw Worm Horde","floor":44,"turns":2},{"damage":40,"enemies":"Giant Head","floor":45,"turns":6}],"seed_played":"-4125206632166870551","potions_obtained":[{"floor":1,"key":"Poison Potion"},{"floor":6,"key":"Explosive Potion"},{"floor":13,"key":"EntropicBrew"},{"floor":14,"key":"PowerPotion"},{"floor":17,"key":"SneckoOil"},{"floor":27,"key":"SkillPotion"},{"floor":31,"key":"SteroidPotion"},{"floor":33,"key":"AttackPotion"},{"floor":35,"key":"FearPotion"},{"floor":36,"key":"Weak Potion"},{"floor":39,"key":"Swift Potion"},{"floor":44,"key":"Swift Potion"}],"is_trial":false,"path_per_floor":["M","?","M","$","?","E","M","R","T","R","E","R","M","M","R","B",null,"M","?","$","?","$","R","T","R","T","E","M","R","?","E","R","B",null,"M","M","?","?","M","R","E","R","T","M","E"],"character_chosen":"THE_SILENT","items_purchased":["PiercingWail","DollysMirror","Catalyst"],"campfire_rested":3,"item_purchase_floors":[20,22,22],"current_hp_per_floor":[63,63,63,63,70,70,70,70,70,70,43,43,39,35,56,48,70,49,49,49,49,49,49,49,49,49,24,24,46,71,60,60,32,64,64,63,63,63,51,51,7,29,29,28,0],"gold":588,"neow_bonus":"THREE_ENEMY_KILL","is_prod":false,"is_daily":false,"chose_seed":false,"campfire_upgraded":7,"win_rate":0,"timestamp":1552186598,"path_taken":["M","?","M","$","?","E","?","R","T","R","E","R","M","M","R","BOSS","M","?","$","?","$","R","?","R","T","E","?","R","?","E","R","BOSS","M","M","?","?","M","R","E","R","T","M","E"],"build_version":"2019-01-23","purchased_purges":0,"victory":false,"max_hp_per_floor":[70,70,70,70,70,70,70,70,70,70,70,70,70,70,70,70,75,75,75,75,75,75,75,75,75,75,75,75,75,75,75,75,75,75,75,75,75,75,75,75,75,75,75,75,75],"card_choices":[{"not_picked":["Deflect","Deadly Poison"],"picked":"Noxious Fumes","floor":1},{"not_picked":["Calculated Gamble","Sucker Punch"],"picked":"PiercingWail","floor":3},{"not_picked":["Prepared","Backflip"],"picked":"Catalyst","floor":6},{"not_picked":["Infinite Blades","Dash"],"picked":"PiercingWail","floor":7},{"not_picked":["Deadly Poison","Bouncing Flask"],"picked":"Corpse Explosion","floor":11},{"not_picked":["Flying Knee","Predator"],"picked":"Sucker Punch","floor":13},{"not_picked":["Underhanded Strike","Flying Knee"],"picked":"Slice","floor":14},{"not_picked":["A Thousand Cuts","Night Terror"],"picked":"Venomology","floor":16},{"not_picked":["Cloak And Dagger","Riddle With Holes"],"picked":"Heel Hook","floor":17},{"not_picked":["Eviscerate","Dagger Spray"],"picked":"Prepared","floor":18},{"not_picked":["Flying Knee","Quick Slash"],"picked":"Deflect+1","floor":27},{"not_picked":["Underhanded Strike","Quick Slash"],"picked":"Tools of the Trade","floor":28},{"not_picked":["Quick Slash","Skewer"],"picked":"Deflect+1","floor":31},{"not_picked":["Phantasmal Killer","A Thousand Cuts"],"picked":"Die Die Die","floor":33},{"not_picked":[],"picked":"Footwork","floor":35},{"not_picked":["Blade Dance"],"picked":"SKIP","floor":36},{"not_picked":[],"picked":"PanicButton","floor":38},{"not_picked":[],"picked":"Flechettes","floor":39},{"not_picked":["Quick Slash"],"picked":"SKIP","floor":41},{"not_picked":["Dagger Spray+1"],"picked":"SKIP","floor":44}],"player_experience":302359,"relics_obtained":[{"floor":6,"key":"Tiny Chest"},{"floor":9,"key":"Vajra"},{"floor":11,"key":"Bag of Preparation"},{"floor":24,"key":"Pocketwatch"},{"floor":26,"key":"Snake Skull"},{"floor":27,"key":"Bronze Scales"},{"floor":31,"key":"Ninja Scroll"},{"floor":41,"key":"Happy Flower"}],"event_choices":[{"damage_healed":0,"gold_gain":0,"player_choice":"Upgraded","damage_taken":0,"max_hp_gain":0,"max_hp_loss":0,"event_name":"Upgrade Shrine","floor":2,"gold_loss":0,"cards_upgraded":["Noxious Fumes"]},{"damage_healed":7,"gold_gain":0,"player_choice":"Full Heal","damage_taken":0,"max_hp_gain":0,"max_hp_loss":0,"event_name":"Wheel of Change","floor":5,"gold_loss":0},{"damage_healed":0,"gold_gain":99,"player_choice":"Stole From Cult","damage_taken":0,"max_hp_gain":0,"max_hp_loss":0,"event_name":"Nest","floor":19,"gold_loss":0},{"damage_healed":0,"gold_gain":0,"cards_transformed":["Strike_G","Strike_G"],"player_choice":"Became Test Subject","damage_taken":0,"max_hp_gain":0,"max_hp_loss":0,"event_name":"Drug Dealer","floor":21,"gold_loss":0,"cards_obtained":["Corpse Explosion","Reflex"]},{"damage_healed":25,"gold_gain":0,"player_choice":"Heal","damage_taken":0,"max_hp_gain":0,"max_hp_loss":0,"event_name":"The Library","floor":30,"gold_loss":0},{"cards_removed":["Heel Hook"],"damage_healed":0,"gold_gain":0,"player_choice":"Removed Attack","damage_taken":0,"max_hp_gain":0,"max_hp_loss":0,"event_name":"Falling","floor":37,"gold_loss":0},{"damage_healed":0,"gold_gain":0,"player_choice":"Memory 1","damage_taken":0,"max_hp_gain":0,"max_hp_loss":0,"event_name":"SensoryStone","floor":38,"gold_loss":0}],"is_beta":false,"boss_relics":[{"not_picked":["Coffee Dripper","Philosopher\u0027s Stone"],"picked":"Tiny House"},{"not_picked":["Cursed Key","Runic Pyramid"],"picked":"Busted Crown"}],"items_purged_floors":[],"is_endless":false,"potions_floor_spawned":[1,6,13,14,27,31,33,35,36,39,44],"killed_by":"Giant Head","ascension_level":8}