{"gold_per_floor":[113,126,144,144,161,189,189,189,235,246,277,290,290,300,300,395,395,414,426,426,437,437,437,61,81,131,144,155,175,210,222,222,325,325,340,71,81,81,54,54,84,95,119,95,95,106,106,58,58,58],"floor_reached":51,"playtime":7635,"items_purged":["Strike_R","Strike_R"],"score":738,"play_id":"c019db7f-bd5b-452b-8bd9-c9ba64dbd714","local_time":"20190603195138","is_ascension_mode":false,"campfire_choices":[{"floor":8,"key":"REST"},{"floor":15,"key":"REST"},{"floor":23,"key":"REST"},{"floor":32,"key":"REST"},{"data":"Juggernaut","floor":40,"key":"SMITH"},{"floor":47,"key":"REST"},{"floor":49,"key":"REST"}],"neow_cost":"NONE","seed_source_timestamp":1925801162018948,"circlet_count":0,"master_deck":["Strike_R","Strike_R","Strike_R","Defend_R","Defend_R","Defend_R","Bash","Juggernaut+1","Corruption","Thunderclap","Battle Trance","Feed","Bash","Pommel Strike","Ghostly Armor","Metallicize","Iron Wave","Carnage","Reaper","Ghostly Armor+1","Cleave+1","Reaper","Flex","Shrug It Off","True Grit+1","Shrug It Off","Armaments+1","Flame Barrier","Feed","Master of Strategy","Clothesline+1","Flex","Thunderclap+1","Pommel Strike","Shrug It Off","Clothesline"],"relics":["Burning Blood","Mercury Hourglass","Red Skull","Bag of Preparation","Runic Pyramid","Champion Belt","Oddly Smooth Stone","Pen Nib","Busted Crown","Self Forming Clay","Boot"],"potions_floor_usage":[27,27,33,33,46,46,46,50],"damage_taken":[{"damage":8,"enemies":"2 Louse","floor":1,"turns":3},{"damage":10,"enemies":"Cultist","floor":2,"turns":4},{"damage":14,"enemies":"Jaw Worm","floor":3,"turns":4},{"damage":15,"enemies":"Red Slaver","floor":5,"turns":4},{"damage":40,"enemies":"3 Sentries","floor":6,"turns":8},{"damage":11,"enemies":"Large Slime","floor":10,"turns":4},{"damage":15,"enemies":"Lagavulin","floor":11,"turns":6},{"damage":21,"enemies":"Exordium Thugs","floor":12,"turns":7},{"damage":0,"enemies":"Lots of Slimes","floor":14,"turns":2},{"damage":30,"enemies":"Slime Boss","floor":16,"turns":7},{"damage":3,"enemies":"Chosen","floor":18,"turns":5},{"damage":38,"enemies":"Spheric Guardian","floor":19,"turns":6},{"damage":66,"enemies":"Centurion and Healer","floor":21,"turns":10},{"damage":28,"enemies":"Chosen and Byrds","floor":25,"turns":7},{"damage":4,"enemies":"Cultist and Chosen","floor":27,"turns":6},{"damage":16,"enemies":"Centurion and Healer","floor":28,"turns":11},{"damage":14,"enemies":"Shelled Parasite and Fungi","floor":29,"turns":6},{"damage":50,"enemies":"Slavers","floor":30,"turns":5},{"damage":15,"enemies":"Snake Plant","floor":31,"turns":5},{"damage":45,"enemies":"Collector","floor":33,"turns":9},{"damage":20,"enemies":"Orb Walker","floor":35,"turns":5},{"damage":18,"enemies":"3 Shapes","floor":37,"turns":3},{"damage":97,"enemies":"Giant Head","floor":41,"turns":11},{"damage":21,"enemies":"Transient","floor":42,"turns":5},{"damage":16,"enemies":"Spire Growth","floor":46,"turns":4},{"damage":70,"enemies":"Awakened One","floor":50,"turns":22}],"seed_played":"8579397131617518995","potions_obtained":[{"floor":1,"key":"FearPotion"},{"floor":3,"key":"Block Potion"},{"floor":5,"key":"Dexterity Potion"},{"floor":16,"key":"FairyPotion"},{"floor":27,"key":"Explosive Potion"},{"floor":30,"key":"Energy Potion"},{"floor":37,"key":"Strength Potion"},{"floor":41,"key":"LiquidBronze"},{"floor":42,"key":"FearPotion"}],"is_trial":false,"path_per_floor":["M","M","M","?","M","E","?","R","T","M","E","M","?","M","R","B",null,"M","M","?","M","?","R","$","M","T","M","M","M","E","M","R","B",null,"M","$","M","?","$","R","E","M","T","$","?","M","R","$","R","B",null],"character_chosen":"IRONCLAD","items_purchased":["Champion Belt","Master of Strategy","Flex","Shrug It Off","Poison Potion"],"campfire_rested":6,"item_purchase_floors":[24,36,39,44,48],"current_hp_per_floor":[78,74,66,66,57,23,23,47,47,42,36,21,21,30,55,34,89,92,63,63,14,14,43,43,24,24,46,51,46,26,20,53,27,116,102,102,99,99,99,99,12,18,18,18,18,22,58,58,94,53],"gold":58,"neow_bonus":"ONE_RANDOM_RARE_CARD","is_prod":false,"is_daily":false,"chose_seed":false,"campfire_upgraded":1,"win_rate":0.0,"timestamp":1559616698,"path_taken":["M","M","M","?","?","E","?","R","T","?","E","M","?","?","R","BOSS","M","M","?","?","?","R","$","M","T","M","M","?","E","M","R","BOSS","M","$","M","?","$","R","E","M","T","?","?","M","R","$","R","BOSS"],"build_version":"2019-01-23","purchased_purges":2,"victory":true,"max_hp_per_floor":[80,80,80,80,80,80,80,80,80,80,83,83,83,86,86,89,89,92,95,95,98,98,98,98,101,101,104,104,107,110,113,113,116,116,116,116,119,119,119,119,119,119,119,119,119,122,122,122,122,128],"card_choices":[{"not_picked":["Feel No Pain","Intimidate"],"picked":"Corruption","floor":1},{"not_picked":["Combust","Rupture"],"picked":"Thunderclap","floor":2},{"not_picked":["True Grit","Warcry"],"picked":"Power Through","floor":3},{"not_picked":["Disarm","Inflame"],"picked":"Battle Trance","floor":5},{"not_picked":["Reckless Charge","Warcry"],"picked":"Feed","floor":6},{"not_picked":["Searing Blow","Clothesline"],"picked":"Pommel Strike","floor":10},{"not_picked":["Dropkick","Pummel"],"picked":"Ghostly Armor","floor":11},{"not_picked":["Twin Strike","Shrug It Off"],"picked":"Metallicize","floor":12},{"not_picked":["Anger","Rupture"],"picked":"Carnage","floor":14},{"not_picked":["Impervious","Dark Embrace"],"picked":"Reaper","floor":16},{"not_picked":["Disarm","Intimidate"],"picked":"Ghostly Armor+1","floor":18},{"not_picked":["Uppercut","Sword Boomerang+1"],"picked":"Cleave+1","floor":19},{"not_picked":["Bloodletting","Twin Strike"],"picked":"Flex","floor":21},{"not_picked":["Dual Wield+1","Warcry"],"picked":"Shrug It Off","floor":25},{"not_picked":["Clothesline+1","Twin Strike+1"],"picked":"True Grit+1","floor":27},{"not_picked":["Carnage","Anger"],"picked":"Shrug It Off","floor":28},{"not_picked":["Cleave","Flame Barrier"],"picked":"Armaments","floor":29},{"not_picked":["Anger","Fire Breathing"],"picked":"Flame Barrier","floor":30},{"not_picked":["Hemokinesis","Warcry","Feel No Pain"],"picked":"SKIP","floor":31},{"not_picked":["Impervious","Juggernaut"],"picked":"Feed","floor":33},{"not_picked":["Perfected Strike"],"picked":"SKIP","floor":35},{"not_picked":[],"picked":"Clothesline+1","floor":37},{"not_picked":[],"picked":"Thunderclap+1","floor":41},{"not_picked":[],"picked":"Pommel Strike","floor":42},{"not_picked":[],"picked":"Clothesline","floor":46}],"player_experience":12433,"relics_obtained":[{"floor":6,"key":"Mercury Hourglass"},{"floor":9,"key":"Red Skull"},{"floor":11,"key":"Bag of Preparation"},{"floor":26,"key":"Oddly Smooth Stone"},{"floor":30,"key":"Pen Nib"},{"floor":41,"key":"Self Forming Clay"},{"floor":43,"key":"Boot"}],"event_choices":[{"cards_removed":["Defend_R"],"damage_healed":0,"gold_gain":0,"player_choice":"Offered Basic","damage_taken":0,"max_hp_gain":0,"max_hp_loss":0,"event_name":"Bonfire Elementals","floor":4,"gold_loss":0},{"damage_healed":0,"gold_gain":0,"player_choice":"2 cards matched","damage_taken":0,"max_hp_gain":0,"max_hp_loss":0,"event_name":"Match and Keep!","floor":7,"gold_loss":0,"cards_obtained":["Bash","Clumsy"]},{"cards_removed":["Clumsy"],"damage_healed":0,"gold_gain":0,"player_choice":"Took Card","damage_taken":0,"max_hp_gain":0,"max_hp_loss":0,"event_name":"NoteForYourself","floor":13,"gold_loss":0,"cards_obtained":["Iron Wave"]},{"damage_healed":0,"gold_gain":0,"cards_transformed":["Power Through"],"player_choice":"Transformed","damage_taken":0,"max_hp_gain":0,"max_hp_loss":0,"event_name":"Transmorgrifier","floor":20,"gold_loss":0,"cards_obtained":["Reaper"]},{"damage_healed":0,"gold_gain":0,"player_choice":"Bought 0 Potions","damage_taken":0,"max_hp_gain":0,"max_hp_loss":0,"event_name":"The Woman in Blue","floor":22,"gold_loss":0},{"damage_healed":0,"gold_gain":0,"player_choice":"Forge","damage_taken":0,"max_hp_gain":0,"max_hp_loss":0,"event_name":"Accursed Blacksmith","floor":38,"gold_loss":0,"cards_upgraded":["Armaments"]},{"damage_healed":0,"gold_gain":0,"player_choice":"Ignored","damage_taken":0,"max_hp_gain":0,"max_hp_loss":0,"event_name":"The Moai Head","floor":45,"gold_loss":0}],"is_beta":false,"boss_relics":[{"not_picked":["Coffee Dripper","Black Star"],"picked":"Runic Pyramid"},{"not_picked":["White Beast Statue","Eternal Feather"],"picked":"Busted Crown"}],"items_purged_floors":[24,36],"is_endless":false,"potions_floor_spawned":[1,3,5,14,16,18,25,27,30,31,37,41,42],"ascension_level":0}