{"gold_per_floor":[113,188,27,42,42,71,91,103,150,179,179,197,210,221,221,221],"floor_reached":16,"playtime":3752,"items_purged":[],"score":250,"play_id":"b67aa2ac-33a0-47ee-8e8e-db32463930e2","local_time":"20181130044706","is_ascension_mode":true,"campfire_choices":[{"data":"Body Slam","floor":11,"key":"SMITH"},{"data":"Anger","floor":15,"key":"SMITH"}],"neow_cost":"NONE","seed_source_timestamp":31501428542861,"circlet_count":0,"master_deck":["AscendersBane","Strike_R","Strike_R","Strike_R","Strike_R","Strike_R","Defend_R","Defend_R","Defend_R","Defend_R+1","Bash","Shockwave+1","Shrug It Off","Anger+1","Ghostly Armor","Body Slam+1","Headbutt"],"relics":["Burning Blood","NeowsBlessing","War Paint","Kunai","Potion Belt","Blood Vial","Pear"],"potions_floor_usage":[16,16],"damage_taken":[{"damage":0,"enemies":"2 Louse","floor":1,"turns":1},{"damage":0,"enemies":"Cultist","floor":4,"turns":1},{"damage":0,"enemies":"Gremlin Nob","floor":6,"turns":1},{"damage":3,"enemies":"Jaw Worm","floor":7,"turns":4},{"damage":3,"enemies":"3 Louse","floor":8,"turns":4},{"damage":26,"enemies":"3 Sentries","floor":10,"turns":9},{"damage":4,"enemies":"Exordium Thugs","floor":12,"turns":6},{"damage":29,"enemies":"Large Slime","floor":13,"turns":7},{"damage":0,"enemies":"2 Fungi Beasts","floor":14,"turns":3},{"damage":67,"enemies":"Slime Boss","floor":16,"turns":8}],"seed_played":"2555070027554425671","potions_obtained":[{"floor":4,"key":"PowerPotion"},{"floor":6,"key":"LiquidBronze"},{"floor":8,"key":"BloodPotion"},{"floor":13,"key":"Strength Potion"}],"is_trial":false,"path_per_floor":["M","?","$","M","?","E","M","M","T","E","R","M","M","M","R","B"],"character_chosen":"IRONCLAD","items_purchased":["War Paint"],"campfire_rested":0,"item_purchase_floors":[3],"current_hp_per_floor":[74,63,63,69,69,75,75,75,75,65,65,69,48,56,56,0],"gold":221,"neow_bonus":"THREE_ENEMY_KILL","is_prod":false,"is_daily":false,"chose_seed":false,"campfire_upgraded":2,"win_rate":0,"timestamp":1543542426,"path_taken":["M","?","$","M","?","E","M","M","T","E","R","?","M","?","R","BOSS"],"build_version":"2018-11-15","purchased_purges":0,"victory":false,"max_hp_per_floor":[75,75,75,75,75,75,75,75,75,85,85,85,85,85,85,85],"card_choices":[{"not_picked":["Iron Wave","Pommel Strike"],"picked":"Shockwave","floor":1},{"not_picked":["Intimidate","Sword Boomerang"],"picked":"Shrug It Off","floor":4},{"not_picked":["Rupture","Warcry"],"picked":"Anger","floor":6},{"not_picked":["Pommel Strike","Heavy Blade"],"picked":"Ghostly Armor","floor":7},{"not_picked":["Warcry","Limit Break"],"picked":"Body Slam","floor":8},{"not_picked":["Sever Soul","Clothesline","Second Wind"],"picked":"SKIP","floor":10},{"not_picked":["Sever Soul","Clothesline","Second Wind"],"picked":"SKIP","floor":10},{"not_picked":["Sever Soul","Clothesline","Second Wind"],"picked":"SKIP","floor":10},{"not_picked":["Perfected Strike","Iron Wave","Blood for Blood"],"picked":"SKIP","floor":12},{"not_picked":["Shrug It Off","Fire Breathing"],"picked":"Headbutt","floor":13},{"not_picked":["Intimidate","Clash","Infernal Blade"],"picked":"SKIP","floor":14}],"player_experience":787235,"relics_obtained":[{"floor":6,"key":"Potion Belt"},{"floor":9,"key":"Blood Vial"},{"floor":10,"key":"Pear"}],"event_choices":[{"damage_healed":0,"gold_gain":75,"player_choice":"Gather Gold","damage_taken":11,"max_hp_gain":0,"max_hp_loss":0,"event_name":"World of Goop","floor":2,"gold_loss":0},{"damage_healed":0,"gold_gain":0,"player_choice":"Gave Potion","damage_taken":0,"relics_obtained":["Kunai"],"max_hp_gain":0,"max_hp_loss":0,"event_name":"WeMeetAgain","floor":5,"gold_loss":0}],"is_beta":false,"boss_relics":[],"items_purged_floors":[],"is_endless":false,"potions_floor_spawned":[4,6,8,13],"killed_by":"Slime Boss","ascension_level":16}