{"gold_per_floor":[116,116,116,127,127,127,152,152,175,175,200,125,155,168,168,266,266,286,25,41,41,55,55,85,100,100,100,0,0,0,29,29,127,127,138,151,151,198,198,198,0,0,48,73,73,93,127,127,127,127],"floor_reached":50,"playtime":2034,"items_purged":["Strike_R","Strike_R"],"score":810,"play_id":"883fd4bb-7e4c-4c94-9102-74ea3e77f11d","local_time":"20190522183146","is_ascension_mode":true,"campfire_choices":[{"data":"Hemokinesis","floor":6.0,"key":"SMITH"},{"data":"Flame Barrier","floor":8.0,"key":"SMITH"},{"data":"Twin Strike","floor":10.0,"key":"SMITH"},{"data":"True Grit","floor":15.0,"key":"SMITH"},{"floor":23.0,"key":"REST"},{"floor":30.0,"key":"REST"},{"data":"1","floor":32.0,"key":"LIFT"},{"data":"2","floor":40.0,"key":"LIFT"},{"data":"3","floor":42.0,"key":"LIFT"},{"floor":49,"key":"RECALL"}],"neow_cost":"NONE","seed_source_timestamp":272230943014200,"circlet_count":0,"master_deck":["Bash+1","Twin Strike+1","Flex+1","Hemokinesis+1","Flame Barrier+1","Ghostly Armor","True Grit+1","Clothesline","Brutality","Combust","Combust","Shockwave+1","Spot Weakness+1","Fire Breathing","Ghostly Armor","Feed","Exhume","Feel No Pain","Ghostly Armor","Disarm","Disarm+1","Clash","Dark Shackles","Anger+1","Battle Trance"],"special_seed":0,"relics":["Burning Blood","Gremlin Horn","War Paint","PreservedInsect","Kunai","Fusion Hammer","Mummified Hand","Omamori","Meat on the Bone","Necronomicon","Girya","Pandora\u0027s Box","Bag of Marbles","Red Mask","Incense Burner","Pocketwatch"],"potions_floor_usage":[],"damage_taken":[{"damage":13.0,"enemies":"Small Slimes","floor":1.0,"turns":4.0},{"damage":9.0,"enemies":"2 Louse","floor":4.0,"turns":4.0},{"damage":20.0,"enemies":"Gremlin Nob","floor":7.0,"turns":3.0},{"damage":20.0,"enemies":"Lagavulin","floor":11.0,"turns":6.0},{"damage":2.0,"enemies":"Gremlin Nob","floor":13.0,"turns":2.0},{"damage":2.0,"enemies":"Cultist","floor":14.0,"turns":3.0},{"damage":14.0,"enemies":"Slime Boss","floor":16.0,"turns":7.0},{"damage":18.0,"enemies":"2 Thieves","floor":18.0,"turns":4.0},{"damage":5.0,"enemies":"Spheric Guardian","floor":20.0,"turns":3.0},{"damage":8.0,"enemies":"Shelled Parasite and Fungi","floor":22.0,"turns":4.0},{"damage":17.0,"enemies":"Slavers","floor":24.0,"turns":4.0},{"damage":12.0,"enemies":"3 Cultists","floor":25.0,"turns":4.0},{"damage":14.0,"enemies":"Book of Stabbing","floor":31.0,"turns":3.0},{"damage":42.0,"enemies":"Champ","floor":33.0,"turns":8.0},{"damage":15.0,"enemies":"Orb Walker","floor":35.0,"turns":3.0},{"damage":19.0,"enemies":"3 Darklings","floor":36.0,"turns":4.0},{"damage":13.0,"enemies":"Giant Head","floor":44.0,"turns":6.0},{"damage":27.0,"enemies":"Sphere and 2 Shapes","floor":46.0,"turns":5.0},{"damage":45.0,"enemies":"Nemesis","floor":47.0,"turns":7.0},{"damage":55,"enemies":"Time Eater","floor":50,"turns":4}],"seed_played":"7478052716883192130","potions_obtained":[{"floor":7.0,"key":"Explosive Potion"},{"floor":11.0,"key":"Explosive Potion"},{"floor":13.0,"key":"Strength Potion"},{"floor":20.0,"key":"AttackPotion"},{"floor":22.0,"key":"GamblersBrew"},{"floor":33.0,"key":"PowerPotion"},{"floor":35.0,"key":"LiquidBronze"},{"floor":44.0,"key":"BloodPotion"},{"floor":47.0,"key":"Ancient Potion"}],"is_trial":false,"path_per_floor":["M","?","?","M","?","R","E","R","T","R","E","$","E","M","R","B",null,"M","$","M","$","M","R","E","M","T","?","$","?","R","E","R","B",null,"M","M","$","T","$","R","?","R","T","E","?","M","E","?","R","B"],"character_chosen":"IRONCLAD","items_purchased":["Mummified Hand"],"campfire_rested":2,"item_purchase_floors":[19],"current_hp_per_floor":[65,70,63,60,60,60,46,46,46,46,32,32,36,40,40,32,72,60,60,61,61,59,84,73,67,67,51,51,51,76,68,68,44,75,69,56,56,56,56,56,56,56,56,61,61,60,33,55,55,0],"gold":127,"neow_bonus":"UPGRADE_CARD","is_prod":false,"is_daily":false,"chose_seed":false,"campfire_upgraded":4,"win_rate":0,"timestamp":1558567906,"path_taken":["M","?","?","M","?","R","E","R","T","R","E","$","E","M","R","BOSS","M","$","M","$","M","R","E","M","T","?","$","?","R","E","R","BOSS","M","M","$","?","$","R","?","R","T","E","?","?","E","?","R","BOSS"],"build_version":"2019-01-23","purchased_purges":2,"victory":false,"max_hp_per_floor":[80,85,85,85,85,85,85,85,85,85,85,85,85,85,85,85,85,85,85,85,85,85,85,85,85,85,85,85,85,85,85,85,85,85,88,88,88,88,88,88,88,88,88,88,88,88,88,88,88,88],"card_choices":[{"not_picked":["Havoc","Warcry"],"picked":"Twin Strike","floor":1.0},{"not_picked":["Body Slam","Sword Boomerang"],"picked":"Flex","floor":4.0},{"not_picked":["Searing Blow","Hemokinesis"],"picked":"Flame Barrier","floor":7.0},{"not_picked":["Wild Strike","Body Slam"],"picked":"Ghostly Armor","floor":11.0},{"not_picked":["Dual Wield","Twin Strike"],"picked":"True Grit","floor":13.0},{"not_picked":["Double Tap","Body Slam"],"picked":"Clothesline","floor":14.0},{"not_picked":["Bludgeon","Barricade"],"picked":"Brutality","floor":16.0},{"not_picked":["Wild Strike","Burning Pact"],"picked":"Combust","floor":18.0},{"not_picked":["Cleave","Wild Strike"],"picked":"Combust","floor":20.0},{"not_picked":["Disarm","Pommel Strike"],"picked":"Shockwave+1","floor":22.0},{"not_picked":["Warcry","True Grit"],"picked":"Spot Weakness+1","floor":24.0},{"not_picked":["Searing Blow","Shrug It Off"],"picked":"Fire Breathing","floor":25.0},{"not_picked":["Iron Wave","Body Slam"],"picked":"Ghostly Armor","floor":31.0},{"not_picked":["Fiend Fire","Brutality"],"picked":"Feed","floor":33.0},{"not_picked":["Searing Blow","Warcry+1"],"picked":"Disarm+1","floor":35.0},{"not_picked":["Sword Boomerang","Cleave"],"picked":"Clash","floor":36.0},{"not_picked":["Shockwave+1","Clothesline","Second Wind+1"],"picked":"SKIP","floor":44.0},{"not_picked":["Purity","Mind Blast"],"picked":"Dark Shackles","floor":45.0},{"not_picked":["Perfected Strike","Hemokinesis"],"picked":"Anger+1","floor":46.0},{"not_picked":["Anger","Feed"],"picked":"Battle Trance","floor":47.0}],"player_experience":219522,"relics_obtained":[{"floor":7.0,"key":"Gremlin Horn"},{"floor":9.0,"key":"War Paint"},{"floor":11.0,"key":"PreservedInsect"},{"floor":13.0,"key":"Kunai"},{"floor":24.0,"key":"Omamori"},{"floor":26.0,"key":"Meat on the Bone"},{"floor":27.0,"key":"Necronomicon"},{"floor":31.0,"key":"Girya"},{"floor":38.0,"key":"Bag of Marbles"},{"floor":44.0,"key":"Incense Burner"},{"floor":47.0,"key":"Pocketwatch"}],"event_choices":[{"damage_healed":0.0,"max_hp_gain":5.0,"max_hp_loss":0.0,"gold_gain":0.0,"event_name":"Big Fish","player_choice":"Donut","floor":2.0,"gold_loss":0.0,"damage_taken":0.0},{"cards_removed":["Strike_R"],"damage_healed":0.0,"max_hp_gain":0.0,"max_hp_loss":0.0,"gold_gain":0.0,"event_name":"Golden Wing","player_choice":"Card Removal","floor":3.0,"gold_loss":0.0,"damage_taken":7.0},{"damage_healed":0.0,"max_hp_gain":0.0,"max_hp_loss":0.0,"gold_gain":0.0,"cards_transformed":["Strike_R"],"event_name":"Transmorgrifier","player_choice":"Transformed","floor":5.0,"gold_loss":0.0,"damage_taken":0.0,"cards_obtained":["Hemokinesis"]},{"damage_healed":0.0,"max_hp_gain":0.0,"max_hp_loss":0.0,"gold_gain":0.0,"event_name":"Cursed Tome","player_choice":"Obtained Book","floor":27.0,"gold_loss":0.0,"damage_taken":16.0},{"cards_removed":["Strike_R"],"damage_healed":0.0,"max_hp_gain":0.0,"max_hp_loss":0.0,"gold_gain":0.0,"event_name":"Bonfire Elementals","player_choice":"Offered Basic","floor":29.0,"gold_loss":0.0,"damage_taken":0.0},{"damage_healed":0.0,"max_hp_gain":0.0,"max_hp_loss":0.0,"gold_gain":0.0,"event_name":"Tomb of Lord Red Mask","player_choice":"Paid","floor":41.0,"gold_loss":198.0,"damage_taken":0.0,"relics_obtained":["Red Mask"]},{"damage_healed":0.0,"max_hp_gain":0.0,"max_hp_loss":0.0,"gold_gain":0.0,"event_name":"SensoryStone","player_choice":"Memory 1","floor":45.0,"gold_loss":0.0,"damage_taken":0.0},{"damage_healed":22.0,"max_hp_gain":0.0,"max_hp_loss":0.0,"gold_gain":0.0,"event_name":"Winding Halls","player_choice":"Writhe","floor":48.0,"gold_loss":0.0,"damage_taken":0.0,"cards_obtained":["Writhe"]}],"is_beta":false,"boss_relics":[{"not_picked":["Lizard Tail","Ectoplasm"],"picked":"Fusion Hammer"},{"not_picked":["Coffee Dripper","Runic Pyramid"],"picked":"Pandora\u0027s Box"}],"items_purged_floors":[12,28],"is_endless":false,"potions_floor_spawned":[7,11,13,16,20,22,33,35,44,47],"killed_by":"Time Eater","ascension_level":7}