{"gold_per_floor":[110,120,130,130,141,141,167,167,167,202,202,227,238,272,272,373,373,392,406,421,421,432,432,457,457,505,505,536,550,352,380,380,380],"floor_reached":33,"playtime":1804,"items_purged":["Defend_R"],"score":477,"play_id":"326b04ce-ccad-4b97-ba78-0040429504a4","local_time":"20190521224841","is_ascension_mode":true,"campfire_choices":[{"data":"Bash","floor":6.0,"key":"SMITH"},{"floor":8.0,"key":"REST"},{"floor":11.0,"key":"REST"},{"floor":15.0,"key":"REST"},{"floor":23,"key":"REST"},{"floor":25,"key":"DIG"},{"floor":27,"key":"REST"},{"floor":32,"key":"REST"}],"neow_cost":"NONE","seed_source_timestamp":0,"circlet_count":0,"master_deck":["Strike_R","Strike_R","Strike_R","Strike_R","Strike_R","Defend_R","Defend_R","Bash+1","Pommel Strike","Pommel Strike","Fire Breathing","Twin Strike","Perfected Strike","Fire Breathing+1","Ghostly Armor","Dual Wield","Clash+1","Immolate+1","Seeing Red","Rage","Metallicize+1","Twin Strike+1","Reaper+1","Ghostly Armor+1","Perfected Strike+1","Perfected Strike+1","Blind","Shockwave","Perfected Strike+1"],"special_seed":0,"relics":["Burning Blood","Sundial","Frozen Egg 2","Darkstone Periapt","Anchor","Molten Egg 2","Runic Pyramid","Shovel","Ancient Tea Set","Bronze Scales","Dream Catcher","Boot"],"potions_floor_usage":[28,29,33],"damage_taken":[{"damage":9.0,"enemies":"2 Louse","floor":1.0,"turns":4.0},{"damage":1.0,"enemies":"Cultist","floor":2.0,"turns":3.0},{"damage":2.0,"enemies":"Jaw Worm","floor":3.0,"turns":4.0},{"damage":23.0,"enemies":"Large Slime","floor":5.0,"turns":5.0},{"damage":49.0,"enemies":"3 Sentries","floor":7.0,"turns":9.0},{"damage":29.0,"enemies":"Gremlin Nob","floor":10.0,"turns":4.0},{"damage":35.0,"enemies":"3 Sentries","floor":12.0,"turns":5.0},{"damage":0.0,"enemies":"2 Fungi Beasts","floor":13.0,"turns":2.0},{"damage":16.0,"enemies":"Gremlin Nob","floor":14.0,"turns":3.0},{"damage":29.0,"enemies":"The Guardian","floor":16.0,"turns":7.0},{"damage":18.0,"enemies":"Shell Parasite","floor":18.0,"turns":5.0},{"damage":23.0,"enemies":"2 Thieves","floor":19.0,"turns":3.0},{"damage":17,"enemies":"Centurion and Healer","floor":20,"turns":6},{"damage":27,"enemies":"Cultist and Chosen","floor":22,"turns":8},{"damage":27,"enemies":"Slavers","floor":24,"turns":5},{"damage":28,"enemies":"Book of Stabbing","floor":28,"turns":5},{"damage":14,"enemies":"Snecko","floor":29,"turns":4},{"damage":23,"enemies":"Gremlin Leader","floor":31,"turns":6},{"damage":82,"enemies":"Collector","floor":33,"turns":7}],"seed_played":"1461282527778529821","potions_obtained":[{"floor":1.0,"key":"Strength Potion"},{"floor":10.0,"key":"SpeedPotion"},{"floor":12.0,"key":"SpeedPotion"},{"floor":13.0,"key":"AttackPotion"},{"floor":14.0,"key":"PowerPotion"},{"floor":18.0,"key":"Fruit Juice"},{"floor":24,"key":"AttackPotion"},{"floor":31,"key":"SneckoOil"}],"is_trial":false,"path_per_floor":["M","M","M","?","M","R","E","R","T","E","R","E","M","E","R","B",null,"M","M","M","?","M","R","E","R","T","R","E","M","$","E","R","B"],"character_chosen":"IRONCLAD","items_purchased":["Perfected Strike+1","Blind"],"campfire_rested":6,"item_purchase_floors":[30,30],"current_hp_per_floor":[77,82,86,86,69,69,26,52,52,29,55,26,32,22,48,25,72,65,48,37,37,16,43,22,22,22,49,34,29,29,27,54,0],"gold":380,"neow_bonus":"TEN_PERCENT_HP_BONUS","is_prod":false,"is_daily":false,"chose_seed":false,"campfire_upgraded":1,"win_rate":0,"timestamp":1558496921,"path_taken":["M","M","M","?","M","R","E","R","T","E","R","E","M","E","R","BOSS","M","?","M","?","M","R","E","R","T","R","E","M","$","E","R","BOSS"],"build_version":"2019-01-23","purchased_purges":1,"victory":false,"max_hp_per_floor":[88,88,88,88,88,88,88,88,88,88,88,88,88,88,88,88,88,93,93,93,93,93,93,93,93,93,93,93,93,93,93,93,93],"card_choices":[{"not_picked":["True Grit","Sword Boomerang"],"picked":"Pommel Strike","floor":1.0},{"not_picked":["Cleave","Iron Wave","Thunderclap"],"picked":"SKIP","floor":2.0},{"not_picked":["Shrug It Off","Body Slam"],"picked":"Pommel Strike","floor":3.0},{"not_picked":["Metallicize","Headbutt"],"picked":"Twin Strike","floor":5.0},{"not_picked":["Feel No Pain","Ghostly Armor"],"picked":"Perfected Strike","floor":7.0},{"not_picked":["Bloodletting","Reaper"],"picked":"Fire Breathing+1","floor":10.0},{"not_picked":["Power Through","Bloodletting"],"picked":"Ghostly Armor","floor":12.0},{"not_picked":["Warcry","Sever Soul"],"picked":"Dual Wield","floor":13.0},{"not_picked":["Rage","Uppercut"],"picked":"Clash","floor":14.0},{"not_picked":["Dark Embrace+1","Double Tap"],"picked":"Immolate+1","floor":16.0},{"not_picked":["Headbutt+1","Battle Trance"],"picked":"Seeing Red","floor":18.0},{"not_picked":["Body Slam+1","True Grit"],"picked":"Rage","floor":19.0},{"not_picked":["Shrug It Off","Pommel Strike+1"],"picked":"Metallicize+1","floor":20},{"not_picked":["Wild Strike+1","Second Wind"],"picked":"Twin Strike+1","floor":22},{"not_picked":["Pummel+1","Blood for Blood+1"],"picked":"Reaper+1","floor":24},{"not_picked":["Sword Boomerang+1","Flex"],"picked":"Ghostly Armor+1","floor":28},{"not_picked":["Second Wind","Cleave+1"],"picked":"Perfected Strike+1","floor":29},{"not_picked":["Disarm+1","Combust+1"],"picked":"Shockwave","floor":31},{"not_picked":["Body Slam+1","Wild Strike+1"],"picked":"Perfected Strike+1","floor":32}],"player_experience":210938,"relics_obtained":[{"floor":7.0,"key":"Sundial"},{"floor":9.0,"key":"Frozen Egg 2"},{"floor":10.0,"key":"Darkstone Periapt"},{"floor":12.0,"key":"Anchor"},{"floor":14.0,"key":"Molten Egg 2"},{"floor":24,"key":"Shovel"},{"floor":25,"key":"Ancient Tea Set"},{"floor":26,"key":"Bronze Scales"},{"floor":28,"key":"Dream Catcher"},{"floor":31,"key":"Boot"}],"event_choices":[{"damage_healed":0.0,"max_hp_gain":0.0,"max_hp_loss":0.0,"gold_gain":0.0,"cards_transformed":["Defend_R"],"event_name":"Transmorgrifier","player_choice":"Transformed","floor":4.0,"gold_loss":0.0,"damage_taken":0.0,"cards_obtained":["Fire Breathing"]},{"damage_healed":0,"gold_gain":0,"player_choice":"Ignored","damage_taken":0,"max_hp_gain":0,"max_hp_loss":0,"event_name":"Ghosts","floor":21,"gold_loss":0}],"is_beta":false,"boss_relics":[{"not_picked":["Runic Cube","Eternal Feather"],"picked":"Runic Pyramid"}],"items_purged_floors":[30],"is_endless":false,"potions_floor_spawned":[1,10,12,13,14,18,24,31],"killed_by":"Collector","ascension_level":7}