{"gold_per_floor":[112,62,62,73,88,88,118,135,188,208,208,208,225,27,27,124,124,143,128,53,53,63,63,63],"floor_reached":24,"playtime":891,"items_purged":[],"score":323,"play_id":"800cf719-c62b-4bdc-ab94-3aed01f6fc25","local_time":"20190420144734","is_ascension_mode":true,"campfire_choices":[{"data":"Trip","floor":6,"key":"SMITH"},{"floor":11,"key":"REST"},{"data":"Caltrops","floor":15,"key":"SMITH"},{"floor":23,"key":"REST"}],"neow_cost":"NONE","seed_source_timestamp":153601490155885,"circlet_count":0,"master_deck":["Defend_G","Defend_G","Defend_G","Defend_G","Defend_G","Strike_G","Survivor","Neutralize","Trip+1","Footwork","Caltrops+1","Dagger Throw","Leg Sweep","Slice","Skewer","After Image","Corpse Explosion","Coolheaded","Sword Boomerang+1","After Image","Mind Blast"],"relics":["Ring of the Snake","Shuriken","Smiling Mask","GremlinMask","PrismaticShard","WristBlade"],"potions_floor_usage":[10,24],"damage_taken":[{"damage":0,"enemies":"Small Slimes","floor":1,"turns":5},{"damage":0,"enemies":"2 Louse","floor":4,"turns":4},{"damage":0,"enemies":"Cultist","floor":5,"turns":6},{"damage":24,"enemies":"3 Sentries","floor":7,"turns":11},{"damage":2,"enemies":"Large Slime","floor":8,"turns":9},{"damage":24,"enemies":"Lots of Slimes","floor":10,"turns":4},{"damage":3,"enemies":"Exordium Thugs","floor":13,"turns":5},{"damage":1,"enemies":"The Guardian","floor":16,"turns":13},{"damage":11,"enemies":"Chosen","floor":18,"turns":5},{"damage":25,"enemies":"2 Thieves","floor":19,"turns":4},{"damage":14,"enemies":"Centurion and Healer","floor":22,"turns":9},{"damage":34,"enemies":"Book of Stabbing","floor":24,"turns":5}],"seed_played":"1029725471502587944","potions_obtained":[{"floor":1,"key":"LiquidBronze"},{"floor":8,"key":"Dexterity Potion"},{"floor":16,"key":"SmokeBomb"},{"floor":18,"key":"FearPotion"}],"is_trial":false,"path_per_floor":["M","?","?","M","M","R","E","M","T","M","R","?","M","$","R","B",null,"M","M","?","?","M","R","E"],"character_chosen":"THE_SILENT","items_purchased":["PrismaticShard"],"campfire_rested":2,"item_purchase_floors":[14],"current_hp_per_floor":[63,63,63,63,63,63,39,37,37,13,34,34,31,31,31,30,60,49,24,24,24,10,31,0],"gold":63,"neow_bonus":"RANDOM_COLORLESS","is_prod":false,"is_daily":false,"chose_seed":false,"campfire_upgraded":2,"win_rate":0,"timestamp":1555789654,"path_taken":["M","?","?","M","M","R","E","M","T","?","R","?","?","?","R","BOSS","M","M","?","?","M","R","E"],"build_version":"2019-01-23","purchased_purges":0,"victory":false,"max_hp_per_floor":[70,70,70,70,70,70,70,70,70,70,70,70,70,70,70,70,70,70,70,70,70,70,70,70],"card_choices":[{"not_picked":["Deflect","Cloak And Dagger"],"picked":"Footwork","floor":1},{"not_picked":["Backflip","Poisoned Stab"],"picked":"Caltrops","floor":4},{"not_picked":["Backflip","Well Laid Plans"],"picked":"Dagger Throw","floor":5},{"not_picked":["Setup","Quick Slash"],"picked":"Leg Sweep","floor":7},{"not_picked":["Dodge and Roll","Quick Slash"],"picked":"Slice","floor":8},{"not_picked":["Prepared","Underhanded Strike"],"picked":"Skewer","floor":10},{"not_picked":["Distraction","Dagger Spray"],"picked":"After Image","floor":13},{"not_picked":["Offering","Machine Learning"],"picked":"Corpse Explosion","floor":16},{"not_picked":["Iron Wave","Thunderclap"],"picked":"Coolheaded","floor":18},{"not_picked":["Warcry","Sentinel"],"picked":"Sword Boomerang+1","floor":19},{"not_picked":["Outmaneuver","Wild Strike"],"picked":"Mind Blast","floor":22}],"player_experience":468960,"relics_obtained":[{"floor":7,"key":"Shuriken"},{"floor":9,"key":"Smiling Mask"}],"event_choices":[{"cards_removed":["Strike_G"],"damage_healed":0,"gold_gain":0,"player_choice":"Card Removal","damage_taken":0,"max_hp_gain":0,"max_hp_loss":0,"event_name":"The Cleric","floor":2,"gold_loss":50},{"cards_removed":["Strike_G"],"damage_healed":0,"gold_gain":0,"player_choice":"Purged","damage_taken":0,"max_hp_gain":0,"max_hp_loss":0,"event_name":"Purifier","floor":3,"gold_loss":0},{"damage_healed":0,"gold_gain":0,"player_choice":"Trade","damage_taken":0,"relics_obtained":["GremlinMask"],"max_hp_gain":0,"max_hp_loss":0,"event_name":"FaceTrader","floor":12,"gold_loss":0},{"cards_removed":["Strike_G"],"damage_healed":0,"gold_gain":0,"player_choice":"Gave Gold","damage_taken":0,"max_hp_gain":0,"max_hp_loss":0,"event_name":"Beggar","floor":20,"gold_loss":75},{"damage_healed":0,"gold_gain":0,"cards_transformed":["Strike_G"],"player_choice":"Transformed","damage_taken":0,"max_hp_gain":0,"max_hp_loss":0,"event_name":"Transmorgrifier","floor":21,"gold_loss":0,"cards_obtained":["After Image"]}],"is_beta":false,"boss_relics":[{"not_picked":["Ectoplasm","Pandora\u0027s Box"],"picked":"WristBlade"}],"items_purged_floors":[],"is_endless":false,"potions_floor_spawned":[1,8,16,18,22],"killed_by":"Book of Stabbing","ascension_level":9}