{"gold_per_floor":[109,127,144,144,160,160,190,190,217,217,98,23,42,71,71,146,146,164,164,164,179,179],"floor_reached":22,"playtime":2247,"items_purged":[],"score":388,"play_id":"71b7645d-cd00-4058-946b-51cc79a3f681","local_time":"20190521004556","is_ascension_mode":true,"campfire_choices":[{"floor":6,"key":"REST"},{"floor":8,"key":"REST"},{"data":"Dualcast","floor":10,"key":"SMITH"},{"floor":15,"key":"REST"}],"neow_cost":"NONE","seed_source_timestamp":32881522477793,"circlet_count":0,"master_deck":["AscendersBane","Strike_B","Strike_B","Strike_B","Defend_B","Defend_B","Defend_B","Defend_B","Zap+1","Dualcast+1","Ball Lightning","Cold Snap","White Noise","Loop","Echo Form","Writhe","Loop"],"relics":["Cracked Core","NeowsBlessing","Vajra","DataDisk","Bag of Marbles","Nuclear Battery","Nilry\u0027s Codex","Ancient Tea Set"],"potions_floor_usage":[14,14,18,18,22,22],"damage_taken":[{"damage":0,"enemies":"Cultist","floor":1,"turns":1},{"damage":0,"enemies":"Jaw Worm","floor":2,"turns":1},{"damage":0,"enemies":"Small Slimes","floor":3,"turns":1},{"damage":8,"enemies":"Blue Slaver","floor":5,"turns":3},{"damage":30,"enemies":"Lagavulin","floor":7,"turns":5},{"damage":5,"enemies":"3 Louse","floor":13,"turns":4},{"damage":8,"enemies":"Gremlin Nob","floor":14,"turns":3},{"damage":39,"enemies":"Hexaghost","floor":16,"turns":8},{"damage":24,"enemies":"Shell Parasite","floor":18,"turns":4},{"damage":5,"enemies":"Spheric Guardian","floor":21,"turns":5},{"damage":22,"enemies":"Chosen and Byrds","floor":22,"turns":2}],"seed_played":"3392133682937913363","potions_obtained":[{"floor":2,"key":"Strength Potion"},{"floor":3,"key":"Explosive Potion"},{"floor":16,"key":"EntropicBrew"},{"floor":18,"key":"GamblersBrew"}],"is_trial":false,"path_per_floor":["M","M","M","?","M","R","E","R","T","R","$","?","M","E","R","B",null,"M","?","?","M","M"],"character_chosen":"DEFECT","items_purchased":["White Noise","Loop"],"campfire_rested":3,"item_purchase_floors":[11,11],"current_hp_per_floor":[64,64,64,64,56,71,41,62,62,62,62,62,57,49,70,31,61,37,16,16,11,0],"gold":179,"neow_bonus":"THREE_ENEMY_KILL","is_prod":false,"is_daily":false,"chose_seed":false,"campfire_upgraded":1,"win_rate":0,"timestamp":1558388756,"path_taken":["M","M","?","?","?","R","E","R","T","R","?","?","M","E","R","BOSS","M","?","?","M","M"],"build_version":"2019-01-23","purchased_purges":0,"victory":false,"max_hp_per_floor":[71,71,71,71,71,71,71,71,71,71,71,71,71,71,71,71,71,71,71,71,71,71],"card_choices":[{"not_picked":["Stack","Static Discharge","Sweeping Beam"],"picked":"SKIP","floor":1},{"not_picked":["Go for the Eyes","Force Field","Gash"],"picked":"SKIP","floor":2},{"not_picked":["Beam Cell","Compile Driver"],"picked":"Ball Lightning","floor":3},{"not_picked":["Redo","Machine Learning","Go for the Eyes"],"picked":"SKIP","floor":5},{"not_picked":["Ball Lightning","Reinforced Body"],"picked":"Cold Snap","floor":7},{"not_picked":["Genetic Algorithm","Gash","Multi-Cast"],"picked":"SKIP","floor":13},{"not_picked":["Reboot","Rebound","Turbo"],"picked":"SKIP","floor":14},{"not_picked":["Biased Cognition","Hyperbeam"],"picked":"Echo Form","floor":16},{"not_picked":["Steam Power","Go for the Eyes+1","Beam Cell"],"picked":"SKIP","floor":18},{"not_picked":["Conserve Battery","Streamline+1"],"picked":"Loop","floor":21}],"player_experience":1123267,"relics_obtained":[{"floor":7,"key":"Vajra"},{"floor":9,"key":"DataDisk"},{"floor":14,"key":"Bag of Marbles"},{"floor":19,"key":"Nilry\u0027s Codex"}],"event_choices":[{"damage_healed":0,"gold_gain":0,"player_choice":"Upgraded","damage_taken":0,"max_hp_gain":0,"max_hp_loss":0,"event_name":"Upgrade Shrine","floor":4,"gold_loss":0,"cards_upgraded":["Zap"]},{"cards_removed":["Strike_B"],"damage_healed":0,"gold_gain":0,"player_choice":"Card Removal","damage_taken":0,"max_hp_gain":0,"max_hp_loss":0,"event_name":"The Cleric","floor":12,"gold_loss":75},{"damage_healed":0,"gold_gain":0,"player_choice":"Obtained Book","damage_taken":21,"max_hp_gain":0,"max_hp_loss":0,"event_name":"Cursed Tome","floor":19,"gold_loss":0},{"damage_healed":0,"gold_gain":0,"player_choice":"Opened","damage_taken":0,"relics_obtained":["Ancient Tea Set"],"max_hp_gain":0,"max_hp_loss":0,"event_name":"The Mausoleum","floor":20,"gold_loss":0,"cards_obtained":["Writhe"]}],"is_beta":false,"boss_relics":[{"not_picked":["Orrery","Coffee Dripper"],"picked":"Nuclear Battery"}],"items_purged_floors":[],"is_endless":false,"potions_floor_spawned":[2,3,13,16,18],"killed_by":"Chosen and Byrds","ascension_level":20}