{"gold_per_floor":[117,136,153,165,181,181,181,181,181,196,196],"floor_reached":11,"playtime":800,"items_purged":[],"score":121,"play_id":"c1fd0366-a8b5-48c4-9196-7382b8c10acc","local_time":"20181127194742","is_ascension_mode":true,"campfire_choices":[{"data":"Bash","floor":6,"key":"SMITH"}],"neow_cost":"TEN_PERCENT_HP_LOSS","seed_source_timestamp":0,"circlet_count":0,"master_deck":["AscendersBane","Strike_R","Strike_R","Strike_R","Defend_R","Defend_R","Defend_R","Defend_R","Bash+1","Pommel Strike","Barricade+1","Regret","Pummel"],"special_seed":0,"relics":["Burning Blood","Shuriken","Turnip"],"potions_floor_usage":[],"damage_taken":[{"damage":0,"enemies":"Small Slimes","floor":1,"turns":4},{"damage":9,"enemies":"Jaw Worm","floor":2,"turns":4},{"damage":6,"enemies":"Cultist","floor":3,"turns":3},{"damage":17,"enemies":"Looter","floor":4,"turns":3},{"damage":7,"enemies":"Large Slime","floor":5,"turns":6},{"damage":44,"enemies":"Lots of Slimes","floor":10,"turns":6},{"damage":16,"enemies":"Blue Slaver","floor":11,"turns":1}],"seed_played":"-2472755033546832372","potions_obtained":[{"floor":5,"key":"BloodPotion"},{"floor":10,"key":"Poison Potion"}],"is_trial":false,"path_per_floor":["M","M","M","M","M","R","?","?","T","M","M"],"character_chosen":"IRONCLAD","items_purchased":[],"campfire_rested":0,"item_purchase_floors":[],"current_hp_per_floor":[68,65,65,54,53,53,53,53,53,15,0],"gold":196,"neow_bonus":"REMOVE_TWO","is_prod":false,"is_daily":false,"chose_seed":false,"campfire_upgraded":1,"win_rate":0,"timestamp":1543337262,"path_taken":["M","M","M","M","M","R","?","?","T","?","M"],"build_version":"2018-11-15","purchased_purges":0,"victory":false,"max_hp_per_floor":[68,68,68,68,68,68,68,68,68,68,68],"card_choices":[{"not_picked":["Cleave","Twin Strike"],"picked":"Pommel Strike","floor":1},{"not_picked":["Anger","Entrench","Cleave"],"picked":"SKIP","floor":2},{"not_picked":["Rage","Evolve","Body Slam"],"picked":"SKIP","floor":3},{"not_picked":["Flex","Warcry","Thunderclap"],"picked":"SKIP","floor":4},{"not_picked":["Heavy Blade","Headbutt"],"picked":"Barricade","floor":5},{"not_picked":["Hemokinesis","Bloodletting"],"picked":"Pummel","floor":10}],"player_experience":779818,"relics_obtained":[{"floor":9,"key":"Turnip"}],"event_choices":[{"damage_healed":0,"gold_gain":0,"player_choice":"Grow","damage_taken":0,"max_hp_gain":0,"max_hp_loss":0,"event_name":"Living Wall","floor":7,"gold_loss":0,"cards_upgraded":["Barricade"]},{"damage_healed":0,"gold_gain":0,"player_choice":"Box","damage_taken":0,"relics_obtained":["Shuriken"],"max_hp_gain":0,"max_hp_loss":0,"event_name":"Big Fish","floor":8,"gold_loss":0,"cards_obtained":["Regret"]}],"is_beta":false,"boss_relics":[],"items_purged_floors":[],"is_endless":false,"potions_floor_spawned":[5,10],"killed_by":"Blue Slaver","ascension_level":16}