{"gold_per_floor":[117,117,117,117,129,129,155,155,178,178,209,223,254,271,271,375,375,385,385,102,102,113,113,129,129,129,129,229,245,265,284,284,386,386,400,400,249,265,365,365,393,243,266,45,90,109,109,126,126,126,126,126,6,6],"floor_reached":54,"playtime":2153,"items_purged":[],"score":1006,"play_id":"d076b61f-cf0a-4c93-8efa-5d5f9ba3860e","local_time":"20190305150056","is_ascension_mode":true,"campfire_choices":[{"data":"Neutralize","floor":6,"key":"SMITH"},{"data":"Crippling Poison","floor":10,"key":"SMITH"},{"data":"Footwork","floor":15,"key":"SMITH"},{"floor":23,"key":"REST"},{"floor":27,"key":"REST"},{"floor":32,"key":"REST"},{"floor":40,"key":"RECALL"},{"floor":49,"key":"REST"},{"data":"Terror","floor":52,"key":"SMITH"}],"neow_cost":"NONE","seed_source_timestamp":146014403028131,"circlet_count":0,"master_deck":["Defend_G","Defend_G","Defend_G","Defend_G","Defend_G","Strike_G","Strike_G","Strike_G","Strike_G","Strike_G","Survivor","Neutralize+1","Heel Hook","Crippling Poison+1","Footwork+1","Bane","Backstab","Deadly Poison","Leg Sweep","Unload","Quick Slash+1","Bandage Up","Pain","PiercingWail","Deflect","Distraction","Escape Plan+1","Deflect","PiercingWail+1","Apotheosis","Poisoned Stab","Dodge and Roll+1","Skewer+1","Catalyst","Glass Knife","Terror+1","Heel Hook","Writhe","Prepared","Sucker Punch","After Image"],"relics":["Ring of the Snake","NeowsBlessing","Bag of Marbles","PreservedInsect","Snake Skull","Vajra","Art of War","Lizard Tail","Membership Card","Tiny Chest","WarpedTongs","Nilry\u0027s Codex","Bottled Flame","White Beast Statue","Ice Cream","Thread and Needle","Prayer Wheel","Blood Vial","Kunai","Lee\u0027s Waffle","Juzu Bracelet"],"potions_floor_usage":[16,22,29,33,41,41,50,50],"damage_taken":[{"damage":0,"enemies":"Cultist","floor":1,"turns":1},{"damage":0,"enemies":"Jaw Worm","floor":5,"turns":1},{"damage":0,"enemies":"3 Sentries","floor":7,"turns":1},{"damage":9,"enemies":"Lagavulin","floor":11,"turns":5},{"damage":2,"enemies":"Small Slimes","floor":12,"turns":3},{"damage":0,"enemies":"Gremlin Nob","floor":13,"turns":2},{"damage":0,"enemies":"Red Slaver","floor":14,"turns":2},{"damage":50,"enemies":"Slime Boss","floor":16,"turns":13},{"damage":13,"enemies":"2 Thieves","floor":18,"turns":5},{"damage":11,"enemies":"3 Byrds","floor":22,"turns":6},{"damage":14,"enemies":"Snecko","floor":24,"turns":5},{"damage":31,"enemies":"Centurion and Healer","floor":29,"turns":6},{"damage":9,"enemies":"3 Cultists","floor":30,"turns":5},{"damage":26,"enemies":"Snecko","floor":31,"turns":5},{"damage":49,"enemies":"Collector","floor":33,"turns":8},{"damage":12,"enemies":"Orb Walker","floor":35,"turns":4},{"damage":4,"enemies":"3 Shapes","floor":38,"turns":4},{"damage":1,"enemies":"Mind Bloom Boss Battle","floor":39,"turns":7},{"damage":46,"enemies":"Giant Head","floor":41,"turns":10},{"damage":26,"enemies":"Maw","floor":46,"turns":9},{"damage":40,"enemies":"Jaw Worm Horde","floor":48,"turns":6},{"damage":61,"enemies":"Awakened One","floor":50,"turns":17},{"damage":72,"enemies":"Shield and Spear","floor":54,"turns":3}],"seed_played":"-9060028120440949076","potions_obtained":[{"floor":1,"key":"LiquidBronze"},{"floor":5,"key":"Swift Potion"},{"floor":11,"key":"SkillPotion"},{"floor":14,"key":"Regen Potion"},{"floor":24,"key":"LiquidBronze"},{"floor":31,"key":"GamblersBrew"},{"floor":33,"key":"SpeedPotion"},{"floor":35,"key":"Swift Potion"},{"floor":38,"key":"Dexterity Potion"},{"floor":41,"key":"SneckoOil"},{"floor":46,"key":"LiquidBronze"},{"floor":48,"key":"Swift Potion"}],"is_trial":false,"path_per_floor":["M","$","?","?","M","R","E","?","T","R","E","M","E","M","R","B",null,"M","?","$","?","M","R","M","?","T","R","?","M","M","M","R","B",null,"M","?","$","M","?","R","E","$","T","$","T","M","?","M","R","B",null,"R","$","E"],"character_chosen":"THE_SILENT","items_purchased":["Membership Card","Tiny Chest","Bandage Up","Ice Cream","Blood Vial","Catalyst","Glass Knife","Kunai","Lee\u0027s Waffle","Dexterity Potion","SpeedPotion","After Image"],"campfire_rested":4,"item_purchase_floors":[20,20,20,37,42,42,42,44,44,53,53,53],"current_hp_per_floor":[63,63,56,56,56,56,56,70,70,70,61,59,59,59,59,9,55,42,42,42,42,35,56,48,32,32,53,53,40,35,15,36,34,61,49,49,49,45,48,48,8,8,8,77,77,57,76,37,60,5,59,59,59,0],"gold":6,"neow_bonus":"THREE_ENEMY_KILL","is_prod":false,"is_daily":false,"chose_seed":false,"campfire_upgraded":4,"win_rate":0,"timestamp":1551819656,"path_taken":["M","?","?","?","?","R","E","?","T","R","E","M","E","?","R","BOSS","M","?","$","?","?","R","M","?","T","R","?","M","M","?","R","BOSS","M","?","$","M","?","R","E","$","T","$","?","M","?","M","R","BOSS","R","$","E"],"build_version":"2019-01-23","purchased_purges":0,"victory":false,"max_hp_per_floor":[70,70,70,70,70,70,70,70,70,70,70,70,70,70,70,70,70,70,70,70,70,70,70,70,70,70,70,70,70,70,70,70,70,70,70,70,70,70,70,70,70,70,70,77,77,77,77,77,77,77,77,77,77,77],"card_choices":[{"not_picked":["Flying Knee","Predator"],"picked":"Escape Plan","floor":1},{"not_picked":["Underhanded Strike","PiercingWail"],"picked":"Crippling Poison","floor":5},{"not_picked":["Poisoned Stab","Skewer"],"picked":"Footwork","floor":7},{"not_picked":["Setup","Acrobatics"],"picked":"Bane","floor":11},{"not_picked":["Dodge and Roll","Expertise"],"picked":"Backstab","floor":12},{"not_picked":["Sucker Punch","Flying Knee"],"picked":"Deadly Poison","floor":13},{"not_picked":["Setup","Blade Dance"],"picked":"Leg Sweep","floor":14},{"not_picked":["Envenom","Doppelganger"],"picked":"Unload","floor":16},{"not_picked":["Flechettes","Slice"],"picked":"Quick Slash+1","floor":18},{"not_picked":["All Out Attack","Concentrate"],"picked":"PiercingWail","floor":22},{"not_picked":["Underhanded Strike","Accuracy"],"picked":"Deflect","floor":24},{"not_picked":["Calculated Gamble","Glass Knife"],"picked":"Distraction","floor":29},{"not_picked":["Caltrops","Slice+1"],"picked":"Escape Plan+1","floor":30},{"not_picked":["Flying Knee","Slice"],"picked":"Deflect","floor":31},{"not_picked":["Outmaneuver+1","Underhanded Strike+1"],"picked":"PiercingWail+1","floor":35},{"not_picked":["Transmutation","Panacea"],"picked":"Apotheosis","floor":36},{"not_picked":["Dodge and Roll","Bane"],"picked":"Poisoned Stab","floor":38},{"not_picked":["Underhanded Strike+1","PiercingWail"],"picked":"Dodge and Roll+1","floor":39},{"not_picked":["Infinite Blades+1","Dagger Throw+1"],"picked":"Skewer+1","floor":41},{"not_picked":["PiercingWail","Calculated Gamble"],"picked":"Terror","floor":46},{"not_picked":["Cloak And Dagger+1","Caltrops"],"picked":"Heel Hook","floor":46},{"not_picked":["Quick Slash","Bane"],"picked":"Prepared","floor":48},{"not_picked":["Flechettes","Flying Knee"],"picked":"Sucker Punch","floor":48}],"player_experience":269202,"relics_obtained":[{"floor":7,"key":"PreservedInsect"},{"floor":9,"key":"Snake Skull"},{"floor":11,"key":"Vajra"},{"floor":13,"key":"Art of War"},{"floor":25,"key":"Nilry\u0027s Codex"},{"floor":26,"key":"Bottled Flame"},{"floor":39,"key":"Thread and Needle"},{"floor":41,"key":"Prayer Wheel"},{"floor":45,"key":"Juzu Bracelet"}],"event_choices":[{"damage_healed":0,"gold_gain":0,"player_choice":"Success","damage_taken":7,"relics_obtained":["Bag of Marbles"],"max_hp_gain":0,"max_hp_loss":0,"event_name":"Scrap Ooze","floor":3,"gold_loss":0},{"damage_healed":0,"gold_gain":0,"player_choice":"1 cards matched","damage_taken":0,"max_hp_gain":0,"max_hp_loss":0,"event_name":"Match and Keep!","floor":4,"gold_loss":0,"cards_obtained":["Heel Hook"]},{"cards_removed":["Escape Plan"],"damage_healed":14,"gold_gain":0,"player_choice":"Offered Uncommon","damage_taken":0,"max_hp_gain":0,"max_hp_loss":0,"event_name":"Bonfire Elementals","floor":8,"gold_loss":0},{"damage_healed":0,"gold_gain":0,"player_choice":"Ignored","damage_taken":0,"max_hp_gain":0,"max_hp_loss":0,"event_name":"Ghosts","floor":19,"gold_loss":0},{"damage_healed":0,"gold_gain":0,"player_choice":"Rummage","damage_taken":0,"relics_obtained":["WarpedTongs"],"max_hp_gain":0,"max_hp_loss":0,"event_name":"Accursed Blacksmith","floor":21,"gold_loss":0,"cards_obtained":["Pain"]},{"damage_healed":0,"gold_gain":0,"player_choice":"Obtained Book","damage_taken":16,"max_hp_gain":0,"max_hp_loss":0,"event_name":"Cursed Tome","floor":25,"gold_loss":0},{"damage_healed":0,"gold_gain":100,"player_choice":"Pray","damage_taken":0,"max_hp_gain":0,"max_hp_loss":0,"event_name":"Golden Shrine","floor":28,"gold_loss":0},{"damage_healed":0,"gold_gain":0,"player_choice":"Memory 1","damage_taken":0,"max_hp_gain":0,"max_hp_loss":0,"event_name":"SensoryStone","floor":36,"gold_loss":0},{"damage_healed":0,"gold_gain":0,"player_choice":"Fight","damage_taken":0,"max_hp_gain":0,"max_hp_loss":0,"event_name":"MindBloom","floor":39,"gold_loss":0},{"damage_healed":19,"gold_gain":0,"player_choice":"Writhe","damage_taken":0,"max_hp_gain":0,"max_hp_loss":0,"event_name":"Winding Halls","floor":47,"gold_loss":0,"cards_obtained":["Writhe"]}],"is_beta":false,"boss_relics":[{"not_picked":["Ring of the Serpent","Pandora\u0027s Box"],"picked":"Lizard Tail"},{"not_picked":["Coffee Dripper","Tiny House"],"picked":"White Beast Statue"}],"items_purged_floors":[],"is_endless":false,"potions_floor_spawned":[1,5,11,14,24,31,33,35,38,39,41,46,48],"killed_by":"Shield and Spear","ascension_level":7}