{"gold_per_floor":[116,116,139,151,181,193,218,230,310,336,381,393,422,368,380,392],"floor_reached":16,"playtime":823,"items_purged":[],"score":194,"play_id":"f35a09af-99d5-41a9-b8fc-f3d1293b8118","local_time":"20190206035743","is_ascension_mode":true,"campfire_choices":[{"floor":6,"key":"REST"},{"floor":8,"key":"REST"},{"floor":15,"key":"REST"}],"neow_cost":"PERCENT_DAMAGE","seed_source_timestamp":38323452163958,"circlet_count":0,"master_deck":["AscendersBane","Strike_B","Strike_B","Defend_B","Defend_B","Defend_B","Defend_B","Zap","Dualcast+1","Steam","Cold Snap","Conserve Battery","Buffer+1","White Noise"],"relics":["Cracked Core","MawBank","Bottled Flame","PreservedInsect"],"potions_floor_usage":[10,11,16],"damage_taken":[{"damage":7,"enemies":"Jaw Worm","floor":1,"turns":3},{"damage":2,"enemies":"2 Louse","floor":3,"turns":3},{"damage":3,"enemies":"Small Slimes","floor":5,"turns":3},{"damage":3,"enemies":"Blue Slaver","floor":7,"turns":5},{"damage":12,"enemies":"Gremlin Gang","floor":10,"turns":5},{"damage":23,"enemies":"Lagavulin","floor":11,"turns":7},{"damage":0,"enemies":"Exordium Thugs","floor":13,"turns":6},{"damage":33,"enemies":"Hexaghost","floor":16,"turns":16}],"seed_played":"-4199618863589749998","potions_obtained":[{"floor":3,"key":"PowerPotion"},{"floor":7,"key":"Fire Potion"},{"floor":10,"key":"Dexterity Potion"}],"is_trial":false,"path_per_floor":["M","?","M","$","M","R","M","R","T","M","E","?","M","?","R","B"],"character_chosen":"DEFECT","items_purchased":[],"campfire_rested":3,"item_purchase_floors":[],"current_hp_per_floor":[39,34,32,32,29,50,47,68,68,56,33,12,12,12,33,0],"gold":392,"neow_bonus":"REMOVE_TWO","is_prod":false,"is_daily":false,"chose_seed":false,"campfire_upgraded":0,"win_rate":0,"timestamp":1549414663,"path_taken":["M","?","M","$","M","R","M","R","T","M","E","?","?","?","R","BOSS"],"build_version":"2019-01-23","purchased_purges":0,"victory":false,"max_hp_per_floor":[71,71,71,71,71,71,71,71,71,71,71,71,71,71,71,71],"card_choices":[{"not_picked":["Turbo","Reprogram","Barrage"],"picked":"SKIP","floor":1},{"not_picked":["Redo","Gash"],"picked":"Steam","floor":3},{"not_picked":["Scrape","Streamline","Hologram"],"picked":"SKIP","floor":5},{"not_picked":["Coolheaded","Recycle"],"picked":"Cold Snap","floor":7},{"not_picked":["Machine Learning","Gash"],"picked":"Conserve Battery","floor":10},{"not_picked":["Melter","Steam"],"picked":"Buffer","floor":11},{"not_picked":["Compile Driver","Hello World"],"picked":"White Noise","floor":13}],"player_experience":925130,"relics_obtained":[{"floor":9,"key":"Bottled Flame"},{"floor":11,"key":"PreservedInsect"}],"event_choices":[{"damage_healed":0,"gold_gain":0,"player_choice":"Success","damage_taken":5,"relics_obtained":["MawBank"],"max_hp_gain":0,"max_hp_loss":0,"event_name":"Scrap Ooze","floor":2,"gold_loss":0},{"damage_healed":0,"gold_gain":0,"player_choice":"Entered Light","damage_taken":21,"max_hp_gain":0,"max_hp_loss":0,"event_name":"Shining Light","floor":12,"gold_loss":0,"cards_upgraded":["Dualcast","Buffer"]},{"damage_healed":0,"gold_gain":0,"player_choice":"Left Gold","damage_taken":0,"max_hp_gain":0,"max_hp_loss":0,"event_name":"World of Goop","floor":14,"gold_loss":66}],"is_beta":false,"boss_relics":[],"items_purged_floors":[],"is_endless":false,"potions_floor_spawned":[3,7,10],"killed_by":"Hexaghost","ascension_level":18}