{"gold_per_floor":[113,130,130,130,144,144,155,188,214,241,241,166,185,196,196,196],"floor_reached":16,"playtime":585,"items_purged":["Regret"],"score":224,"play_id":"aaa2c6c6-4e0c-435e-97f0-38b0b2b51d17","local_time":"20190509003937","is_ascension_mode":true,"campfire_choices":[{"data":"Zap","floor":6,"key":"SMITH"},{"floor":15,"key":"REST"}],"neow_cost":"NONE","seed_source_timestamp":3978825753254,"circlet_count":0,"master_deck":["AscendersBane","Strike_B","Strike_B","Strike_B","Strike_B+1","Defend_B+1","Defend_B","Defend_B","Defend_B","Zap+1","Dualcast","Sweeping Beam","Seek","Ball Lightning","Steam","Blizzard","Coolheaded"],"relics":["Cracked Core","NeowsBlessing","Strawberry","Bag of Preparation","Dream Catcher","Omamori"],"potions_floor_usage":[8,8,10,13],"damage_taken":[{"damage":0,"enemies":"Jaw Worm","floor":1,"turns":1},{"damage":0,"enemies":"Small Slimes","floor":2,"turns":1},{"damage":0,"enemies":"Cultist","floor":5,"turns":1},{"damage":6,"enemies":"Blue Slaver","floor":7,"turns":3},{"damage":12,"enemies":"3 Sentries","floor":8,"turns":5},{"damage":8,"enemies":"Gremlin Nob","floor":10,"turns":3},{"damage":13,"enemies":"Exordium Thugs","floor":13,"turns":4},{"damage":2,"enemies":"Large Slime","floor":14,"turns":4},{"damage":36,"enemies":"Slime Boss","floor":16,"turns":7}],"seed_played":"3416066525017805464","potions_obtained":[{"floor":5,"key":"Block Potion"},{"floor":7,"key":"SkillPotion"},{"floor":8,"key":"PowerPotion"},{"floor":10,"key":"Weak Potion"}],"is_trial":false,"path_per_floor":["M","M","?","?","M","R","M","E","T","E","?","$","M","M","R","B"],"character_chosen":"DEFECT","items_purchased":[],"campfire_rested":1,"item_purchase_floors":[],"current_hp_per_floor":[64,64,43,43,43,43,37,32,32,24,24,24,11,9,32,0],"gold":196,"neow_bonus":"THREE_ENEMY_KILL","is_prod":false,"is_daily":false,"chose_seed":false,"campfire_upgraded":1,"win_rate":0,"timestamp":1557351577,"path_taken":["M","M","?","?","?","R","M","E","T","E","?","$","M","M","R","BOSS"],"build_version":"2019-01-23","purchased_purges":1,"victory":false,"max_hp_per_floor":[71,71,71,71,71,71,71,78,78,78,78,78,78,78,78,78],"card_choices":[{"not_picked":["Compile Driver","Storm","Beam Cell"],"picked":"SKIP","floor":1},{"not_picked":["Leap","Skim","Barrage"],"picked":"SKIP","floor":2},{"not_picked":["Sunder","Streamline"],"picked":"Ball Lightning","floor":5},{"not_picked":["Tempest","Sweeping Beam","Ball Lightning"],"picked":"SKIP","floor":7},{"not_picked":["Go for the Eyes","Rebound","Heatsinks"],"picked":"SKIP","floor":8},{"not_picked":["Go for the Eyes","Seek"],"picked":"Steam","floor":10},{"not_picked":["Chaos","Aggregate","Redo"],"picked":"SKIP","floor":13},{"not_picked":["Rebound","Turbo"],"picked":"Blizzard","floor":14},{"not_picked":["Reinforced Body","Turbo"],"picked":"Coolheaded","floor":15}],"player_experience":1106348,"relics_obtained":[{"floor":8,"key":"Strawberry"},{"floor":9,"key":"Bag of Preparation"},{"floor":10,"key":"Dream Catcher"}],"event_choices":[{"damage_healed":0,"gold_gain":0,"player_choice":"Entered Light","damage_taken":21,"max_hp_gain":0,"max_hp_loss":0,"event_name":"Shining Light","floor":3,"gold_loss":0,"cards_upgraded":["Strike_B","Defend_B"]},{"damage_healed":0,"gold_gain":0,"player_choice":"2 cards matched","damage_taken":0,"max_hp_gain":0,"max_hp_loss":0,"event_name":"Match and Keep!","floor":4,"gold_loss":0,"cards_obtained":["Sweeping Beam","Seek"]},{"damage_healed":0,"gold_gain":0,"player_choice":"Box","damage_taken":0,"relics_obtained":["Omamori"],"max_hp_gain":0,"max_hp_loss":0,"event_name":"Big Fish","floor":11,"gold_loss":0,"cards_obtained":["Regret"]}],"is_beta":false,"boss_relics":[],"items_purged_floors":[12],"is_endless":false,"potions_floor_spawned":[5,7,8,10],"killed_by":"Slime Boss","ascension_level":20}