{"gold_per_floor":[111,125,137,156,176,201,201,231,231,257,285,297,56,88,88,191,191,203,214,234,254,269,296,330,363,363,388,410,447,489,534,546,655,667,690,770,608,409,425,457,485,515,515,396,0,29,61,73,73,73],"floor_reached":51,"playtime":2836,"items_purged":["Regret"],"score":1475,"play_id":"6e9dd886-66c4-4061-a675-76afef420e36","local_time":"20190514193323","daily_mods":["Draft","Vintage","Diverse","Heirloom","Flight","DeadlyEvents","Elite Swarm"],"is_ascension_mode":false,"campfire_choices":[{"data":"Armaments","floor":7,"key":"SMITH"},{"data":"Blind","floor":15,"key":"SMITH"},{"data":"Echo Form","floor":32,"key":"SMITH"},{"data":"Demon Form","floor":49,"key":"SMITH"}],"neow_cost":"","seed_source_timestamp":0,"circlet_count":0,"master_deck":["Gash","Dash","Armaments+1","FTL","Feel No Pain","Prepared","Warcry","Catalyst","Corruption","Warcry","Dagger Spray","FTL","Noxious Fumes","Reprogram","Crippling Poison+1","Reboot+1","Feed+1","Die Die Die+1","Glass Knife+1","Blind+1","After Image","Adrenaline","Echo Form+1","After Image","Hyperbeam+1","Venomology","Barricade","Bullet Time","Parasite","Parasite","Trip","Demon Form+1","Demon Form","Double Tap+1"],"relics":["Ring of the Snake","Incense Burner","Letter Opener","Boot","Molten Egg 2","Gambling Chip","PreservedInsect","Art of War","Sundial","StoneCalendar","Orichalcum","Vajra","Bottled Lightning","Bag of Preparation","Mercury Hourglass","Lizard Tail","Paper Crane","Ginger","The Courier","The Specimen","Mango","Pen Nib","Thread and Needle","Potion Belt","Singing Bowl","MawBank","Strawberry","War Paint","Prayer Wheel","Pocketwatch","Calling Bell","Centennial Puzzle","Dodecahedron","Shovel","Turnip","Darkstone Periapt","Bronze Scales","Oddly Smooth Stone","Lantern","Dream Catcher","Pear","Smiling Mask","Regal Pillow","Snake Skull","Red Mask","Meat on the Bone","Toxic Egg 2","Bottled Tornado"],"potions_floor_usage":[30,30,46,50,50,50],"damage_taken":[{"damage":0,"enemies":"Cultist","floor":1,"turns":3},{"damage":0,"enemies":"2 Louse","floor":2,"turns":2},{"damage":0,"enemies":"Small Slimes","floor":3,"turns":2},{"damage":0,"enemies":"2 Fungi Beasts","floor":4,"turns":2},{"damage":3,"enemies":"Large Slime","floor":5,"turns":3},{"damage":10,"enemies":"Lagavulin","floor":6,"turns":4},{"damage":0,"enemies":"3 Sentries","floor":8,"turns":3},{"damage":0,"enemies":"Gremlin Nob","floor":10,"turns":3},{"damage":0,"enemies":"3 Sentries","floor":11,"turns":1},{"damage":0,"enemies":"Looter","floor":12,"turns":1},{"damage":0,"enemies":"Gremlin Nob","floor":14,"turns":2},{"damage":0,"enemies":"Slime Boss","floor":16,"turns":7},{"damage":0,"enemies":"Spheric Guardian","floor":18,"turns":3},{"damage":0,"enemies":"Shell Parasite","floor":19,"turns":4},{"damage":0,"enemies":"Snecko","floor":20,"turns":5},{"damage":0,"enemies":"Snake Plant","floor":21,"turns":3},{"damage":3,"enemies":"3 Cultists","floor":22,"turns":3},{"damage":1,"enemies":"Book of Stabbing","floor":23,"turns":3},{"damage":0,"enemies":"Slavers","floor":24,"turns":2},{"damage":0,"enemies":"Gremlin Leader","floor":25,"turns":4},{"damage":0,"enemies":"Book of Stabbing","floor":27,"turns":4},{"damage":0,"enemies":"Cultist and Chosen","floor":28,"turns":6},{"damage":0,"enemies":"Slavers","floor":29,"turns":2},{"damage":5,"enemies":"Gremlin Leader","floor":30,"turns":3},{"damage":0,"enemies":"Book of Stabbing","floor":31,"turns":4},{"damage":10,"enemies":"Automaton","floor":33,"turns":7},{"damage":0,"enemies":"Orb Walker","floor":35,"turns":3},{"damage":0,"enemies":"3 Darklings","floor":39,"turns":4},{"damage":0,"enemies":"Reptomancer","floor":40,"turns":3},{"damage":0,"enemies":"Giant Head","floor":41,"turns":6},{"damage":1,"enemies":"Nemesis","floor":42,"turns":3},{"damage":0,"enemies":"Reptomancer","floor":46,"turns":2},{"damage":0,"enemies":"Nemesis","floor":47,"turns":3},{"damage":0,"enemies":"Writhing Mass","floor":48,"turns":4},{"damage":66,"enemies":"Awakened One","floor":50,"turns":8}],"seed_played":"6822374923030544867","potions_obtained":[{"floor":5,"key":"Poison Potion"},{"floor":6,"key":"EssenceOfSteel"},{"floor":10,"key":"Regen Potion"},{"floor":12,"key":"Regen Potion"},{"floor":14,"key":"Strength Potion"},{"floor":27,"key":"Fire Potion"},{"floor":28,"key":"SkillPotion"},{"floor":35,"key":"Swift Potion"},{"floor":46,"key":"SmokeBomb"}],"is_trial":true,"path_per_floor":["M","M","M","M","M","E","R","E","T","E","E","M","$","E","R","B",null,"M","M","M","M","M","E","E","E","T","E","M","E","E","E","R","B",null,"M","T","$","$","M","E","E","E","T","$","?","E","E","M","R","B",null],"character_chosen":"THE_SILENT","items_purchased":["Bag of Preparation","Blind","Bronze Scales","Oddly Smooth Stone","Trip","Snake Skull"],"campfire_rested":0,"item_purchase_floors":[13,13,37,38,38,44],"current_hp_per_floor":[70,70,70,70,67,57,57,57,57,57,57,57,57,57,57,57,70,70,74,78,78,93,92,96,100,100,104,111,115,110,114,114,106,125,125,125,125,125,125,129,139,144,144,144,144,146,146,146,146,95],"gold":73,"neow_bonus":"","is_prod":false,"is_daily":false,"chose_seed":false,"campfire_upgraded":4,"win_rate":0,"timestamp":1557880403,"path_taken":["M","M","M","M","M","E","R","E","T","E","E","M","$","E","R","BOSS","M","M","M","M","M","E","E","E","T","E","M","E","E","E","R","BOSS","M","?","$","$","M","E","E","E","T","$","?","E","E","?","R","BOSS"],"build_version":"2019-01-23","purchased_purges":1,"victory":true,"max_hp_per_floor":[70,70,70,70,70,70,70,70,70,70,70,70,70,70,70,70,70,70,74,78,78,96,96,100,104,104,108,115,119,119,123,123,125,125,125,125,125,125,125,129,139,145,145,145,145,147,147,147,147,147],"card_choices":[{"not_picked":["Conserve Battery","Redo"],"picked":"Gash","floor":0},{"not_picked":["Blade Dance","Dagger Spray"],"picked":"Dash","floor":0},{"not_picked":["Riddle With Holes","Compile Driver"],"picked":"Armaments","floor":0},{"not_picked":["Steam Power","Iron Wave"],"picked":"FTL","floor":0},{"not_picked":["Rip and Tear","Flying Knee"],"picked":"Feel No Pain","floor":0},{"not_picked":["Stack","Ball Lightning"],"picked":"Prepared","floor":0},{"not_picked":["Clash","Twin Strike"],"picked":"Warcry","floor":0},{"not_picked":["Backflip","Iron Wave"],"picked":"Catalyst","floor":0},{"not_picked":["Searing Blow","Deflect"],"picked":"Corruption","floor":0},{"not_picked":["Cleave","Acrobatics"],"picked":"Warcry","floor":0},{"not_picked":["BootSequence","Concentrate"],"picked":"Dagger Spray","floor":0},{"not_picked":["Intimidate","Heavy Blade"],"picked":"FTL","floor":0},{"not_picked":["Distraction","Turbo"],"picked":"Noxious Fumes","floor":0},{"not_picked":["Twin Strike","Outmaneuver"],"picked":"Reprogram","floor":0},{"not_picked":["Loop","Pummel"],"picked":"Crippling Poison","floor":0},{"not_picked":["Grand Finale+1","Impervious"],"picked":"Reboot","floor":6},{"not_picked":["Immolate+1","Corpse Explosion"],"picked":"Feed+1","floor":8},{"not_picked":["Storm of Steel","Demon Form"],"picked":"Die Die Die+1","floor":10},{"not_picked":["Burst","Electrodynamics"],"picked":"Glass Knife+1","floor":11},{"not_picked":["Brutality","Fission"],"picked":"After Image","floor":14},{"not_picked":["Feed+1","Reaper+1"],"picked":"Adrenaline","floor":16},{"not_picked":["Creative AI","Venomology"],"picked":"Echo Form","floor":23},{"not_picked":["Amplify","Creative AI","Doppelganger"],"picked":"SKIP","floor":24},{"not_picked":["All For One+1","Biased Cognition"],"picked":"After Image","floor":25},{"not_picked":["Echo Form","Seek"],"picked":"Hyperbeam+1","floor":27},{"not_picked":["Bludgeon+1","Fiend Fire+1"],"picked":"Venomology","floor":29},{"not_picked":["Grand Finale+1","Doppelganger"],"picked":"Barricade","floor":30},{"not_picked":["Immolate+1","Demon Form"],"picked":"Bullet Time","floor":31},{"not_picked":["Reaper+1","Juggernaut","Feed+1"],"picked":"Singing Bowl","floor":33},{"not_picked":["Bludgeon+1","Meteor Strike+1"],"picked":"Demon Form","floor":40},{"not_picked":["Fiend Fire+1","Venomology"],"picked":"Demon Form","floor":41},{"not_picked":["Rainbow","Brutality","All For One+1"],"picked":"Singing Bowl","floor":42},{"not_picked":["Barricade","Feed+1","Thunder Strike+1"],"picked":"Singing Bowl","floor":46},{"not_picked":["A Thousand Cuts","Phantasmal Killer"],"picked":"Double Tap","floor":47}],"player_experience":546956,"relics_obtained":[{"floor":1,"key":"Letter Opener"},{"floor":2,"key":"Boot"},{"floor":3,"key":"Molten Egg 2"},{"floor":4,"key":"Gambling Chip"},{"floor":5,"key":"PreservedInsect"},{"floor":6,"key":"Art of War"},{"floor":8,"key":"Sundial"},{"floor":9,"key":"StoneCalendar"},{"floor":10,"key":"Orichalcum"},{"floor":11,"key":"Vajra"},{"floor":12,"key":"Bottled Lightning"},{"floor":14,"key":"Mercury Hourglass"},{"floor":18,"key":"Paper Crane"},{"floor":19,"key":"Ginger"},{"floor":20,"key":"The Courier"},{"floor":21,"key":"The Specimen"},{"floor":22,"key":"Mango"},{"floor":23,"key":"Pen Nib"},{"floor":24,"key":"Thread and Needle"},{"floor":25,"key":"Potion Belt"},{"floor":26,"key":"Singing Bowl"},{"floor":27,"key":"MawBank"},{"floor":28,"key":"Strawberry"},{"floor":29,"key":"War Paint"},{"floor":30,"key":"Prayer Wheel"},{"floor":31,"key":"Pocketwatch"},{"floor":34,"key":"Centennial Puzzle"},{"floor":34,"key":"Dodecahedron"},{"floor":34,"key":"Shovel"},{"floor":35,"key":"Turnip"},{"floor":36,"key":"Darkstone Periapt"},{"floor":39,"key":"Lantern"},{"floor":40,"key":"Dream Catcher"},{"floor":41,"key":"Pear"},{"floor":42,"key":"Smiling Mask"},{"floor":43,"key":"Regal Pillow"},{"floor":46,"key":"Meat on the Bone"},{"floor":47,"key":"Toxic Egg 2"},{"floor":48,"key":"Bottled Tornado"}],"event_choices":[{"damage_healed":0,"gold_gain":0,"player_choice":"Paid","damage_taken":0,"relics_obtained":["Red Mask"],"max_hp_gain":0,"max_hp_loss":0,"event_name":"Tomb of Lord Red Mask","floor":45,"gold_loss":396}],"is_beta":false,"boss_relics":[{"not_picked":["Snecko Eye","White Beast Statue"],"picked":"Lizard Tail"},{"not_picked":["Fusion Hammer","Eternal Feather"],"picked":"Calling Bell"}],"items_purged_floors":[37],"is_endless":false,"potions_floor_spawned":[5,6,10,12,14,16,21,22,23,24,27,28,35,41,46,48],"ascension_level":0}