{"gold_per_floor":[111,129,304,82,82,108,108,120,168,168,198,233,164,175,175,271,271,245,264,280,300,311,311,340,340,340,340,351,70,70,88,88,88],"floor_reached":33,"playtime":982,"items_purged":["Doubt"],"score":510,"play_id":"2f08fa2d-5eb9-42dd-bdbd-caff6efdaddc","local_time":"20190423155300","is_ascension_mode":true,"campfire_choices":[{"data":"A Thousand Cuts","floor":7,"key":"SMITH"},{"data":"Neutralize","floor":10,"key":"SMITH"},{"data":"Footwork","floor":15,"key":"SMITH"},{"floor":23,"key":"REST"},{"data":"Bouncing Flask","floor":25,"key":"SMITH"},{"data":"A Thousand Cuts","floor":27,"key":"SMITH"},{"data":"Crippling Poison","floor":30,"key":"SMITH"},{"floor":32,"key":"REST"}],"neow_cost":"NONE","seed_source_timestamp":416637968412855,"circlet_count":0,"master_deck":["Defend_G","Defend_G","Defend_G","Defend_G+1","Defend_G","Strike_G","Strike_G","Strike_G","Strike_G","Strike_G+1","Survivor","Neutralize+1","Slice","A Thousand Cuts+1","Footwork+1","Blur","A Thousand Cuts+1","Calculated Gamble","Crippling Poison+1","Deadly Poison","Caltrops+1","Bouncing Flask+1","Noxious Fumes+1","Footwork+1"],"relics":["Ring of the Snake","NeowsBlessing","PreservedInsect","Oddly Smooth Stone","Blood Vial","Vajra","Art of War","Sozu","Anchor","Frozen Egg 2","TwistedFunnel"],"potions_floor_usage":[22],"damage_taken":[{"damage":0,"enemies":"Jaw Worm","floor":1,"turns":1},{"damage":0,"enemies":"2 Louse","floor":2,"turns":1},{"damage":0,"enemies":"Gremlin Nob","floor":6,"turns":1},{"damage":0,"enemies":"Cultist","floor":8,"turns":4},{"damage":2,"enemies":"Lagavulin","floor":12,"turns":7},{"damage":10,"enemies":"Exordium Thugs","floor":14,"turns":6},{"damage":0,"enemies":"The Guardian","floor":16,"turns":16},{"damage":14,"enemies":"2 Thieves","floor":18,"turns":5},{"damage":13,"enemies":"Spheric Guardian","floor":19,"turns":6},{"damage":13,"enemies":"Snecko","floor":20,"turns":6},{"damage":6,"enemies":"Snake Plant","floor":21,"turns":5},{"damage":17,"enemies":"Shelled Parasite and Fungi","floor":22,"turns":8},{"damage":10,"enemies":"Gremlin Leader","floor":24,"turns":6},{"damage":0,"enemies":"Snecko","floor":28,"turns":5},{"damage":8,"enemies":"Snake Plant","floor":31,"turns":3},{"damage":63,"enemies":"Champ","floor":33,"turns":8}],"seed_played":"-440250296428865873","potions_obtained":[{"floor":1,"key":"Regen Potion"},{"floor":2,"key":"Swift Potion"},{"floor":6,"key":"Strength Potion"}],"is_trial":false,"path_per_floor":["M","M","?","$","?","E","R","M","T","R","?","E","$","M","R","B",null,"M","M","M","M","M","R","E","R","T","R","M","$","R","M","R","B"],"character_chosen":"THE_SILENT","items_purchased":["PreservedInsect","Footwork","TwistedFunnel","Noxious Fumes+1"],"campfire_rested":2,"item_purchase_floors":[4,13,29,29],"current_hp_per_floor":[63,63,63,63,49,49,49,49,49,49,49,49,49,41,41,43,63,51,40,29,25,24,45,37,37,37,37,39,39,39,33,54,0],"gold":88,"neow_bonus":"THREE_ENEMY_KILL","is_prod":false,"is_daily":false,"chose_seed":false,"campfire_upgraded":6,"win_rate":0,"timestamp":1556052780,"path_taken":["M","M","?","$","?","E","R","M","T","R","?","E","?","?","R","BOSS","M","?","M","M","M","R","E","R","T","R","M","$","R","M","R","BOSS"],"build_version":"2019-01-23","purchased_purges":1,"victory":false,"max_hp_per_floor":[70,70,70,70,70,70,70,70,70,70,70,70,70,70,70,70,70,70,70,70,70,70,70,70,70,70,70,70,70,70,70,70,70],"card_choices":[{"not_picked":["Setup","Blade Dance"],"picked":"Slice","floor":1},{"not_picked":["All Out Attack","Riddle With Holes","Quick Slash"],"picked":"SKIP","floor":2},{"not_picked":["Slice","Outmaneuver"],"picked":"A Thousand Cuts","floor":6},{"not_picked":["Dash","Acrobatics","Expertise"],"picked":"SKIP","floor":8},{"not_picked":["Quick Slash","Heel Hook","Dash"],"picked":"SKIP","floor":12},{"not_picked":["Eviscerate","Acrobatics"],"picked":"Blur","floor":14},{"not_picked":["Bullet Time","Unload"],"picked":"A Thousand Cuts","floor":16},{"not_picked":["Dagger Spray","Prepared"],"picked":"Calculated Gamble","floor":18},{"not_picked":["Infinite Blades","Tactician+1"],"picked":"Crippling Poison","floor":19},{"not_picked":["Underhanded Strike","Dagger Throw"],"picked":"Deadly Poison","floor":20},{"not_picked":["Flying Knee","Flechettes+1","Outmaneuver+1"],"picked":"SKIP","floor":21},{"not_picked":["Flying Knee","All Out Attack"],"picked":"Caltrops+1","floor":22},{"not_picked":["Adrenaline","Prepared"],"picked":"Bouncing Flask","floor":24},{"not_picked":["Quick Slash+1","Cloak And Dagger","Masterful Stab"],"picked":"SKIP","floor":28},{"not_picked":["Poisoned Stab+1","Outmaneuver"],"picked":"Footwork+1","floor":31}],"player_experience":480611,"relics_obtained":[{"floor":6,"key":"Oddly Smooth Stone"},{"floor":9,"key":"Blood Vial"},{"floor":12,"key":"Art of War"},{"floor":24,"key":"Anchor"},{"floor":26,"key":"Frozen Egg 2"}],"event_choices":[{"damage_healed":0,"gold_gain":175,"player_choice":"AGREE","damage_taken":0,"max_hp_gain":0,"max_hp_loss":0,"event_name":"Liars Game","floor":3,"gold_loss":0,"cards_obtained":["Doubt"]},{"damage_healed":0,"gold_gain":0,"player_choice":"Entered Light","damage_taken":14,"max_hp_gain":0,"max_hp_loss":0,"event_name":"Shining Light","floor":5,"gold_loss":0,"cards_upgraded":["Defend_G","Strike_G"]},{"damage_healed":0,"gold_gain":30,"player_choice":"Searched \u00272\u0027 times","damage_taken":0,"relics_obtained":["Vajra"],"max_hp_gain":0,"max_hp_loss":0,"event_name":"Dead Adventurer","floor":11,"gold_loss":0}],"is_beta":false,"boss_relics":[{"not_picked":["Lizard Tail","Velvet Choker"],"picked":"Sozu"}],"items_purged_floors":[4],"is_endless":false,"potions_floor_spawned":[1,2,6,16,18,22,31],"killed_by":"Champ","ascension_level":9}