{"gold_per_floor":[15,30,48,59,76,76,104,104,104,129,129,50,50,84,84,187,187,199,199,212,212,231,231,265,265,347,375,392,409,409,423,423,523,523,541,541,561,416,434,434,461,511,561,561,561],"floor_reached":45,"playtime":2031,"items_purged":[],"score":830,"play_id":"e6f25910-51c4-4df8-a833-fe7c42d8f4ce","local_time":"20190302190624","is_ascension_mode":true,"campfire_choices":[{"data":"Neutralize","floor":6,"key":"SMITH"},{"data":"Adrenaline","floor":8,"key":"SMITH"},{"data":"Caltrops","floor":11,"key":"SMITH"},{"data":"Well Laid Plans","floor":13,"key":"SMITH"},{"data":"Noxious Fumes","floor":15,"key":"SMITH"},{"data":"Tools of the Trade","floor":23,"key":"SMITH"},{"data":"Adrenaline","floor":25,"key":"SMITH"},{"floor":30,"key":"REST"},{"floor":32,"key":"REST"},{"data":"Caltrops","floor":40,"key":"SMITH"},{"floor":44,"key":"REST"}],"neow_cost":"NO_GOLD","seed_source_timestamp":164835744978458,"circlet_count":0,"master_deck":["Defend_G+1","Defend_G+1","Defend_G+1","Defend_G+1","Defend_G+1","Strike_G+1","Strike_G+1","Strike_G+1","Strike_G+1","Strike_G+1","Survivor","Neutralize+1","Adrenaline+1","Backstab","Acrobatics","Noxious Fumes+1","Sucker Punch","Terror","Caltrops+1","Masterful Stab","Well Laid Plans+1","Noxious Fumes+1","Adrenaline+1","Tools of the Trade+1","Cloak And Dagger","Caltrops+1","Cloak And Dagger","Bouncing Flask","PiercingWail","Dodge and Roll+1","Setup+1","PiercingWail","Backstab","Riddle With Holes","Sucker Punch","Venomology","Distraction+1","Deflect","Noxious Fumes+1","Adrenaline","Quick Slash","Normality","Noxious Fumes"],"relics":["Ring of the Snake","Mummified Hand","Orichalcum","Oddly Smooth Stone","Mercury Hourglass","Orrery","Darkstone Periapt","Sundial","Bag of Marbles","Cursed Key","Lantern","Dream Catcher","Thread and Needle"],"potions_floor_usage":[7,7,10,24,27,33,33,33,39,39,41,41,45,45,45],"damage_taken":[{"damage":3,"enemies":"Cultist","floor":1,"turns":5},{"damage":0,"enemies":"Small Slimes","floor":2,"turns":2},{"damage":4,"enemies":"2 Louse","floor":3,"turns":3},{"damage":11,"enemies":"Red Slaver","floor":4,"turns":5},{"damage":1,"enemies":"Blue Slaver","floor":5,"turns":2},{"damage":0,"enemies":"Gremlin Nob","floor":7,"turns":3},{"damage":0,"enemies":"3 Sentries","floor":10,"turns":6},{"damage":0,"enemies":"Gremlin Nob","floor":14,"turns":3},{"damage":13,"enemies":"Slime Boss","floor":16,"turns":8},{"damage":2,"enemies":"Spheric Guardian","floor":18,"turns":3},{"damage":1,"enemies":"Chosen","floor":20,"turns":4},{"damage":2,"enemies":"Snecko","floor":22,"turns":3},{"damage":4,"enemies":"Book of Stabbing","floor":24,"turns":5},{"damage":40,"enemies":"Gremlin Leader","floor":27,"turns":7},{"damage":4,"enemies":"3 Cultists","floor":28,"turns":5},{"damage":0,"enemies":"Centurion and Healer","floor":29,"turns":5},{"damage":0,"enemies":"Chosen and Byrds","floor":31,"turns":4},{"damage":27,"enemies":"Automaton","floor":33,"turns":10},{"damage":0,"enemies":"3 Shapes","floor":35,"turns":5},{"damage":9,"enemies":"Orb Walker","floor":37,"turns":3},{"damage":7,"enemies":"Maw","floor":39,"turns":6},{"damage":20,"enemies":"Giant Head","floor":41,"turns":7},{"damage":22,"enemies":"2 Orb Walkers","floor":42,"turns":5},{"damage":64,"enemies":"Transient","floor":45,"turns":4}],"seed_played":"1345927947763532371","potions_obtained":[{"floor":1,"key":"Block Potion"},{"floor":2,"key":"Strength Potion"},{"floor":5,"key":"Fire Potion"},{"floor":14,"key":"Fire Potion"},{"floor":16,"key":"Explosive Potion"},{"floor":18,"key":"Weak Potion"},{"floor":20,"key":"GhostInAJar"},{"floor":27,"key":"Block Potion"},{"floor":28,"key":"AttackPotion"},{"floor":31,"key":"Block Potion"},{"floor":35,"key":"Regen Potion"},{"floor":42,"key":"Regen Potion"}],"is_trial":false,"path_per_floor":["M","M","M","M","M","R","E","R","T","E","R","$","R","E","R","B",null,"M","$","M","?","M","R","E","R","T","E","M","M","R","M","R","B",null,"M","?","M","$","M","R","E","?","T","R","M"],"character_chosen":"THE_SILENT","items_purchased":["Well Laid Plans","Lantern"],"campfire_rested":3,"item_purchase_floors":[12,38],"current_hp_per_floor":[60,60,56,45,44,44,44,44,44,44,44,44,44,44,44,31,60,58,58,57,57,55,55,51,51,51,11,7,7,28,28,49,22,58,58,58,49,49,42,42,37,15,21,43,0],"gold":561,"neow_bonus":"THREE_RARE_CARDS","is_prod":false,"is_daily":false,"chose_seed":false,"campfire_upgraded":8,"win_rate":0,"timestamp":1551575184,"path_taken":["M","M","M","M","M","R","E","R","T","E","R","$","R","E","R","BOSS","M","$","M","?","M","R","E","R","T","E","M","M","R","M","R","BOSS","M","?","?","$","?","R","E","?","T","R","M"],"build_version":"2019-01-23","purchased_purges":0,"victory":false,"max_hp_per_floor":[70,70,70,70,70,70,70,70,70,70,70,70,70,70,70,70,70,70,70,70,70,70,70,70,70,70,70,70,70,70,70,70,70,70,70,70,70,70,70,70,70,70,76,76,76],"card_choices":[{"not_picked":["Bullet Time","Doppelganger"],"picked":"Adrenaline","floor":0},{"not_picked":["Deadly Poison","Tactician"],"picked":"Backstab","floor":1},{"not_picked":["Dodge and Roll","Underhanded Strike"],"picked":"Acrobatics","floor":2},{"not_picked":["Distraction","Prepared"],"picked":"Noxious Fumes","floor":3},{"not_picked":["Poisoned Stab","Flying Knee"],"picked":"Sucker Punch","floor":4},{"not_picked":["Choke","Sucker Punch"],"picked":"Terror","floor":5},{"not_picked":["Terror","Bouncing Flask"],"picked":"Caltrops","floor":7},{"not_picked":["Well Laid Plans","Terror"],"picked":"Masterful Stab","floor":10},{"not_picked":["Dodge and Roll","Masterful Stab"],"picked":"Noxious Fumes","floor":14},{"not_picked":["Phantasmal Killer","Glass Knife"],"picked":"Adrenaline","floor":16},{"not_picked":["All Out Attack","Slice"],"picked":"Tools of the Trade","floor":17},{"not_picked":["Slice","Dodge and Roll"],"picked":"Cloak And Dagger","floor":17},{"not_picked":["Outmaneuver","Dodge and Roll"],"picked":"Caltrops","floor":17},{"not_picked":["Poisoned Stab","Quick Slash"],"picked":"Cloak And Dagger","floor":17},{"not_picked":["Blade Dance","Leg Sweep"],"picked":"Bouncing Flask","floor":17},{"not_picked":["Flying Knee","Poisoned Stab","Outmaneuver"],"picked":"SKIP","floor":18},{"not_picked":["Dash","Bane"],"picked":"PiercingWail","floor":20},{"not_picked":["Poisoned Stab","Terror+1"],"picked":"Dodge and Roll+1","floor":22},{"not_picked":["Leg Sweep","Flechettes"],"picked":"Setup+1","floor":24},{"not_picked":["Tactician","Poisoned Stab"],"picked":"PiercingWail","floor":27},{"not_picked":["Outmaneuver+1","Expertise+1"],"picked":"Backstab","floor":28},{"not_picked":["Dagger Throw","Outmaneuver"],"picked":"Riddle With Holes","floor":29},{"not_picked":["Bane","Poisoned Stab+1"],"picked":"Sucker Punch","floor":31},{"not_picked":["Bullet Time","Glass Knife"],"picked":"Venomology","floor":33},{"not_picked":["Backflip+1","Bouncing Flask"],"picked":"Distraction+1","floor":35},{"not_picked":["Predator+1","Dagger Spray+1"],"picked":"Deflect","floor":37},{"not_picked":["Dodge and Roll+1","Footwork"],"picked":"Noxious Fumes+1","floor":39},{"not_picked":["Underhanded Strike+1","Blade Dance+1"],"picked":"Adrenaline","floor":41},{"not_picked":["Slice+1","All Out Attack+1"],"picked":"Quick Slash","floor":42},{"not_picked":["Backstab+1","Dagger Throw+1"],"picked":"Noxious Fumes","floor":44}],"player_experience":234932,"relics_obtained":[{"floor":7,"key":"Mummified Hand"},{"floor":9,"key":"Orichalcum"},{"floor":10,"key":"Oddly Smooth Stone"},{"floor":14,"key":"Mercury Hourglass"},{"floor":24,"key":"Darkstone Periapt"},{"floor":26,"key":"Sundial"},{"floor":27,"key":"Bag of Marbles"},{"floor":41,"key":"Dream Catcher"},{"floor":42,"key":"Thread and Needle"}],"event_choices":[{"damage_healed":0,"gold_gain":0,"player_choice":"Simplicity","damage_taken":0,"max_hp_gain":0,"max_hp_loss":0,"event_name":"Back to Basics","floor":21,"gold_loss":0,"cards_upgraded":["Defend_G","Defend_G","Defend_G","Defend_G","Defend_G","Strike_G","Strike_G","Strike_G","Strike_G","Strike_G"]},{"damage_healed":0,"gold_gain":0,"player_choice":"Upgraded","damage_taken":0,"max_hp_gain":0,"max_hp_loss":0,"event_name":"Upgrade Shrine","floor":36,"gold_loss":0,"cards_upgraded":["Noxious Fumes"]},{"damage_healed":0,"gold_gain":0,"player_choice":"Fight","damage_taken":0,"max_hp_gain":0,"max_hp_loss":0,"event_name":"Mysterious Sphere","floor":42,"gold_loss":0}],"is_beta":false,"boss_relics":[{"not_picked":["HoveringKite","Runic Dome"],"picked":"Orrery"},{"not_picked":["Fusion Hammer","Pandora\u0027s Box"],"picked":"Cursed Key"}],"items_purged_floors":[],"is_endless":false,"potions_floor_spawned":[1,2,5,14,16,18,20,27,28,31,35,42],"killed_by":"Transient","ascension_level":7}