{"gold_per_floor":[111,127,127,143,143,143,176,176,202,9,9,34,34,46,46,150,150,160,173,173,173,20,45,45,61,61,61,78,108,33,53,53,149,149,164,181,181,181,198,229,229,254,278,278,295,40,40,0,0,0,0,0,0,27,27],"floor_reached":55,"playtime":3530,"items_purged":["Strike_B","Strike_B"],"score":808,"play_id":"baedcbb6-9cdd-4b9e-9381-5d865d774cab","local_time":"20190508125004","is_ascension_mode":true,"campfire_choices":[{"data":"Zap","floor":6,"key":"SMITH"},{"data":"Conserve Battery","floor":8,"key":"SMITH"},{"data":"Ball Lightning","floor":11,"key":"SMITH"},{"data":"Darkness","floor":13,"key":"SMITH"},{"data":"Cold Snap","floor":15,"key":"SMITH"},{"data":"Rainbow","floor":24,"key":"SMITH"},{"data":"Barrage","floor":27,"key":"SMITH"},{"data":"White Noise","floor":32,"key":"SMITH"},{"floor":41,"key":"REST"},{"floor":44,"key":"REST"},{"floor":47,"key":"RECALL"},{"floor":49,"key":"REST"},{"data":"Defragment","floor":52,"key":"SMITH"}],"neow_cost":"NONE","seed_source_timestamp":1720921944358400,"circlet_count":0,"master_deck":["Strike_B+1","Defend_B","Defend_B+1","Defend_B","Defend_B","Zap+1","Dualcast","Conserve Battery+1","Compile Driver","Streamline","Ball Lightning+1","BootSequence","Cold Snap+1","Darkness+1","Stack","Rainbow+1","Rebound+1","Turbo","Glacier","Ball Lightning+1","Chaos","Barrage+1","Go for the Eyes","Hologram+1","White Noise+1","Thunder Strike","Hologram+1","Finesse","Go for the Eyes+1","Consume+1","Leap+1","Buffer","Ball Lightning","Defragment+1","White Noise+1","Electrodynamics"],"relics":["Cracked Core","Art of War","Dream Catcher","DataDisk","Inserter","Whetstone","Cables","Oddly Smooth Stone","Sozu","Turnip","Bag of Preparation","Bottled Lightning","Red Mask","Ornamental Fan"],"potions_floor_usage":[16,25,28,28,33,39],"damage_taken":[{"damage":0,"enemies":"Small Slimes","floor":1,"turns":4},{"damage":1,"enemies":"Jaw Worm","floor":2,"turns":3},{"damage":0,"enemies":"Cultist","floor":4,"turns":3},{"damage":28,"enemies":"Gremlin Nob","floor":7,"turns":4},{"damage":9,"enemies":"3 Sentries","floor":12,"turns":5},{"damage":0,"enemies":"Red Slaver","floor":14,"turns":3},{"damage":7,"enemies":"Hexaghost","floor":16,"turns":8},{"damage":0,"enemies":"Chosen","floor":18,"turns":4},{"damage":0,"enemies":"Spheric Guardian","floor":19,"turns":3},{"damage":14,"enemies":"Slavers","floor":23,"turns":6},{"damage":9,"enemies":"Centurion and Healer","floor":25,"turns":6},{"damage":0,"enemies":"Snake Plant","floor":28,"turns":3},{"damage":10,"enemies":"Book of Stabbing","floor":29,"turns":7},{"damage":0,"enemies":"Sentry and Sphere","floor":31,"turns":4},{"damage":10,"enemies":"Champ","floor":33,"turns":11},{"damage":8,"enemies":"3 Shapes","floor":35,"turns":3},{"damage":15,"enemies":"3 Darklings","floor":36,"turns":6},{"damage":15,"enemies":"Sphere and 2 Shapes","floor":39,"turns":4},{"damage":29,"enemies":"Nemesis","floor":40,"turns":7},{"damage":18,"enemies":"Reptomancer","floor":42,"turns":9},{"damage":0,"enemies":"Transient","floor":45,"turns":5},{"damage":44,"enemies":"Donu and Deca","floor":50,"turns":10},{"damage":4,"enemies":"Shield and Spear","floor":54,"turns":8},{"damage":93,"enemies":"The Heart","floor":55,"turns":6}],"seed_played":"5563471399779529540","potions_obtained":[{"floor":4,"key":"Swift Potion"},{"floor":7,"key":"Block Potion"},{"floor":12,"key":"GamblersBrew"},{"floor":16,"key":"Block Potion"},{"floor":25,"key":"Fire Potion"},{"floor":31,"key":"SkillPotion"}],"is_trial":false,"path_per_floor":["M","M","?","M","?","R","E","R","T","$","R","E","R","M","R","B",null,"M","M","?","?","$","E","R","M","T","R","M","E","?","M","R","B",null,"M","M","?","?","M","E","R","E","T","R","M","$","R","?","R","B",null,"R","$","E","B"],"character_chosen":"DEFECT","items_purchased":["BootSequence","Cold Snap","Ball Lightning","Bottled Lightning"],"campfire_rested":3,"item_purchase_floors":[10,10,22,46],"current_hp_per_floor":[82,81,65,65,65,65,37,37,37,37,37,28,28,28,28,21,82,82,82,82,82,82,68,68,59,59,59,59,49,49,49,49,39,82,74,59,59,59,44,15,39,21,21,45,45,45,45,45,69,25,82,82,82,78,0],"gold":27,"neow_bonus":"TEN_PERCENT_HP_BONUS","is_prod":false,"is_daily":false,"chose_seed":false,"campfire_upgraded":9,"win_rate":0,"timestamp":1557337804,"path_taken":["M","M","?","M","?","R","E","R","T","?","R","E","R","?","R","BOSS","M","M","?","?","$","E","R","M","T","R","M","E","?","M","R","BOSS","M","M","?","?","M","E","R","E","T","R","M","$","R","?","R","BOSS","R","$","E","BOSS"],"build_version":"2019-01-23","purchased_purges":2,"victory":false,"max_hp_per_floor":[82,82,82,82,82,82,82,82,82,82,82,82,82,82,82,82,82,82,82,82,82,82,82,82,82,82,82,82,82,82,82,82,82,82,82,82,82,82,82,82,82,82,82,82,82,82,82,82,82,82,82,82,82,82,82],"card_choices":[{"not_picked":["Rebound","Undo"],"picked":"Conserve Battery","floor":1},{"not_picked":["Streamline","Steam"],"picked":"Compile Driver","floor":2},{"not_picked":["Redo","Turbo"],"picked":"Streamline","floor":4},{"not_picked":["Rebound","Compile Driver"],"picked":"Ball Lightning","floor":7},{"not_picked":["Scrape","Buffer"],"picked":"Darkness","floor":12},{"not_picked":["Conserve Battery","Darkness"],"picked":"Stack","floor":14},{"not_picked":["Buffer","Hyperbeam"],"picked":"Rainbow","floor":16},{"not_picked":["Cold Snap","Sweeping Beam"],"picked":"Rebound","floor":18},{"not_picked":["Redo","Streamline"],"picked":"Turbo","floor":19},{"not_picked":["Reprogram+1","Multi-Cast"],"picked":"Chaos","floor":23},{"not_picked":["Streamline+1","Sweeping Beam"],"picked":"Barrage","floor":25},{"not_picked":["Capacitor","Lockon"],"picked":"Go for the Eyes","floor":28},{"not_picked":["Fusion+1","Stack"],"picked":"Hologram+1","floor":29},{"not_picked":["Genetic Algorithm","Beam Cell"],"picked":"White Noise","floor":31},{"not_picked":["Fission","Meteor Strike"],"picked":"Thunder Strike","floor":33},{"not_picked":["Static Discharge+1","Compile Driver"],"picked":"Doom and Gloom","floor":35},{"not_picked":["Force Field","Gash+1"],"picked":"Hologram+1","floor":36},{"not_picked":["Dramatic Entrance","Enlightenment"],"picked":"Finesse","floor":37},{"not_picked":["Stack+1","Multi-Cast"],"picked":"Go for the Eyes+1","floor":39},{"not_picked":["Reinforced Body","Sweeping Beam"],"picked":"Consume+1","floor":40},{"not_picked":["Rebound+1","Conserve Battery+1"],"picked":"Leap+1","floor":41},{"not_picked":["BootSequence","Skim"],"picked":"Buffer","floor":42},{"not_picked":["Go for the Eyes","Double Energy+1"],"picked":"Ball Lightning","floor":44},{"not_picked":["Compile Driver","Barrage"],"picked":"Defragment","floor":45},{"not_picked":["Conserve Battery+1","Beam Cell"],"picked":"White Noise+1","floor":49},{"not_picked":["Rip and Tear+1","Ball Lightning"],"picked":"Electrodynamics","floor":54}],"player_experience":144218,"relics_obtained":[{"floor":7,"key":"Art of War"},{"floor":9,"key":"Dream Catcher"},{"floor":12,"key":"DataDisk"},{"floor":23,"key":"Whetstone"},{"floor":26,"key":"Cables"},{"floor":29,"key":"Oddly Smooth Stone"},{"floor":40,"key":"Turnip"},{"floor":42,"key":"Bag of Preparation"},{"floor":54,"key":"Ornamental Fan"}],"event_choices":[{"damage_healed":0,"gold_gain":0,"player_choice":"Entered Light","damage_taken":16,"max_hp_gain":0,"max_hp_loss":0,"event_name":"Shining Light","floor":3,"gold_loss":0,"cards_upgraded":["Defend_B","Strike_B"]},{"damage_healed":0,"gold_gain":0,"player_choice":"Ignored","damage_taken":0,"max_hp_gain":0,"max_hp_loss":0,"event_name":"Liars Game","floor":5,"gold_loss":0},{"damage_healed":0,"gold_gain":0,"player_choice":"Ignored","damage_taken":0,"max_hp_gain":0,"max_hp_loss":0,"event_name":"Ghosts","floor":20,"gold_loss":0},{"damage_healed":0,"gold_gain":0,"player_choice":"Read","damage_taken":0,"max_hp_gain":0,"max_hp_loss":0,"event_name":"The Library","floor":21,"gold_loss":0,"cards_obtained":["Glacier"]},{"cards_removed":["Strike_B"],"damage_healed":0,"gold_gain":0,"player_choice":"Gave Gold","damage_taken":0,"max_hp_gain":0,"max_hp_loss":0,"event_name":"Beggar","floor":30,"gold_loss":75},{"damage_healed":0,"gold_gain":0,"player_choice":"Memory 1","damage_taken":0,"max_hp_gain":0,"max_hp_loss":0,"event_name":"SensoryStone","floor":37,"gold_loss":0},{"cards_removed":["Doom and Gloom"],"damage_healed":0,"gold_gain":0,"player_choice":"Removed Attack","damage_taken":0,"max_hp_gain":0,"max_hp_loss":0,"event_name":"Falling","floor":38,"gold_loss":0},{"damage_healed":0,"gold_gain":0,"player_choice":"Paid","damage_taken":0,"relics_obtained":["Red Mask"],"max_hp_gain":0,"max_hp_loss":0,"event_name":"Tomb of Lord Red Mask","floor":48,"gold_loss":40}],"is_beta":false,"boss_relics":[{"not_picked":["Astrolabe","Empty Cage"],"picked":"Inserter"},{"not_picked":["Runic Pyramid","Eternal Feather"],"picked":"Sozu"}],"items_purged_floors":[10,22],"is_endless":false,"potions_floor_spawned":[4,7,12,16,23,25,31,35,40],"killed_by":"The Heart","ascension_level":1}