{"gold_per_floor":[115,131,142,142,157,192,192,224,224,240,274,274,289,63,63,160,160,173,185,185,198,288,323,342,373,373,373],"floor_reached":27,"playtime":1890,"items_purged":[],"score":339,"play_id":"62d98485-3de6-4ac2-8698-ff602ec6ba87","local_time":"20190429141426","is_ascension_mode":true,"campfire_choices":[{"floor":7,"key":"REST"},{"floor":15,"key":"RECALL"}],"neow_cost":"NONE","seed_source_timestamp":949881332401900,"circlet_count":0,"master_deck":["Strike_R","Strike_R","Strike_R","Strike_R","Defend_R","Defend_R","Defend_R","Defend_R","Bash","Ghostly Armor","Rampage","Thunderclap","Twin Strike","Feed","Ghostly Armor","Flex","Clash","Shockwave","Body Slam","Dropkick","Flex","Battle Trance","Brutality","Uppercut+1","Flex","Injury","Flex+1","Headbutt","Rupture+1","Hemokinesis+1","Armaments+1","Cleave","Regret"],"relics":["Burning Blood","Pen Nib","Red Skull","Unceasing Top","Cursed Key","Prayer Wheel","Sundial","Peace Pipe","Vajra"],"potions_floor_usage":[8,10,13,21,21,23,27],"damage_taken":[{"damage":5,"enemies":"Small Slimes","floor":1,"turns":3},{"damage":1,"enemies":"Cultist","floor":2,"turns":3},{"damage":0,"enemies":"2 Louse","floor":3,"turns":3},{"damage":18,"enemies":"Red Slaver","floor":5,"turns":7},{"damage":43,"enemies":"3 Sentries","floor":6,"turns":10},{"damage":19,"enemies":"Gremlin Nob","floor":8,"turns":4},{"damage":7,"enemies":"Large Slime","floor":10,"turns":5},{"damage":20,"enemies":"3 Sentries","floor":11,"turns":7},{"damage":2,"enemies":"Exordium Thugs","floor":13,"turns":5},{"damage":24,"enemies":"Hexaghost","floor":16,"turns":6},{"damage":4,"enemies":"Shell Parasite","floor":18,"turns":4},{"damage":3,"enemies":"3 Byrds","floor":19,"turns":5},{"damage":0,"enemies":"Snake Plant","floor":21,"turns":2},{"damage":28,"enemies":"Gremlin Leader","floor":23,"turns":5},{"damage":22,"enemies":"Shelled Parasite and Fungi","floor":24,"turns":4},{"damage":28,"enemies":"Book of Stabbing","floor":25,"turns":4},{"damage":27,"enemies":"Slavers","floor":27,"turns":3}],"seed_played":"-7019209566614696673","potions_obtained":[{"floor":2,"key":"Regen Potion"},{"floor":8,"key":"PowerPotion"},{"floor":11,"key":"SteroidPotion"},{"floor":13,"key":"Fire Potion"},{"floor":16,"key":"Swift Potion"},{"floor":18,"key":"LiquidBronze"},{"floor":25,"key":"Strength Potion"}],"is_trial":false,"path_per_floor":["M","M","M","?","M","E","R","E","T","M","E","?","M","$","R","B",null,"M","M","T","M","?","E","M","E","T","E"],"character_chosen":"IRONCLAD","items_purchased":["Body Slam","Dropkick","Flex","Battle Trance"],"campfire_rested":1,"item_purchase_floors":[14,14,14,14],"current_hp_per_floor":[88,88,88,88,76,39,65,64,64,66,55,55,62,62,62,44,97,100,100,100,100,80,58,45,23,23,0],"gold":373,"neow_bonus":"TEN_PERCENT_HP_BONUS","is_prod":false,"is_daily":false,"chose_seed":false,"campfire_upgraded":0,"win_rate":0,"timestamp":1556565266,"path_taken":["M","M","M","?","M","E","R","E","T","?","E","?","M","$","R","BOSS","M","M","?","M","?","E","M","E","T","E"],"build_version":"2019-01-23","purchased_purges":0,"victory":false,"max_hp_per_floor":[88,88,88,88,88,88,88,88,88,91,94,94,97,97,97,97,97,100,100,100,100,100,100,103,103,103,106],"card_choices":[{"not_picked":["Iron Wave","Perfected Strike"],"picked":"Ghostly Armor","floor":1},{"not_picked":["Sword Boomerang","Heavy Blade"],"picked":"Rampage","floor":2},{"not_picked":["Heavy Blade","Corruption"],"picked":"Thunderclap","floor":3},{"not_picked":["Pummel","Disarm"],"picked":"Twin Strike","floor":5},{"not_picked":["Headbutt","Clothesline"],"picked":"Feed","floor":6},{"not_picked":["Feel No Pain","Carnage"],"picked":"Ghostly Armor","floor":8},{"not_picked":["Thunderclap","Entrench"],"picked":"Flex","floor":10},{"not_picked":["Combust","Whirlwind"],"picked":"Clash","floor":11},{"not_picked":["Pommel Strike","Infernal Blade"],"picked":"Shockwave","floor":13},{"not_picked":["Fiend Fire","Impervious"],"picked":"Brutality","floor":16},{"not_picked":["Combust","True Grit+1"],"picked":"Uppercut+1","floor":18},{"not_picked":["Perfected Strike+1","Entrench"],"picked":"Flex","floor":19},{"not_picked":["Headbutt","Body Slam"],"picked":"Flex+1","floor":21},{"not_picked":["Clothesline","Twin Strike"],"picked":"Headbutt","floor":21},{"not_picked":["Dual Wield+1","Iron Wave"],"picked":"Rupture+1","floor":23},{"not_picked":["Anger","Carnage"],"picked":"Hemokinesis+1","floor":24},{"not_picked":["Feed","Fire Breathing"],"picked":"Armaments+1","floor":24},{"not_picked":["Sword Boomerang","Rage"],"picked":"Cleave","floor":25}],"player_experience":59992,"relics_obtained":[{"floor":6,"key":"Pen Nib"},{"floor":8,"key":"Red Skull"},{"floor":11,"key":"Unceasing Top"},{"floor":20,"key":"Prayer Wheel"},{"floor":23,"key":"Sundial"},{"floor":25,"key":"Peace Pipe"},{"floor":26,"key":"Vajra"}],"event_choices":[{"cards_removed":["Strike_R"],"damage_healed":0,"gold_gain":0,"player_choice":"Purged","damage_taken":0,"max_hp_gain":0,"max_hp_loss":0,"event_name":"Purifier","floor":4,"gold_loss":0},{"damage_healed":0,"gold_gain":0,"player_choice":"Bought 0 Potions","damage_taken":0,"max_hp_gain":0,"max_hp_loss":0,"event_name":"The Woman in Blue","floor":12,"gold_loss":0},{"damage_healed":0,"gold_gain":90,"player_choice":"GOLD ","damage_taken":20,"max_hp_gain":0,"max_hp_loss":0,"event_name":"Knowing Skull","floor":22,"potions_obtained":[],"gold_loss":0,"cards_obtained":[]}],"is_beta":false,"boss_relics":[{"not_picked":["Snecko Eye","Fusion Hammer"],"picked":"Cursed Key"}],"items_purged_floors":[],"is_endless":false,"potions_floor_spawned":[2,8,11,13,16,18,25],"killed_by":"Slavers","ascension_level":1}