{"gold_per_floor":[117,117,131,141,151,180,180,209,209,240,205,219,219,236,236,336,336,336,336,336,336,22,22],"floor_reached":23,"playtime":1398,"items_purged":[],"score":222,"play_id":"edabba71-817d-43da-ba23-038c49150482","local_time":"20190504144802","is_ascension_mode":true,"campfire_choices":[{"data":"Bouncing Flask","floor":13,"key":"SMITH"},{"data":"Acrobatics","floor":15,"key":"SMITH"}],"neow_cost":"NONE","seed_source_timestamp":1384490825819500,"circlet_count":0,"master_deck":["Defend_G","Defend_G","Defend_G","Defend_G","Defend_G","Strike_G","Strike_G","Strike_G","Strike_G","Survivor+1","Neutralize+1","Dagger Throw","Blur","Bouncing Flask+1","Noxious Fumes","Calculated Gamble","Eviscerate","Noxious Fumes+1","Acrobatics+1","Bane","Malaise","Catalyst","Burst","Panache+1"],"relics":["Ring of the Snake","Pear","Lantern","Juzu Bracelet","Frozen Egg 2","Ectoplasm","Red Mask"],"potions_floor_usage":[8,16,18],"damage_taken":[{"damage":0,"enemies":"Jaw Worm","floor":1,"turns":5},{"damage":0,"enemies":"Cultist","floor":3,"turns":3},{"damage":0,"enemies":"2 Louse","floor":4,"turns":3},{"damage":2,"enemies":"Looter","floor":5,"turns":3},{"damage":8,"enemies":"Lagavulin","floor":6,"turns":5},{"damage":24,"enemies":"3 Sentries","floor":8,"turns":7},{"damage":2,"enemies":"Lagavulin","floor":10,"turns":5},{"damage":0,"enemies":"Blue Slaver","floor":12,"turns":5},{"damage":0,"enemies":"Red Slaver","floor":14,"turns":3},{"damage":4,"enemies":"Hexaghost","floor":16,"turns":7},{"damage":0,"enemies":"Chosen","floor":18,"turns":4},{"damage":40,"enemies":"Masked Bandits","floor":19,"turns":5},{"damage":14,"enemies":"3 Byrds","floor":20,"turns":4},{"damage":31,"enemies":"Slavers","floor":23,"turns":3}],"seed_played":"8043925374264131603","potions_obtained":[{"floor":4,"key":"SteroidPotion"},{"floor":6,"key":"Poison Potion"},{"floor":10,"key":"AttackPotion"},{"floor":12,"key":"Energy Potion"},{"floor":19,"key":"FearPotion"}],"is_trial":false,"path_per_floor":["M","?","M","M","M","E","?","E","T","E","?","M","R","M","R","B",null,"M","?","M","?","$","E"],"character_chosen":"THE_SILENT","items_purchased":["Burst","Panache+1"],"campfire_rested":0,"item_purchase_floors":[22,22],"current_hp_per_floor":[70,70,70,70,68,70,63,39,39,37,57,57,57,57,57,53,80,80,40,26,26,26,0],"gold":22,"neow_bonus":"UPGRADE_CARD","is_prod":false,"is_daily":false,"chose_seed":false,"campfire_upgraded":2,"win_rate":0,"timestamp":1556999282,"path_taken":["M","?","M","?","M","E","?","E","T","E","?","M","R","M","R","BOSS","M","?","M","?","$","E"],"build_version":"2019-01-23","purchased_purges":0,"victory":false,"max_hp_per_floor":[70,70,70,70,70,80,80,80,80,80,80,80,80,80,80,80,80,80,80,80,80,80,80],"card_choices":[{"not_picked":["Underhanded Strike","Deflect"],"picked":"Dagger Throw","floor":1},{"not_picked":["Distraction","Bane"],"picked":"Blur","floor":3},{"not_picked":["Catalyst","Infinite Blades"],"picked":"Bouncing Flask","floor":4},{"not_picked":["Acrobatics","Blade Dance"],"picked":"Noxious Fumes","floor":5},{"not_picked":["Heel Hook","Blade Dance"],"picked":"Calculated Gamble","floor":6},{"not_picked":["Choke","Slice"],"picked":"Eviscerate","floor":8},{"not_picked":["Dagger Spray","Blade Dance"],"picked":"Noxious Fumes","floor":10},{"not_picked":["Reflex","Concentrate"],"picked":"Acrobatics","floor":12},{"not_picked":["Slice","Deadly Poison"],"picked":"Bane","floor":14},{"not_picked":["Night Terror","Adrenaline"],"picked":"Malaise","floor":16},{"not_picked":["Quick Slash","Noxious Fumes+1"],"picked":"Catalyst","floor":18},{"not_picked":["Flying Knee+1","Masterful Stab+1","Blade Dance"],"picked":"SKIP","floor":20}],"player_experience":96842,"relics_obtained":[{"floor":6,"key":"Pear"},{"floor":8,"key":"Lantern"},{"floor":9,"key":"Juzu Bracelet"},{"floor":10,"key":"Frozen Egg 2"},{"floor":19,"key":"Red Mask"}],"event_choices":[{"damage_healed":0,"gold_gain":0,"player_choice":"Upgraded","damage_taken":0,"max_hp_gain":0,"max_hp_loss":0,"event_name":"Upgrade Shrine","floor":2,"gold_loss":0,"cards_upgraded":["Neutralize"]},{"cards_removed":["Strike_G"],"damage_healed":0,"gold_gain":0,"player_choice":"Card Removal","damage_taken":7,"max_hp_gain":0,"max_hp_loss":0,"event_name":"Golden Wing","floor":7,"gold_loss":0},{"damage_healed":20,"gold_gain":0,"player_choice":"Healed","damage_taken":0,"max_hp_gain":0,"max_hp_loss":0,"event_name":"The Cleric","floor":11,"gold_loss":35},{"damage_healed":0,"gold_gain":0,"player_choice":"Fought Bandits","damage_taken":0,"max_hp_gain":0,"max_hp_loss":0,"event_name":"Masked Bandits","floor":19,"gold_loss":0},{"damage_healed":0,"gold_gain":0,"player_choice":"Bought 0 Potions","damage_taken":0,"max_hp_gain":0,"max_hp_loss":0,"event_name":"The Woman in Blue","floor":21,"gold_loss":0}],"is_beta":false,"boss_relics":[{"not_picked":["Sozu","HoveringKite"],"picked":"Ectoplasm"}],"items_purged_floors":[],"is_endless":false,"potions_floor_spawned":[4,6,10,12,14,19],"killed_by":"Slavers","ascension_level":1}