{"gold_per_floor":[118,118,14,24,40,74,74,1,26,43,43,21,32,57,57,159,159,179,190,205,221,321,321,337,337,337,252,279,31,44,70,70,175,175,185,185,196,207,224,224,252,53,53,53,53],"floor_reached":45,"playtime":7352,"items_purged":["Strike_R"],"score":485,"play_id":"faf613f4-cb42-418a-841e-fd177a05dfff","local_time":"20190603155731","is_ascension_mode":false,"campfire_choices":[{"data":"Metallicize","floor":7,"key":"SMITH"},{"floor":15,"key":"REST"},{"floor":23,"key":"REST"},{"data":"Strike_R","floor":25,"key":"PURGE"},{"floor":32,"key":"REST"},{"floor":40,"key":"REST"},{"floor":44,"key":"REST"}],"neow_cost":"","seed_source_timestamp":1912066826566383,"circlet_count":0,"master_deck":["Strike_R","Strike_R","Strike_R","Defend_R","Defend_R","Defend_R+1","Defend_R","Bash","Shrug It Off+1","Whirlwind","Hemokinesis","Second Wind","Bludgeon","Inflame","Warcry","Rupture","Dropkick","Demon Form","Dropkick+1","Clothesline","Cleave","Cleave+1","Reaper","Shrug It Off","Iron Wave","Rampage","Thunderclap","Iron Wave","Iron Wave","True Grit+1","Thunderclap","True Grit+1","Sword Boomerang","Clothesline"],"relics":["Burning Blood","War Paint","Blood Vial","Orichalcum","Dream Catcher","Snecko Eye","Peace Pipe","Kunai","Matryoshka","Bronze Scales","Centennial Puzzle","Lantern","Juzu Bracelet","Empty Cage","PreservedInsect","Anchor","Regal Pillow","Pantograph"],"potions_floor_usage":[18,28],"damage_taken":[{"damage":5,"enemies":"Cultist","floor":1,"turns":4},{"damage":9,"enemies":"Jaw Worm","floor":4,"turns":2},{"damage":7,"enemies":"Small Slimes","floor":5,"turns":4},{"damage":52,"enemies":"Gremlin Nob","floor":6,"turns":6},{"damage":4,"enemies":"Looter","floor":10,"turns":4},{"damage":3,"enemies":"3 Louse","floor":13,"turns":4},{"damage":47,"enemies":"The Guardian","floor":16,"turns":11},{"damage":5,"enemies":"Chosen","floor":18,"turns":4},{"damage":11,"enemies":"Spheric Guardian","floor":19,"turns":4},{"damage":21,"enemies":"Chosen and Byrds","floor":20,"turns":6},{"damage":12,"enemies":"3 Cultists","floor":21,"turns":5},{"damage":26,"enemies":"Colosseum Slavers","floor":22,"turns":3},{"damage":13,"enemies":"Colosseum Nobs","floor":22,"turns":4},{"damage":11,"enemies":"Snecko","floor":24,"turns":5},{"damage":55,"enemies":"Slavers","floor":28,"turns":4},{"damage":0,"enemies":"Cultist and Chosen","floor":30,"turns":3},{"damage":20,"enemies":"Gremlin Leader","floor":31,"turns":7},{"damage":61,"enemies":"Champ","floor":33,"turns":11},{"damage":14,"enemies":"3 Shapes","floor":35,"turns":4},{"damage":29,"enemies":"Orb Walker","floor":37,"turns":5},{"damage":33,"enemies":"Transient","floor":38,"turns":5},{"damage":19,"enemies":"Spire Growth","floor":39,"turns":4},{"damage":52,"enemies":"Reptomancer","floor":41,"turns":7},{"damage":96,"enemies":"2 Orb Walkers","floor":45,"turns":5}],"seed_played":"2855466733439899611","potions_obtained":[{"floor":4,"key":"Strength Potion"},{"floor":10,"key":"AttackPotion"},{"floor":13,"key":"GamblersBrew"},{"floor":16,"key":"AttackPotion"},{"floor":18,"key":"Energy Potion"},{"floor":24,"key":"LiquidBronze"},{"floor":33,"key":"SteroidPotion"}],"is_trial":false,"path_per_floor":["M","?","$","M","M","E","R","$","T","M","?","$","M","T","R","B",null,"M","M","M","M","?","R","M","R","T","?","E","$","M","E","R","B",null,"M","?","M","M","M","R","E","$","T","R","?"],"character_chosen":"IRONCLAD","items_purchased":["Whirlwind","Hemokinesis","Bludgeon","Warcry","Lantern","Iron Wave","Anchor","Sword Boomerang"],"campfire_rested":5,"item_purchase_floors":[3,3,8,12,29,29,42,42],"current_hp_per_floor":[80,72,72,69,68,22,22,22,22,26,26,26,31,31,55,16,80,80,75,62,58,35,59,56,56,56,56,19,19,43,37,61,17,80,72,72,57,41,30,54,25,25,25,64,0],"gold":53,"neow_bonus":"","is_prod":false,"is_daily":false,"chose_seed":false,"campfire_upgraded":1,"win_rate":0.0,"timestamp":1559602651,"path_taken":["M","?","$","M","M","E","R","$","T","?","?","?","M","?","R","BOSS","M","M","M","M","?","R","M","R","T","?","E","$","M","E","R","BOSS","M","?","M","M","M","R","E","$","T","R","?"],"build_version":"2019-01-23","purchased_purges":1,"victory":false,"max_hp_per_floor":[80,80,80,80,80,80,80,80,80,80,80,80,80,80,80,80,80,80,80,80,80,80,80,80,80,80,80,80,80,80,80,80,80,80,80,80,80,80,80,80,80,80,80,80,80],"card_choices":[{"not_picked":["Corruption","Pummel"],"picked":"Shrug It Off","floor":1},{"not_picked":["Flex","Clash"],"picked":"Metallicize","floor":4},{"not_picked":["Sword Boomerang","Shrug It Off"],"picked":"Anger","floor":5},{"not_picked":["Power Through","Sword Boomerang"],"picked":"Second Wind","floor":6},{"not_picked":["Body Slam","Pommel Strike"],"picked":"Inflame","floor":10},{"not_picked":["Anger","Flex"],"picked":"Rupture","floor":13},{"not_picked":["Warcry","Reckless Charge"],"picked":"Dropkick","floor":15},{"not_picked":["Berserk","Fiend Fire"],"picked":"Demon Form","floor":16},{"not_picked":["Clash","Anger"],"picked":"Dropkick+1","floor":18},{"not_picked":["Perfected Strike","Fire Breathing+1"],"picked":"Clothesline","floor":19},{"not_picked":["Perfected Strike","Body Slam"],"picked":"Cleave","floor":20},{"not_picked":["Flex","Intimidate"],"picked":"Cleave+1","floor":21},{"not_picked":["Battle Trance+1","Hemokinesis"],"picked":"Anger","floor":22},{"not_picked":["Twin Strike","Thunderclap"],"picked":"Reaper","floor":24},{"not_picked":["Cleave","Sever Soul"],"picked":"Shrug It Off","floor":28},{"not_picked":["Corruption","Feel No Pain"],"picked":"Rampage","floor":30},{"not_picked":["Dark Embrace","Reckless Charge","True Grit"],"picked":"SKIP","floor":31},{"not_picked":["Clothesline","Perfected Strike"],"picked":"Thunderclap","floor":32},{"not_picked":["Cleave","Infernal Blade"],"picked":"Iron Wave","floor":35},{"not_picked":["Body Slam+1","Anger"],"picked":"Iron Wave","floor":37},{"not_picked":["Whirlwind","Warcry+1"],"picked":"True Grit+1","floor":38},{"not_picked":["Second Wind+1","Cleave"],"picked":"Thunderclap","floor":39},{"not_picked":["Intimidate","Perfected Strike+1"],"picked":"True Grit+1","floor":41},{"not_picked":["Cleave+1","Iron Wave"],"picked":"Clothesline","floor":44}],"player_experience":0,"relics_obtained":[{"floor":6,"key":"War Paint"},{"floor":9,"key":"Blood Vial"},{"floor":14,"key":"Dream Catcher"},{"floor":22,"key":"Peace Pipe"},{"floor":22,"key":"Kunai"},{"floor":26,"key":"Matryoshka"},{"floor":28,"key":"Centennial Puzzle"},{"floor":31,"key":"Juzu Bracelet"},{"floor":41,"key":"PreservedInsect"},{"floor":43,"key":"Regal Pillow"},{"floor":43,"key":"Pantograph"}],"event_choices":[{"damage_healed":0,"gold_gain":0,"player_choice":"Damaged","damage_taken":8,"max_hp_gain":0,"max_hp_loss":0,"event_name":"Wheel of Change","floor":2,"gold_loss":0},{"damage_healed":0,"gold_gain":0,"player_choice":"Gave Potion","damage_taken":0,"relics_obtained":["Orichalcum"],"max_hp_gain":0,"max_hp_loss":0,"event_name":"WeMeetAgain","floor":11,"gold_loss":0},{"damage_healed":0,"gold_gain":0,"player_choice":"Fight","damage_taken":0,"max_hp_gain":0,"max_hp_loss":0,"event_name":"Colosseum","floor":22,"gold_loss":0},{"damage_healed":0,"gold_gain":0,"player_choice":"Fought Nobs","damage_taken":0,"max_hp_gain":0,"max_hp_loss":0,"event_name":"Colosseum","floor":22,"gold_loss":0},{"damage_healed":0,"gold_gain":0,"player_choice":"Obtained Relic","damage_taken":0,"relics_obtained":["Bronze Scales"],"max_hp_gain":0,"max_hp_loss":0,"event_name":"Addict","floor":27,"gold_loss":85},{"cards_removed":["Metallicize"],"damage_healed":0,"gold_gain":0,"player_choice":"Removed Power","damage_taken":0,"max_hp_gain":0,"max_hp_loss":0,"event_name":"Falling","floor":36,"gold_loss":0},{"damage_healed":0,"gold_gain":0,"player_choice":"Fight","damage_taken":0,"max_hp_gain":0,"max_hp_loss":0,"event_name":"Mysterious Sphere","floor":45,"gold_loss":0}],"is_beta":false,"boss_relics":[{"not_picked":["Black Star","White Beast Statue"],"picked":"Snecko Eye"},{"not_picked":["Orrery","Lizard Tail"],"picked":"Empty Cage"}],"items_purged_floors":[29],"is_endless":false,"potions_floor_spawned":[4,10,13,16,18,21,24,33,38,39],"killed_by":"2 Orb Walkers","ascension_level":0}