{"gold_per_floor":[110,120,120,137,151,178,108,108,108,118,145,78,78,96,96,197,197,211,178,278,278,51,67,67],"floor_reached":24,"playtime":4269,"items_purged":[],"score":233,"play_id":"d9331353-e780-4c06-8916-fea9b76475c8","local_time":"20190428161501","is_ascension_mode":false,"campfire_choices":[{"floor":13,"key":"REST"},{"data":"Accuracy","floor":15,"key":"SMITH"}],"neow_cost":"NONE","seed_source_timestamp":868331705363500,"circlet_count":0,"master_deck":["Defend_G","Defend_G","Defend_G","Defend_G","Strike_G","Strike_G","Strike_G","Strike_G","Strike_G","Survivor","Neutralize","Cloak And Dagger","PiercingWail","Well Laid Plans","Cloak And Dagger","Accuracy+1","Quick Slash","Poisoned Stab+1","Footwork","Cloak And Dagger","Bullet Time","Cloak And Dagger","Backflip","Blade Dance","Accuracy+1","Noxious Fumes","Finisher+1"],"relics":["Ring of the Snake","Happy Flower","Mummified Hand","Bottled Lightning","Molten Egg 2","Sozu","Mango","Question Card","Regal Pillow"],"potions_floor_usage":[11,16,19,20],"damage_taken":[{"damage":0,"enemies":"Jaw Worm","floor":1,"turns":4},{"damage":0,"enemies":"Cultist","floor":2,"turns":4},{"damage":0,"enemies":"Small Slimes","floor":4,"turns":4},{"damage":1,"enemies":"Blue Slaver","floor":5,"turns":4},{"damage":39,"enemies":"Lagavulin","floor":6,"turns":12},{"damage":0,"enemies":"Looter","floor":10,"turns":4},{"damage":24,"enemies":"Gremlin Nob","floor":11,"turns":5},{"damage":8,"enemies":"3 Louse","floor":14,"turns":5},{"damage":16,"enemies":"Hexaghost","floor":16,"turns":12},{"damage":3,"enemies":"Spheric Guardian","floor":18,"turns":5},{"damage":3,"enemies":"2 Thieves","floor":19,"turns":5},{"damage":5,"enemies":"Colosseum Slavers","floor":20,"turns":5},{"damage":17,"enemies":"Colosseum Nobs","floor":20,"turns":7},{"damage":16,"enemies":"Snake Plant","floor":23,"turns":6},{"damage":41,"enemies":"Gremlin Leader","floor":24,"turns":3}],"seed_played":"6576130921778095992","potions_obtained":[{"floor":1,"key":"SteroidPotion"},{"floor":10,"key":"Ancient Potion"},{"floor":11,"key":"Dexterity Potion"},{"floor":16,"key":"Block Potion"}],"is_trial":false,"path_per_floor":["M","M","?","M","M","E","$","?","T","M","E","$","R","M","R","B",null,"M","M","?","?","$","M","E"],"character_chosen":"THE_SILENT","items_purchased":["Accuracy","Footwork","Noxious Fumes","Regal Pillow"],"campfire_rested":1,"item_purchase_floors":[7,12,22,22],"current_hp_per_floor":[70,70,70,70,69,30,30,30,30,30,6,6,27,19,19,3,70,67,64,56,56,56,40,0],"gold":67,"neow_bonus":"RANDOM_COMMON_RELIC","is_prod":false,"is_daily":false,"chose_seed":false,"campfire_upgraded":1,"win_rate":0.0,"timestamp":1556486101,"path_taken":["M","M","?","M","?","E","$","?","T","?","E","$","R","M","R","BOSS","M","M","?","?","$","?","E"],"build_version":"2019-01-23","purchased_purges":0,"victory":false,"max_hp_per_floor":[70,70,70,70,70,70,70,70,70,70,70,70,70,70,70,70,70,70,70,84,84,84,84,84],"card_choices":[{"not_picked":["Tactician","Noxious Fumes"],"picked":"Cloak And Dagger","floor":1},{"not_picked":["Deadly Poison","Escape Plan","Outmaneuver"],"picked":"SKIP","floor":2},{"not_picked":["Deadly Poison","All Out Attack"],"picked":"PiercingWail","floor":4},{"not_picked":["Backflip","Deflect"],"picked":"Well Laid Plans","floor":5},{"not_picked":["Burst","Tactician"],"picked":"Cloak And Dagger","floor":6},{"not_picked":["Poisoned Stab","Reflex"],"picked":"Quick Slash","floor":10},{"not_picked":["Flying Knee","Acrobatics"],"picked":"Poisoned Stab","floor":11},{"not_picked":["Dagger Throw+1","PiercingWail"],"picked":"Cloak And Dagger","floor":14},{"not_picked":["A Thousand Cuts","Doppelganger"],"picked":"Bullet Time","floor":16},{"not_picked":["Heel Hook+1","Catalyst"],"picked":"Cloak And Dagger","floor":18},{"not_picked":["Expertise","Choke+1"],"picked":"Backflip","floor":19},{"not_picked":["Dagger Throw+1","Sucker Punch+1"],"picked":"Blade Dance","floor":20},{"not_picked":["Slice+1","Quick Slash+1","Skewer+1"],"picked":"Finisher+1","floor":23}],"player_experience":30477,"relics_obtained":[{"floor":6,"key":"Mummified Hand"},{"floor":9,"key":"Bottled Lightning"},{"floor":11,"key":"Molten Egg 2"},{"floor":20,"key":"Mango"},{"floor":20,"key":"Question Card"}],"event_choices":[{"damage_healed":0,"gold_gain":0,"player_choice":"Bought 0 Potions","damage_taken":0,"max_hp_gain":0,"max_hp_loss":0,"event_name":"The Woman in Blue","floor":3,"gold_loss":0},{"cards_removed":["Defend_G"],"damage_healed":0,"gold_gain":0,"player_choice":"Purged","damage_taken":0,"max_hp_gain":0,"max_hp_loss":0,"event_name":"Purifier","floor":8,"gold_loss":0},{"damage_healed":0,"gold_gain":0,"player_choice":"Fight","damage_taken":0,"max_hp_gain":0,"max_hp_loss":0,"event_name":"Colosseum","floor":20,"gold_loss":0},{"damage_healed":0,"gold_gain":0,"player_choice":"Fought Nobs","damage_taken":0,"max_hp_gain":0,"max_hp_loss":0,"event_name":"Colosseum","floor":20,"gold_loss":0},{"damage_healed":0,"gold_gain":0,"player_choice":"Copied","damage_taken":0,"max_hp_gain":0,"max_hp_loss":0,"event_name":"Duplicator","floor":21,"gold_loss":0,"cards_obtained":["Accuracy"]}],"is_beta":false,"boss_relics":[{"not_picked":["Cursed Key","Lizard Tail"],"picked":"Sozu"}],"items_purged_floors":[],"is_endless":false,"potions_floor_spawned":[1,10,11,16,18,20,20],"killed_by":"Gremlin Leader","ascension_level":0}