{"gold_per_floor":[119,119,130,130,305,305,331,346,396,459,459,475,475,493,493,596,596,626,737,749,775,497,497,497],"floor_reached":24,"playtime":728,"items_purged":["Regret"],"score":334,"play_id":"04091fa0-3d52-4993-a087-cb42814fd306","local_time":"20190303200253","is_ascension_mode":true,"campfire_choices":[{"data":"Neutralize","floor":6,"key":"SMITH"},{"floor":13,"key":"REST"},{"data":"PiercingWail","floor":15,"key":"SMITH"},{"floor":23,"key":"REST"}],"neow_cost":"NONE","seed_source_timestamp":255928008937772,"circlet_count":0,"master_deck":["Defend_G","Defend_G","Defend_G","Defend_G","Defend_G","Strike_G","Strike_G+1","Strike_G","Strike_G+1","Strike_G","Survivor","Neutralize+1","Deadly Poison","Quick Slash","Doubt","Escape Plan","Slice","PiercingWail+1","Backflip","Leg Sweep","Night Terror","Parasite","Parasite","Shame","Poisoned Stab","Backstab","Noxious Fumes"],"relics":["Ring of the Snake","NeowsBlessing","Regal Pillow","Darkstone Periapt","Whetstone","Tiny Chest","Calling Bell","MawBank","Letter Opener","Torii","GremlinMask","Orichalcum"],"potions_floor_usage":[10,10,14,21],"damage_taken":[{"damage":0,"enemies":"Cultist","floor":1,"turns":1},{"damage":0,"enemies":"Small Slimes","floor":3,"turns":1},{"damage":0,"enemies":"Lagavulin","floor":7,"turns":1},{"damage":0,"enemies":"2 Louse","floor":8,"turns":2},{"damage":32,"enemies":"Gremlin Nob","floor":10,"turns":5},{"damage":5,"enemies":"Looter","floor":12,"turns":3},{"damage":2,"enemies":"Gremlin Gang","floor":14,"turns":6},{"damage":42,"enemies":"The Guardian","floor":16,"turns":15},{"damage":24,"enemies":"Chosen","floor":18,"turns":10},{"damage":31,"enemies":"3 Byrds","floor":21,"turns":7},{"damage":62,"enemies":"Gremlin Leader","floor":24,"turns":4}],"seed_played":"-7518169589565277165","potions_obtained":[{"floor":1,"key":"FearPotion"},{"floor":8,"key":"Dexterity Potion"},{"floor":12,"key":"LiquidBronze"},{"floor":18,"key":"SkillPotion"}],"is_trial":false,"path_per_floor":["M","T","M","?","?","R","E","M","T","E","?","M","R","M","R","B",null,"M","?","?","M","$","R","E"],"character_chosen":"THE_SILENT","items_purchased":["Orichalcum","Noxious Fumes"],"campfire_rested":2,"item_purchase_floors":[22,22],"current_hp_per_floor":[63,63,63,63,63,63,63,63,63,31,31,26,62,60,60,18,75,51,51,51,20,20,61,0],"gold":497,"neow_bonus":"THREE_ENEMY_KILL","is_prod":false,"is_daily":false,"chose_seed":false,"campfire_upgraded":2,"win_rate":0,"timestamp":1551664973,"path_taken":["M","?","M","?","?","R","E","M","T","E","?","M","R","?","R","BOSS","M","?","?","M","$","R","E"],"build_version":"2019-01-23","purchased_purges":1,"victory":false,"max_hp_per_floor":[70,70,70,70,70,70,70,70,70,70,70,70,70,70,70,70,88,88,88,88,88,88,88,88],"card_choices":[{"not_picked":["Escape Plan","Blade Dance"],"picked":"Deadly Poison","floor":1},{"not_picked":["Accuracy","Setup"],"picked":"Quick Slash","floor":3},{"not_picked":["Underhanded Strike","Dagger Throw"],"picked":"Escape Plan","floor":7},{"not_picked":["Finisher","Quick Slash"],"picked":"Slice","floor":8},{"not_picked":["Acrobatics","Setup"],"picked":"PiercingWail","floor":10},{"not_picked":["Dash","Underhanded Strike"],"picked":"Backflip","floor":12},{"not_picked":["Dagger Throw","Backflip"],"picked":"Leg Sweep","floor":14},{"not_picked":["Storm of Steel","Malaise"],"picked":"Night Terror","floor":16},{"not_picked":["Escape Plan","Flechettes"],"picked":"Poisoned Stab","floor":18},{"not_picked":["Prepared","Dodge and Roll+1"],"picked":"Backstab","floor":21}],"player_experience":245036,"relics_obtained":[{"floor":7,"key":"Darkstone Periapt"},{"floor":9,"key":"Whetstone"},{"floor":10,"key":"Tiny Chest"},{"floor":17,"key":"MawBank"},{"floor":17,"key":"Letter Opener"},{"floor":17,"key":"Torii"}],"event_choices":[{"damage_healed":0,"gold_gain":0,"player_choice":"Box","damage_taken":0,"relics_obtained":["Regal Pillow"],"max_hp_gain":0,"max_hp_loss":0,"event_name":"Big Fish","floor":4,"gold_loss":0,"cards_obtained":["Regret"]},{"damage_healed":0,"gold_gain":175,"player_choice":"AGREE","damage_taken":0,"max_hp_gain":0,"max_hp_loss":0,"event_name":"Liars Game","floor":5,"gold_loss":0,"cards_obtained":["Doubt"]},{"damage_healed":0,"gold_gain":0,"player_choice":"Bought 0 Potions","damage_taken":0,"max_hp_gain":0,"max_hp_loss":0,"event_name":"The Woman in Blue","floor":11,"gold_loss":0},{"damage_healed":0,"gold_gain":99,"player_choice":"Stole From Cult","damage_taken":0,"max_hp_gain":0,"max_hp_loss":0,"event_name":"Nest","floor":19,"gold_loss":0},{"damage_healed":0,"gold_gain":0,"player_choice":"Trade","damage_taken":0,"relics_obtained":["GremlinMask"],"max_hp_gain":0,"max_hp_loss":0,"event_name":"FaceTrader","floor":20,"gold_loss":0}],"is_beta":false,"boss_relics":[{"not_picked":["Runic Pyramid","Pandora\u0027s Box"],"picked":"Calling Bell"}],"items_purged_floors":[22],"is_endless":false,"potions_floor_spawned":[1,8,12,18],"killed_by":"Gremlin Leader","ascension_level":7}