{"gold_per_floor":[117,36,51,64,64,97,115,141,222,241,191,191,191,208,208,312,362,376,75,94,109,121,121,121,121,121,137,157,170,181,193,193,290,290,302,302,314,325,325,325,340,340,363,393,405,435,457,569,581,593],"floor_reached":50,"playtime":9302,"items_purged":["Strike_R"],"score":517,"play_id":"e3fc8511-9d92-4f67-98b4-eb0634dbba92","local_time":"20190608221925","is_ascension_mode":false,"campfire_choices":[{"floor":12,"key":"RECALL"},{"floor":15,"key":"REST"},{"data":"Armaments","floor":23,"key":"SMITH"},{"floor":25,"key":"REST"},{"floor":32,"key":"REST"},{"floor":40,"key":"REST"},{"floor":42,"key":"REST"},{"data":"Limit Break","floor":45,"key":"SMITH"},{"floor":49,"key":"REST"}],"neow_cost":"TEN_PERCENT_HP_LOSS","seed_source_timestamp":2364993924225813,"circlet_count":0,"master_deck":["Defend_R","Defend_R","Bash","Shrug It Off","Bandage Up","Corruption+1","Metallicize","Shockwave","Sword Boomerang","Cleave","Armaments+1","Cleave","Feed","Berserk","Rupture","Whirlwind+1","Inflame","Armaments+1","Brutality","Twin Strike","Shrug It Off+1","Twin Strike+1","Shrug It Off+1","Limit Break+1","Pummel+1","Brutality+1","Thunderclap+1","Trip","Heavy Blade+1","Parasite","Pummel+1","Seeing Red","Flex+1","Heavy Blade+1"],"relics":["Burning Blood","Regal Pillow","Gambling Chip","Tiny House","Vajra","Paper Frog","Astrolabe","Pen Nib","MawBank","Charon\u0027s Ashes"],"potions_floor_usage":[8,8,16,16,16,18,20,22,22,29,31,33,41,50],"damage_taken":[{"damage":6,"enemies":"Cultist","floor":1,"turns":3},{"damage":6,"enemies":"2 Louse","floor":3,"turns":3},{"damage":8,"enemies":"Jaw Worm","floor":4,"turns":6},{"damage":39,"enemies":"Gremlin Nob","floor":6,"turns":6},{"damage":10,"enemies":"2 Fungi Beasts","floor":7,"turns":5},{"damage":33,"enemies":"3 Sentries","floor":8,"turns":6},{"damage":11,"enemies":"Gremlin Gang","floor":10,"turns":6},{"damage":0,"enemies":"Blue Slaver","floor":14,"turns":5},{"damage":57,"enemies":"Hexaghost","floor":16,"turns":14},{"damage":17,"enemies":"Shell Parasite","floor":18,"turns":7},{"damage":20,"enemies":"2 Thieves","floor":20,"turns":4},{"damage":18,"enemies":"Snecko","floor":21,"turns":7},{"damage":33,"enemies":"Snake Plant","floor":22,"turns":4},{"damage":33,"enemies":"Centurion and Healer","floor":27,"turns":6},{"damage":17,"enemies":"Snecko","floor":28,"turns":5},{"damage":24,"enemies":"Chosen and Byrds","floor":29,"turns":6},{"damage":0,"enemies":"3 Cultists","floor":30,"turns":3},{"damage":16,"enemies":"Snake Plant","floor":31,"turns":3},{"damage":77,"enemies":"Champ","floor":33,"turns":11},{"damage":8,"enemies":"3 Darklings","floor":35,"turns":4},{"damage":24,"enemies":"3 Shapes","floor":37,"turns":3},{"damage":53,"enemies":"Spire Growth","floor":38,"turns":6},{"damage":29,"enemies":"Writhing Mass","floor":41,"turns":6},{"damage":28,"enemies":"Giant Head","floor":44,"turns":6},{"damage":49,"enemies":"Sphere and 2 Shapes","floor":46,"turns":5},{"damage":29,"enemies":"4 Shapes","floor":47,"turns":5},{"damage":6,"enemies":"Mind Bloom Boss Battle","floor":48,"turns":7},{"damage":80,"enemies":"Time Eater","floor":50,"turns":7}],"seed_played":"-3424548350002624041","potions_obtained":[{"floor":3,"key":"Explosive Potion"},{"floor":4,"key":"Strength Potion"},{"floor":8,"key":"PowerPotion"},{"floor":10,"key":"Energy Potion"},{"floor":13,"key":"FearPotion"},{"floor":17,"key":"EntropicBrew"},{"floor":18,"key":"FearPotion"},{"floor":22,"key":"Strength Potion"},{"floor":28,"key":"Fire Potion"},{"floor":30,"key":"Energy Potion"},{"floor":38,"key":"SkillPotion"},{"floor":48,"key":"Energy Potion"}],"is_trial":false,"path_per_floor":["M","$","M","M","?","E","M","E","T","M","?","R","?","M","R","B",null,"M","$","M","M","M","R","?","R","T","M","M","M","M","M","R","B",null,"M","?","M","M","?","R","M","R","T","E","R","M","M","?","R","B"],"character_chosen":"IRONCLAD","items_purchased":["Bandage Up","Vajra","Inflame"],"campfire_rested":6,"item_purchase_floors":[2,19,19],"current_hp_per_floor":[72,72,72,72,72,43,43,20,20,19,19,19,19,29,65,18,77,73,73,66,64,46,46,46,88,88,65,54,42,48,38,80,17,94,92,92,77,34,34,78,59,97,97,81,81,44,25,29,73,0],"gold":593,"neow_bonus":"REMOVE_TWO","is_prod":false,"is_daily":false,"chose_seed":false,"campfire_upgraded":2,"win_rate":0,"timestamp":1560057565,"path_taken":["M","$","M","?","?","E","?","E","T","M","?","R","?","M","R","BOSS","M","$","M","?","M","R","?","R","T","M","M","M","M","M","R","BOSS","M","?","M","M","?","R","M","R","T","E","R","?","M","?","R","BOSS"],"build_version":"2019-01-23","purchased_purges":1,"victory":false,"max_hp_per_floor":[72,72,72,72,72,72,72,72,72,72,72,72,72,72,72,72,77,80,80,83,87,90,90,90,90,90,90,90,90,90,90,90,94,94,94,94,97,97,97,97,97,97,97,97,97,97,97,97,97,97],"card_choices":[{"not_picked":["Shockwave","Flame Barrier"],"picked":"Shrug It Off","floor":1},{"not_picked":["Blood for Blood","Spot Weakness"],"picked":"Corruption","floor":3},{"not_picked":["Power Through","Carnage"],"picked":"Metallicize","floor":4},{"not_picked":["Headbutt","Thunderclap"],"picked":"Sword Boomerang","floor":6},{"not_picked":["Body Slam","Twin Strike"],"picked":"Cleave","floor":7},{"not_picked":["Fiend Fire","Headbutt"],"picked":"Armaments","floor":8},{"not_picked":["Thunderclap","Perfected Strike"],"picked":"Cleave","floor":10},{"not_picked":["Shrug It Off","Flex"],"picked":"Feed","floor":14},{"not_picked":["Reaper","Limit Break"],"picked":"Berserk","floor":16},{"not_picked":["Shrug It Off","Clothesline"],"picked":"Rupture","floor":17},{"not_picked":["Blood for Blood","Carnage"],"picked":"Whirlwind+1","floor":18},{"not_picked":["True Grit","Thunderclap"],"picked":"Armaments+1","floor":20},{"not_picked":["Body Slam","Sword Boomerang"],"picked":"Brutality","floor":21},{"not_picked":["Sword Boomerang","Headbutt"],"picked":"Twin Strike","floor":22},{"not_picked":["Inflame","Wild Strike+1"],"picked":"Shrug It Off+1","floor":27},{"not_picked":["Combust","Twin Strike+1","Perfected Strike+1"],"picked":"SKIP","floor":28},{"not_picked":["Body Slam","Shrug It Off"],"picked":"Twin Strike+1","floor":29},{"not_picked":["Iron Wave","Carnage","Burning Pact+1"],"picked":"SKIP","floor":30},{"not_picked":["Ghostly Armor","Dual Wield"],"picked":"Shrug It Off+1","floor":31},{"not_picked":["Double Tap","Fiend Fire"],"picked":"Limit Break","floor":33},{"not_picked":["Perfected Strike","Metallicize","Rupture+1"],"picked":"SKIP","floor":35},{"not_picked":["Dramatic Entrance","Discovery"],"picked":"Trip","floor":36},{"not_picked":["Thunderclap+1","Entrench"],"picked":"Heavy Blade+1","floor":37},{"not_picked":["Combust","Pommel Strike","Perfected Strike"],"picked":"SKIP","floor":38},{"not_picked":["Heavy Blade+1","Combust"],"picked":"Pummel+1","floor":41},{"not_picked":["Headbutt+1","Warcry"],"picked":"Seeing Red","floor":44},{"not_picked":["Iron Wave+1","Armaments+1"],"picked":"Flex+1","floor":46},{"not_picked":["Iron Wave","Pommel Strike"],"picked":"Heavy Blade+1","floor":47}],"player_experience":42444,"relics_obtained":[{"floor":6,"key":"Regal Pillow"},{"floor":8,"key":"Gambling Chip"},{"floor":26,"key":"Paper Frog"},{"floor":43,"key":"Pen Nib"},{"floor":44,"key":"MawBank"},{"floor":48,"key":"Charon\u0027s Ashes"}],"event_choices":[{"damage_healed":0,"gold_gain":0,"player_choice":"1 cards matched","damage_taken":0,"max_hp_gain":0,"max_hp_loss":0,"event_name":"Match and Keep!","floor":5,"gold_loss":0,"cards_obtained":["Shockwave"]},{"cards_removed":["Strike_R"],"damage_healed":0,"gold_gain":0,"player_choice":"Card Removal","damage_taken":0,"max_hp_gain":0,"max_hp_loss":0,"event_name":"The Cleric","floor":11,"gold_loss":50},{"damage_healed":0,"gold_gain":0,"player_choice":"Got Potions","damage_taken":0,"max_hp_gain":0,"max_hp_loss":0,"event_name":"Lab","floor":13,"gold_loss":0},{"damage_healed":0,"gold_gain":0,"player_choice":"Ignored","damage_taken":0,"max_hp_gain":0,"max_hp_loss":0,"event_name":"Ghosts","floor":24,"gold_loss":0},{"damage_healed":0,"gold_gain":0,"player_choice":"Memory 1","damage_taken":0,"max_hp_gain":0,"max_hp_loss":0,"event_name":"SensoryStone","floor":36,"gold_loss":0},{"damage_healed":0,"gold_gain":0,"player_choice":"Ignored","damage_taken":0,"max_hp_gain":0,"max_hp_loss":0,"event_name":"NoteForYourself","floor":39,"gold_loss":0},{"damage_healed":0,"gold_gain":0,"player_choice":"Fight","damage_taken":0,"max_hp_gain":0,"max_hp_loss":0,"event_name":"MindBloom","floor":48,"gold_loss":0}],"is_beta":false,"boss_relics":[{"not_picked":["Snecko Eye","Runic Dome"],"picked":"Tiny House"},{"not_picked":["Orrery","White Beast Statue"],"picked":"Astrolabe"}],"items_purged_floors":[19],"is_endless":false,"potions_floor_spawned":[3,4,8,10,18,22,28,30,38,48],"killed_by":"Time Eater","ascension_level":0}