{"gold_per_floor":[12,12,27,27,27,27,42,385,411,411,427,446,470,534,534,628,628,643,94,94,118,131,131,131],"floor_reached":24,"playtime":1573,"items_purged":["Strike_R"],"score":366,"play_id":"ece7857a-476d-454e-83a7-bed818dc689a","local_time":"20181204163225","is_ascension_mode":true,"campfire_choices":[{"floor":6,"key":"REST"},{"data":"Barricade","floor":10,"key":"SMITH"},{"data":"Armaments","floor":15,"key":"SMITH"},{"data":"Evolve","floor":23,"key":"SMITH"}],"neow_cost":"NO_GOLD","seed_source_timestamp":48480612147226,"circlet_count":0,"master_deck":["AscendersBane","Defend_R","Defend_R","Defend_R","Defend_R","Bash","Reckless Charge","Reaper","Barricade+1","Body Slam","Seeing Red","Evolve+1","Armaments+1","Double Tap","Exhume+1","Berserk+1","Sword Boomerang+1","Shrug It Off","Flame Barrier","Shrug It Off"],"relics":["Burning Blood","Thread and Needle","Golden Idol","Matryoshka","Old Coin","Bronze Scales","Pen Nib","Happy Flower","Astrolabe","Mummified Hand","Omamori"],"potions_floor_usage":[13,14,24,24],"damage_taken":[{"damage":3,"enemies":"Jaw Worm","floor":1,"turns":3},{"damage":14,"enemies":"Small Slimes","floor":3,"turns":5},{"damage":0,"enemies":"Cultist","floor":7,"turns":4},{"damage":40,"enemies":"3 Sentries","floor":8,"turns":13},{"damage":0,"enemies":"Large Slime","floor":11,"turns":8},{"damage":8,"enemies":"Blue Slaver","floor":12,"turns":4},{"damage":2,"enemies":"Lots of Slimes","floor":13,"turns":4},{"damage":33,"enemies":"Gremlin Nob","floor":14,"turns":6},{"damage":12,"enemies":"Slime Boss","floor":16,"turns":14},{"damage":6,"enemies":"3 Byrds","floor":18,"turns":2},{"damage":21,"enemies":"Spheric Guardian","floor":21,"turns":5},{"damage":29,"enemies":"Centurion and Healer","floor":22,"turns":10},{"damage":94,"enemies":"Slavers","floor":24,"turns":4}],"seed_played":"4104921387233605772","potions_obtained":[{"floor":1,"key":"Swift Potion"},{"floor":7,"key":"LiquidBronze"},{"floor":13,"key":"EssenceOfSteel"},{"floor":14,"key":"Regen Potion"}],"is_trial":false,"path_per_floor":["M","?","M","T","?","R","M","E","T","R","M","M","M","?","R","B",null,"M","$","?","M","M","R","E"],"character_chosen":"IRONCLAD","items_purchased":["Mummified Hand","Omamori","Shrug It Off"],"campfire_rested":1,"item_purchase_floors":[19,19,19],"current_hp_per_floor":[71,45,37,37,37,59,65,41,41,41,55,53,66,43,43,47,68,68,68,75,60,59,59,0],"gold":131,"neow_bonus":"ONE_RARE_RELIC","is_prod":false,"is_daily":false,"chose_seed":false,"campfire_upgraded":3,"win_rate":0,"timestamp":1543930345,"path_taken":["M","?","M","?","?","R","M","E","T","R","M","?","M","?","R","BOSS","M","$","?","M","M","R","E"],"build_version":"2018-11-15","purchased_purges":1,"victory":false,"max_hp_per_floor":[75,75,75,75,75,75,75,75,75,75,75,75,75,75,75,75,75,75,75,75,75,75,75,75],"card_choices":[{"not_picked":["Infernal Blade","Cleave","Pummel"],"picked":"SKIP","floor":1},{"not_picked":["Wild Strike","Warcry","Bloodletting"],"picked":"SKIP","floor":3},{"not_picked":["Perfected Strike","Iron Wave"],"picked":"Reaper","floor":7},{"not_picked":["Battle Trance","Whirlwind"],"picked":"Barricade","floor":8},{"not_picked":["Headbutt","Power Through"],"picked":"Body Slam","floor":11},{"not_picked":["Twin Strike","Wild Strike"],"picked":"Seeing Red","floor":12},{"not_picked":["Twin Strike","Carnage"],"picked":"Evolve","floor":13},{"not_picked":["Twin Strike","Headbutt"],"picked":"Armaments","floor":14},{"not_picked":["Exhume","Berserk"],"picked":"Double Tap","floor":16},{"not_picked":["Hemokinesis","Anger","Clash"],"picked":"SKIP","floor":18},{"not_picked":["Fire Breathing","Flex"],"picked":"Flame Barrier","floor":21},{"not_picked":["Armaments","Flex"],"picked":"Shrug It Off","floor":22}],"player_experience":817132,"relics_obtained":[{"floor":4,"key":"Matryoshka"},{"floor":8,"key":"Old Coin"},{"floor":9,"key":"Bronze Scales"},{"floor":9,"key":"Pen Nib"},{"floor":14,"key":"Happy Flower"}],"event_choices":[{"damage_healed":0,"gold_gain":0,"player_choice":"Take Damage","damage_taken":26,"relics_obtained":["Golden Idol"],"max_hp_gain":0,"max_hp_loss":0,"event_name":"Golden Idol","floor":2,"gold_loss":0},{"damage_healed":0,"gold_gain":0,"cards_transformed":["Strike_R"],"player_choice":"Transformed","damage_taken":0,"max_hp_gain":0,"max_hp_loss":0,"event_name":"Transmorgrifier","floor":5,"gold_loss":0,"cards_obtained":["Reckless Charge"]},{"damage_healed":0,"gold_gain":30,"player_choice":"Searched \u00272\u0027 times","damage_taken":0,"max_hp_gain":0,"max_hp_loss":0,"event_name":"Dead Adventurer","floor":14,"gold_loss":0},{"damage_healed":7,"gold_gain":0,"player_choice":"Full Heal","damage_taken":0,"max_hp_gain":0,"max_hp_loss":0,"event_name":"Wheel of Change","floor":20,"gold_loss":0}],"is_beta":false,"boss_relics":[{"not_picked":["Runic Cube","Snecko Eye"],"picked":"Astrolabe"}],"items_purged_floors":[19],"is_endless":false,"potions_floor_spawned":[1,7,12,13,14,21],"killed_by":"Slavers","ascension_level":17}