{"gold_per_floor":[117,117,129,147,161,161,171,189,189,189,211,211,211,230,230,230],"floor_reached":16,"playtime":730,"items_purged":[],"score":165,"play_id":"c2a8c43b-af06-4555-8459-d89f74c3b4a1","local_time":"20181127041313","is_ascension_mode":true,"campfire_choices":[{"data":"Zap","floor":6,"key":"SMITH"},{"floor":10,"key":"REST"},{"data":"Buffer","floor":12,"key":"SMITH"},{"floor":15,"key":"REST"}],"neow_cost":"NONE","seed_source_timestamp":0,"circlet_count":0,"master_deck":["AscendersBane","Strike_B","Strike_B","Strike_B","Defend_B","Defend_B","Defend_B","Defend_B","Zap+1","Dualcast","Gash","Thunder Strike","Auto Shields","Go for the Eyes","Cold Snap","Ball Lightning","Hologram","Buffer+1"],"special_seed":0,"relics":["White Beast Statue","The Courier","Odd Mushroom","Golden Idol"],"potions_floor_usage":[8,11,16],"damage_taken":[{"damage":9,"enemies":"Jaw Worm","floor":1,"turns":6},{"damage":1,"enemies":"Cultist","floor":3,"turns":4},{"damage":4,"enemies":"Small Slimes","floor":4,"turns":4},{"damage":9,"enemies":"Looter","floor":5,"turns":4},{"damage":4,"enemies":"2 Fungi Beasts","floor":7,"turns":4},{"damage":17,"enemies":"Lots of Slimes","floor":8,"turns":3},{"damage":18,"enemies":"The Mushroom Lair","floor":11,"turns":4},{"damage":11,"enemies":"Red Slaver","floor":14,"turns":3},{"damage":33,"enemies":"Hexaghost","floor":16,"turns":9}],"seed_played":"-3360254486720095357","potions_obtained":[{"floor":1,"key":"Explosive Potion"},{"floor":3,"key":"PowerPotion"},{"floor":8,"key":"Fire Potion"},{"floor":11,"key":"Swift Potion"}],"is_trial":false,"path_per_floor":["M","?","M","M","M","R","M","M","T","R","?","R","?","M","R","B"],"character_chosen":"DEFECT","items_purchased":[],"campfire_rested":2,"item_purchase_floors":[],"current_hp_per_floor":[55,55,54,50,41,41,37,20,20,41,23,23,23,12,31,0],"gold":230,"neow_bonus":"BOSS_RELIC","is_prod":false,"is_daily":false,"chose_seed":false,"campfire_upgraded":2,"win_rate":0,"timestamp":1543281193,"path_taken":["M","?","M","?","?","R","M","M","T","R","?","R","?","M","R","BOSS"],"build_version":"2018-11-15","purchased_purges":0,"victory":false,"max_hp_per_floor":[71,71,71,71,71,71,71,71,71,71,71,71,64,64,64,64],"card_choices":[{"not_picked":["Redo","Blizzard"],"picked":"Gash","floor":1},{"not_picked":["Leap","Skim"],"picked":"Auto Shields","floor":3},{"not_picked":["Compile Driver","Redo"],"picked":"Go for the Eyes","floor":4},{"not_picked":["Storm","Undo"],"picked":"Cold Snap","floor":5},{"not_picked":["All For One","Streamline"],"picked":"Ball Lightning","floor":7},{"not_picked":["Redo","Turbo"],"picked":"Hologram","floor":8},{"not_picked":["Coolheaded","Heatsinks"],"picked":"Buffer","floor":11},{"not_picked":["Rebound","Aggregate","Ball Lightning"],"picked":"SKIP","floor":14}],"player_experience":766742,"relics_obtained":[{"floor":9,"key":"The Courier"},{"floor":11,"key":"Odd Mushroom"}],"event_choices":[{"damage_healed":0,"gold_gain":0,"cards_transformed":["Strike_B"],"player_choice":"Transformed","damage_taken":0,"max_hp_gain":0,"max_hp_loss":0,"event_name":"Transmorgrifier","floor":2,"gold_loss":0,"cards_obtained":["Thunder Strike"]},{"damage_healed":0,"gold_gain":0,"player_choice":"Fought Mushrooms","damage_taken":0,"max_hp_gain":0,"max_hp_loss":0,"event_name":"Mushrooms","floor":11,"gold_loss":0},{"damage_healed":0,"gold_gain":0,"player_choice":"Lose Max HP","damage_taken":0,"relics_obtained":["Golden Idol"],"max_hp_gain":0,"max_hp_loss":7,"event_name":"Golden Idol","floor":13,"gold_loss":0}],"is_beta":false,"boss_relics":[],"items_purged_floors":[],"is_endless":false,"potions_floor_spawned":[1,3,4,5,7,8,11,14],"killed_by":"Hexaghost","ascension_level":15}