{"gold_per_floor":[111,123,134,144,161,191,191,156,179,179,55,55,130,149,149,254,254,264,71,71,86,86,113,113,129,153,165,165,176,176,176,176,273,273,287,303,303,313,10,10,22,22,22,37,48,95,112,212,212,212],"floor_reached":51,"playtime":10230,"items_purged":["Regret","Parasite"],"score":646,"play_id":"732a31ce-3072-4945-b8fd-b417aff41a62","local_time":"20190609205713","is_ascension_mode":false,"campfire_choices":[{"data":"Juggernaut","floor":7,"key":"SMITH"},{"data":"Shrug It Off","floor":15,"key":"SMITH"},{"data":"Armaments","floor":24,"key":"SMITH"},{"data":"Rupture","floor":28,"key":"SMITH"},{"data":"Body Slam","floor":30,"key":"SMITH"},{"floor":32,"key":"REST"},{"data":"Enlightenment","floor":40,"key":"SMITH"},{"data":"Seeing Red","floor":42,"key":"SMITH"},{"data":"Reaper","floor":49,"key":"SMITH"}],"neow_cost":"NONE","seed_source_timestamp":180884703712567,"circlet_count":0,"master_deck":["Strike_R","Strike_R","Strike_R","Strike_R","Defend_R","Defend_R","Defend_R","Defend_R","Bash","Warcry","Cleave","Perfected Strike","Juggernaut+1","Clothesline","Limit Break","Shrug It Off+1","Ghostly Armor","Offering","Body Slam+1","Enlightenment+1","Metallicize","Armaments+1","Iron Wave+1","Rupture+1","Uppercut+1","Seeing Red+1","Armaments","RitualDagger","Reaper+1","Fire Breathing+1","Carnage+1","Iron Wave+1","Flex","Shrug It Off+1","Flex","Entrench"],"relics":["Burning Blood","Bottled Tornado","Happy Flower","Red Skull","Bronze Scales","Runic Pyramid","MutagenicStrength","Strawberry","Ancient Tea Set","White Beast Statue","Potion Belt","Self Forming Clay","Girya","Nunchaku"],"potions_floor_usage":[6,6,16,38,45,46,46,47,50,50,50],"damage_taken":[{"damage":0,"enemies":"2 Louse","floor":1,"turns":4},{"damage":5,"enemies":"Jaw Worm","floor":2,"turns":4},{"damage":5,"enemies":"Small Slimes","floor":3,"turns":4},{"damage":9,"enemies":"2 Fungi Beasts","floor":4,"turns":3},{"damage":11,"enemies":"3 Louse","floor":5,"turns":3},{"damage":12,"enemies":"3 Sentries","floor":6,"turns":6},{"damage":12,"enemies":"Large Slime","floor":14,"turns":6},{"damage":55,"enemies":"Slime Boss","floor":16,"turns":9},{"damage":6,"enemies":"Chosen","floor":18,"turns":4},{"damage":6,"enemies":"3 Byrds","floor":21,"turns":3},{"damage":18,"enemies":"Book of Stabbing","floor":23,"turns":4},{"damage":8,"enemies":"3 Cultists","floor":25,"turns":4},{"damage":24,"enemies":"Centurion and Healer","floor":27,"turns":5},{"damage":1,"enemies":"Chosen and Byrds","floor":29,"turns":4},{"damage":36,"enemies":"Champ","floor":33,"turns":11},{"damage":25,"enemies":"3 Shapes","floor":35,"turns":4},{"damage":17,"enemies":"3 Darklings","floor":36,"turns":6},{"damage":30,"enemies":"Writhing Mass","floor":38,"turns":6},{"damage":8,"enemies":"4 Shapes","floor":41,"turns":6},{"damage":16,"enemies":"3 Darklings","floor":44,"turns":4},{"damage":12,"enemies":"Spire Growth","floor":45,"turns":5},{"damage":14,"enemies":"2 Orb Walkers","floor":46,"turns":3},{"damage":25,"enemies":"Transient","floor":47,"turns":5},{"damage":0,"enemies":"Mind Bloom Boss Battle","floor":48,"turns":7},{"damage":58,"enemies":"Awakened One","floor":50,"turns":14}],"seed_played":"-4828913441718235132","potions_obtained":[{"floor":1,"key":"Poison Potion"},{"floor":3,"key":"PowerPotion"},{"floor":4,"key":"Explosive Potion"},{"floor":6,"key":"LiquidBronze"},{"floor":23,"key":"Ancient Potion"},{"floor":25,"key":"BloodPotion"},{"floor":29,"key":"SneckoOil"},{"floor":33,"key":"PowerPotion"},{"floor":36,"key":"SkillPotion"},{"floor":38,"key":"Block Potion"},{"floor":41,"key":"SpeedPotion"},{"floor":44,"key":"Energy Potion"},{"floor":45,"key":"Dexterity Potion"},{"floor":46,"key":"Regen Potion"},{"floor":47,"key":"BloodPotion"},{"floor":48,"key":"SpeedPotion"}],"is_trial":false,"path_per_floor":["M","M","M","M","M","E","R","?","T","?","$","?","?","M","R","B",null,"M","$","?","M","?","E","R","M","T","M","R","M","R","?","R","B",null,"M","M","?","M","$","R","M","R","T","M","M","?","M","?","R","B",null],"character_chosen":"IRONCLAD","items_purchased":["Shrug It Off","Enlightenment","Metallicize","Armaments","Potion Belt","Flex"],"campfire_rested":1,"item_purchase_floors":[11,19,19,19,39,39],"current_hp_per_floor":[80,80,80,77,72,66,66,80,80,80,80,73,62,56,56,7,80,80,80,80,80,80,75,75,73,73,55,55,60,60,54,80,50,87,87,87,87,64,64,64,62,62,62,62,56,48,46,70,70,45],"gold":212,"neow_bonus":"TRANSFORM_CARD","is_prod":false,"is_daily":false,"chose_seed":false,"campfire_upgraded":8,"win_rate":0.0,"timestamp":1560128233,"path_taken":["M","M","M","M","M","E","R","?","T","?","$","?","?","M","R","BOSS","M","$","?","M","?","E","R","M","T","M","R","M","R","?","R","BOSS","M","M","?","M","$","R","M","R","T","?","M","?","M","?","R","BOSS"],"build_version":"2019-01-23","purchased_purges":2,"victory":true,"max_hp_per_floor":[80,80,80,80,80,80,80,80,80,80,80,80,80,80,80,80,80,80,80,80,80,80,87,87,87,87,87,87,87,87,87,87,87,87,87,87,87,87,84,84,84,84,84,84,84,84,84,84,84,84],"card_choices":[{"not_picked":["Cleave","Flame Barrier"],"picked":"Warcry","floor":1},{"not_picked":["True Grit","Offering"],"picked":"Cleave","floor":2},{"not_picked":["Flex","Cleave"],"picked":"Perfected Strike","floor":3},{"not_picked":["Twin Strike","Flame Barrier"],"picked":"Juggernaut","floor":4},{"not_picked":["Headbutt","True Grit"],"picked":"Clothesline","floor":5},{"not_picked":["Battle Trance","Clash"],"picked":"Limit Break","floor":6},{"not_picked":["Sword Boomerang","Cleave"],"picked":"Ghostly Armor","floor":14},{"not_picked":["Limit Break","Bludgeon"],"picked":"Offering","floor":16},{"not_picked":["Inflame+1","Armaments+1"],"picked":"Body Slam","floor":18},{"not_picked":["Armaments","Cleave"],"picked":"Iron Wave+1","floor":21},{"not_picked":["Cleave","Hemokinesis"],"picked":"Rupture","floor":23},{"not_picked":["Shrug It Off","Dark Embrace"],"picked":"Uppercut+1","floor":25},{"not_picked":["Intimidate","Anger+1"],"picked":"Seeing Red","floor":27},{"not_picked":["Thunderclap+1","Warcry"],"picked":"Armaments","floor":29},{"not_picked":["Bludgeon","Offering"],"picked":"Reaper","floor":33},{"not_picked":["Heavy Blade","Armaments+1"],"picked":"Fire Breathing+1","floor":35},{"not_picked":["Heavy Blade","Anger"],"picked":"Carnage+1","floor":36},{"not_picked":["Uppercut+1","Clash+1"],"picked":"Iron Wave+1","floor":38},{"not_picked":["Cleave","Bludgeon"],"picked":"Shrug It Off+1","floor":41},{"not_picked":["Perfected Strike+1","True Grit","Power Through+1"],"picked":"SKIP","floor":44},{"not_picked":["Twin Strike","Battle Trance+1","Dropkick+1"],"picked":"SKIP","floor":45},{"not_picked":["Intimidate","Rupture+1"],"picked":"Flex","floor":46},{"not_picked":["Rupture+1","Thunderclap+1","Second Wind"],"picked":"SKIP","floor":47},{"not_picked":["Dropkick+1","Dual Wield"],"picked":"Entrench","floor":48}],"player_experience":11822,"relics_obtained":[{"floor":6,"key":"Bottled Tornado"},{"floor":9,"key":"Happy Flower"},{"floor":23,"key":"Strawberry"},{"floor":26,"key":"Ancient Tea Set"},{"floor":43,"key":"Self Forming Clay"},{"floor":46,"key":"Girya"},{"floor":48,"key":"Nunchaku"}],"event_choices":[{"damage_healed":20,"gold_gain":0,"player_choice":"Healed","damage_taken":0,"max_hp_gain":0,"max_hp_loss":0,"event_name":"The Cleric","floor":8,"gold_loss":35},{"damage_healed":0,"gold_gain":0,"player_choice":"Box","damage_taken":0,"relics_obtained":["Red Skull"],"max_hp_gain":0,"max_hp_loss":0,"event_name":"Big Fish","floor":10,"gold_loss":0,"cards_obtained":["Regret"]},{"damage_healed":0,"gold_gain":0,"player_choice":"Success","damage_taken":7,"relics_obtained":["Bronze Scales"],"max_hp_gain":0,"max_hp_loss":0,"event_name":"Scrap Ooze","floor":12,"gold_loss":0},{"damage_healed":0,"gold_gain":75,"player_choice":"Gather Gold","damage_taken":11,"max_hp_gain":0,"max_hp_loss":0,"event_name":"World of Goop","floor":13,"gold_loss":0},{"damage_healed":0,"gold_gain":0,"player_choice":"Inject Mutagens","damage_taken":0,"relics_obtained":["MutagenicStrength"],"max_hp_gain":0,"max_hp_loss":0,"event_name":"Drug Dealer","floor":22,"gold_loss":0},{"damage_healed":0,"gold_gain":0,"player_choice":"Joined the Cult","damage_taken":6,"max_hp_gain":0,"max_hp_loss":0,"event_name":"Nest","floor":31,"gold_loss":0,"cards_obtained":["RitualDagger"]},{"cards_removed":["Battle Trance"],"damage_healed":0,"gold_gain":0,"player_choice":"Purged","damage_taken":0,"max_hp_gain":0,"max_hp_loss":0,"event_name":"Purifier","floor":37,"gold_loss":0},{"damage_healed":0,"gold_gain":0,"player_choice":"Fight","damage_taken":0,"max_hp_gain":0,"max_hp_loss":0,"event_name":"Mysterious Sphere","floor":46,"gold_loss":0},{"damage_healed":0,"gold_gain":0,"player_choice":"Fight","damage_taken":0,"max_hp_gain":0,"max_hp_loss":0,"event_name":"MindBloom","floor":48,"gold_loss":0}],"is_beta":false,"boss_relics":[{"not_picked":["Astrolabe","Snecko Eye"],"picked":"Runic Pyramid"},{"not_picked":["Runic Dome","Fusion Hammer"],"picked":"White Beast Statue"}],"items_purged_floors":[11,39],"is_endless":false,"potions_floor_spawned":[1,3,4,6,23,25,29,33,35,36,38,41,44,45,46,47,48],"ascension_level":0}