{"gold_per_floor":[116,116,128,53,67,97,109,109,109,109,30,30,61,75,75,152,152,168,93,111,129,129],"floor_reached":22,"playtime":1329,"items_purged":[],"score":392,"play_id":"e6a971b1-c9da-4281-8788-ed15877c4590","local_time":"20190511143054","is_ascension_mode":true,"campfire_choices":[{"floor":10,"key":"REST"},{"floor":12,"key":"REST"},{"floor":15,"key":"REST"}],"neow_cost":"PERCENT_DAMAGE","seed_source_timestamp":11973318567269,"circlet_count":0,"master_deck":["AscendersBane","Defend_B","Defend_B","Zap","Dualcast","Ball Lightning","Cold Snap","Cold Snap","Glacier","Auto Shields","Loop+1","Chill","Echo Form+1"],"relics":["Cracked Core","Bird Faced Urn","Frozen Egg 2","Matryoshka","Inserter"],"potions_floor_usage":[6,13,16,22],"damage_taken":[{"damage":2,"enemies":"Jaw Worm","floor":1,"turns":4},{"damage":1,"enemies":"Cultist","floor":3,"turns":3},{"damage":0,"enemies":"2 Louse","floor":5,"turns":1},{"damage":14,"enemies":"Lagavulin","floor":6,"turns":6},{"damage":8,"enemies":"Exordium Wildlife","floor":7,"turns":5},{"damage":31,"enemies":"Gremlin Nob","floor":13,"turns":5},{"damage":0,"enemies":"Looter","floor":14,"turns":4},{"damage":38,"enemies":"The Guardian","floor":16,"turns":15},{"damage":19,"enemies":"Chosen","floor":18,"turns":7},{"damage":9,"enemies":"3 Byrds","floor":20,"turns":8},{"damage":25,"enemies":"Shelled Parasite and Fungi","floor":21,"turns":9},{"damage":26,"enemies":"Cultist and Chosen","floor":22,"turns":5}],"seed_played":"7438692752480529536","potions_obtained":[{"floor":3,"key":"Strength Potion"},{"floor":7,"key":"AttackPotion"},{"floor":13,"key":"Poison Potion"},{"floor":21,"key":"Weak Potion"}],"is_trial":false,"path_per_floor":["M","?","M","?","M","E","M","?","T","R","$","R","E","M","R","B",null,"M","?","M","M","M"],"character_chosen":"DEFECT","items_purchased":["Loop+1"],"campfire_rested":3,"item_purchase_floors":[11],"current_hp_per_floor":[44,44,43,43,43,29,21,14,14,35,35,56,27,27,48,12,56,41,41,34,13,0],"gold":129,"neow_bonus":"REMOVE_TWO","is_prod":false,"is_daily":false,"chose_seed":false,"campfire_upgraded":0,"win_rate":0,"timestamp":1557574254,"path_taken":["M","?","?","?","M","E","M","?","T","R","$","R","E","M","R","BOSS","M","?","M","M","M"],"build_version":"2019-01-23","purchased_purges":0,"victory":false,"max_hp_per_floor":[71,71,71,71,71,71,71,71,71,71,71,71,71,71,71,71,71,71,71,71,71,71],"card_choices":[{"not_picked":["Leap","Stack"],"picked":"Ball Lightning","floor":1},{"not_picked":["Coolheaded","Turbo"],"picked":"Cold Snap","floor":3},{"not_picked":["Conserve Battery","Stack"],"picked":"Cold Snap","floor":5},{"not_picked":["Beam Cell","Turbo"],"picked":"Glacier","floor":6},{"not_picked":["Genetic Algorithm","Rip and Tear"],"picked":"Auto Shields","floor":7},{"not_picked":["Compile Driver","Go for the Eyes"],"picked":"Chill","floor":13},{"not_picked":["Compile Driver","Steam Power","Barrage"],"picked":"SKIP","floor":14},{"not_picked":["Rainbow","Hyperbeam"],"picked":"Echo Form+1","floor":16},{"not_picked":["Reprogram+1","Steam Power+1","Streamline"],"picked":"SKIP","floor":18},{"not_picked":["Rebound","Redo","Storm+1"],"picked":"SKIP","floor":20},{"not_picked":["Stack","Leap+1","Reinforced Body"],"picked":"SKIP","floor":21}],"player_experience":1109047,"relics_obtained":[{"floor":6,"key":"Bird Faced Urn"},{"floor":9,"key":"Frozen Egg 2"},{"floor":13,"key":"Matryoshka"}],"event_choices":[{"cards_removed":["Strike_B"],"damage_healed":0,"gold_gain":0,"player_choice":"Purged","damage_taken":0,"max_hp_gain":0,"max_hp_loss":0,"event_name":"Purifier","floor":2,"gold_loss":0},{"cards_removed":["Strike_B"],"damage_healed":0,"gold_gain":0,"player_choice":"Card Removal","damage_taken":0,"max_hp_gain":0,"max_hp_loss":0,"event_name":"The Cleric","floor":4,"gold_loss":75},{"cards_removed":["Defend_B"],"damage_healed":0,"gold_gain":0,"player_choice":"Card Removal","damage_taken":7,"max_hp_gain":0,"max_hp_loss":0,"event_name":"Golden Wing","floor":8,"gold_loss":0},{"cards_removed":["Defend_B"],"damage_healed":0,"gold_gain":0,"player_choice":"Gave Gold","damage_taken":0,"max_hp_gain":0,"max_hp_loss":0,"event_name":"Beggar","floor":19,"gold_loss":75}],"is_beta":false,"boss_relics":[{"not_picked":["Cursed Key","Busted Crown"],"picked":"Inserter"}],"items_purged_floors":[],"is_endless":false,"potions_floor_spawned":[3,7,13,21],"killed_by":"Cultist and Chosen","ascension_level":20}