{"gold_per_floor":[113,132,151,162,142,142,158,158,158,158,169,188,203,221,221,294,294,314,332,332],"floor_reached":20,"playtime":1504,"items_purged":[],"score":335,"play_id":"347a3972-6f16-4676-a7ce-54c7e7ec70b5","local_time":"20190223053922","is_ascension_mode":true,"campfire_choices":[{"floor":6,"key":"REST"},{"data":"Cloak And Dagger","floor":8,"key":"SMITH"},{"data":"Well Laid Plans","floor":10,"key":"SMITH"},{"data":"Venomology","floor":15,"key":"SMITH"}],"neow_cost":"NONE","seed_source_timestamp":92255002980926,"circlet_count":0,"master_deck":["AscendersBane","Defend_G","Defend_G","Defend_G","Defend_G","Defend_G","Strike_G","Strike_G","Strike_G","Survivor","Neutralize","Venomology+1","Backstab","Leg Sweep","Cloak And Dagger+1","Well Laid Plans+1","Corpse Explosion","Outmaneuver","Backflip","After Image","Dagger Throw"],"relics":["Ring of the Snake","Letter Opener","Empty Cage"],"potions_floor_usage":[1,2,4,4,11,11,11,13,14,16,18,18,19,19],"damage_taken":[{"damage":1,"enemies":"Cultist","floor":1,"turns":4},{"damage":2,"enemies":"Small Slimes","floor":2,"turns":3},{"damage":7,"enemies":"2 Louse","floor":3,"turns":3},{"damage":30,"enemies":"Exordium Wildlife","floor":4,"turns":4},{"damage":6,"enemies":"2 Fungi Beasts","floor":7,"turns":4},{"damage":0,"enemies":"Gremlin Gang","floor":11,"turns":3},{"damage":2,"enemies":"Blue Slaver","floor":12,"turns":4},{"damage":0,"enemies":"3 Louse","floor":13,"turns":1},{"damage":1,"enemies":"Looter","floor":14,"turns":4},{"damage":20,"enemies":"The Guardian","floor":16,"turns":10},{"damage":4,"enemies":"Shell Parasite","floor":18,"turns":10},{"damage":8,"enemies":"2 Thieves","floor":19,"turns":2},{"damage":52,"enemies":"Centurion and Healer","floor":20,"turns":7}],"seed_played":"1814775240549173655","potions_obtained":[{"floor":3,"key":"PowerPotion"},{"floor":5,"key":"Regen Potion"},{"floor":12,"key":"AttackPotion"},{"floor":14,"key":"SkillPotion"},{"floor":18,"key":"GhostInAJar"}],"is_trial":false,"path_per_floor":["M","M","M","M","?","R","M","R","T","R","M","M","M","M","R","B",null,"M","M","M"],"character_chosen":"THE_SILENT","items_purchased":[],"campfire_rested":1,"item_purchase_floors":[],"current_hp_per_floor":[58,56,49,19,19,38,32,32,32,32,41,39,39,38,38,18,54,50,42,0],"gold":332,"neow_bonus":"ONE_RANDOM_RARE_CARD","is_prod":false,"is_daily":false,"chose_seed":false,"campfire_upgraded":3,"win_rate":0,"timestamp":1550889562,"path_taken":["M","?","M","M","?","R","M","R","T","R","M","M","?","M","R","BOSS","M","M","M"],"build_version":"2019-01-23","purchased_purges":0,"victory":false,"max_hp_per_floor":[66,66,66,66,66,66,66,66,66,66,66,66,66,66,66,66,66,66,66,66],"card_choices":[{"not_picked":["Sucker Punch","Tactician"],"picked":"Backstab","floor":1},{"not_picked":["Acrobatics","Dodge and Roll","Masterful Stab"],"picked":"SKIP","floor":2},{"not_picked":["Predator","Concentrate"],"picked":"Leg Sweep","floor":3},{"not_picked":["Dagger Throw","Quick Slash"],"picked":"Cloak And Dagger","floor":4},{"not_picked":["Underhanded Strike","Dash"],"picked":"Well Laid Plans","floor":7},{"not_picked":["Poisoned Stab","Dagger Spray"],"picked":"Corpse Explosion","floor":11},{"not_picked":["Calculated Gamble","Distraction"],"picked":"Outmaneuver","floor":12},{"not_picked":["Tactician","Dodge and Roll","Caltrops"],"picked":"SKIP","floor":13},{"not_picked":["Choke","Quick Slash"],"picked":"Backflip","floor":14},{"not_picked":["Tools of the Trade","Bullet Time"],"picked":"After Image","floor":16},{"not_picked":["Backflip","Flying Knee"],"picked":"Dagger Throw","floor":18},{"not_picked":["Deadly Poison","Dagger Throw","Slice"],"picked":"SKIP","floor":19}],"player_experience":983589,"relics_obtained":[{"floor":9,"key":"Letter Opener"}],"event_choices":[{"damage_healed":0,"gold_gain":0,"player_choice":"Bought 1 Potion","damage_taken":0,"max_hp_gain":0,"max_hp_loss":0,"event_name":"The Woman in Blue","floor":5,"gold_loss":0}],"is_beta":false,"boss_relics":[{"not_picked":["White Beast Statue","Ectoplasm"],"picked":"Empty Cage"}],"items_purged_floors":[],"is_endless":false,"potions_floor_spawned":[3,7,12,14,18],"killed_by":"Centurion and Healer","ascension_level":19}