{"gold_per_floor":[110,128,29,104,4,33,33,65,89,122,138,152,152,168,168,271,271,282,302,401,51,51,70,70,97,97,109,109,122,122,122,122,225,225,241,255,255,105,205,234,234,250,250,305,330,330,24,38,38,38],"floor_reached":51,"playtime":10350,"items_purged":["Strike_B","Defend_B","Defend_B","Strike_B"],"score":718,"play_id":"f3883c11-3ed6-478e-b2e4-2614a4ae5519","local_time":"20190608174724","is_ascension_mode":false,"campfire_choices":[{"data":"Rainbow","floor":7,"key":"SMITH"},{"data":"Defragment","floor":13,"key":"SMITH"},{"floor":15,"key":"REST"},{"data":"Storm","floor":28,"key":"SMITH"},{"data":"Static Discharge","floor":30,"key":"SMITH"},{"floor":32,"key":"REST"},{"data":"Seek","floor":41,"key":"SMITH"},{"data":"Capacitor","floor":49,"key":"SMITH"}],"neow_cost":"NONE","seed_source_timestamp":2347578794886588,"circlet_count":0,"master_deck":["Strike_B","Strike_B","Defend_B","Defend_B","Zap","Dualcast","Storm+1","Beam Cell","Rainbow+1","Defragment+1","Glacier","Redo","Auto Shields","Conserve Battery","Amplify","Redo+1","Static Discharge+1","Self Repair","Go for the Eyes+1","Shame","Skim","Electrodynamics","Capacitor+1","Seek+1","Cold Snap+1","Tempest","Heatsinks+1","Leap+1","Barrage+1","Aggregate+1","Redo","Seek"],"relics":["Cracked Core","NeowsBlessing","Bag of Preparation","Meat on the Bone","Anchor","Pen Nib","Nuclear Battery","Lantern","Orichalcum","Letter Opener","Mummified Hand","Velvet Choker","Thread and Needle","Ice Cream","Kunai","Bird Faced Urn","Oddly Smooth Stone","Bottled Tornado"],"potions_floor_usage":[7,36,40,40,40,50,50,50],"damage_taken":[{"damage":0,"enemies":"Jaw Worm","floor":1,"turns":1},{"damage":0,"enemies":"Small Slimes","floor":2,"turns":1},{"damage":0,"enemies":"Gremlin Nob","floor":6,"turns":1},{"damage":17,"enemies":"Lagavulin","floor":8,"turns":5},{"damage":19,"enemies":"3 Sentries","floor":10,"turns":5},{"damage":0,"enemies":"2 Louse","floor":11,"turns":2},{"damage":0,"enemies":"Exordium Wildlife","floor":12,"turns":3},{"damage":3,"enemies":"Exordium Thugs","floor":14,"turns":4},{"damage":7,"enemies":"The Guardian","floor":16,"turns":9},{"damage":0,"enemies":"Shell Parasite","floor":18,"turns":5},{"damage":0,"enemies":"Spheric Guardian","floor":19,"turns":3},{"damage":33,"enemies":"Cultist and Chosen","floor":23,"turns":5},{"damage":14,"enemies":"Book of Stabbing","floor":25,"turns":4},{"damage":1,"enemies":"3 Cultists","floor":27,"turns":4},{"damage":12,"enemies":"Snake Plant","floor":29,"turns":3},{"damage":20,"enemies":"Collector","floor":33,"turns":5},{"damage":6,"enemies":"3 Shapes","floor":35,"turns":2},{"damage":0,"enemies":"3 Darklings","floor":36,"turns":2},{"damage":19,"enemies":"Mind Bloom Boss Battle","floor":39,"turns":5},{"damage":26,"enemies":"Nemesis","floor":40,"turns":5},{"damage":0,"enemies":"Sphere and 2 Shapes","floor":42,"turns":3},{"damage":9,"enemies":"2 Orb Walkers","floor":44,"turns":3},{"damage":10,"enemies":"Giant Head","floor":45,"turns":7},{"damage":0,"enemies":"Transient","floor":48,"turns":5},{"damage":43,"enemies":"Time Eater","floor":50,"turns":8}],"seed_played":"-8813265643190179314","potions_obtained":[{"floor":1,"key":"Fruit Juice"},{"floor":8,"key":"SpeedPotion"},{"floor":14,"key":"Strength Potion"},{"floor":18,"key":"LiquidBronze"},{"floor":25,"key":"EntropicBrew"},{"floor":29,"key":"FocusPotion"},{"floor":36,"key":"Poison Potion"},{"floor":39,"key":"Regen Potion"},{"floor":48,"key":"EssenceOfSteel"}],"is_trial":false,"path_per_floor":["M","M","$","?","$","E","R","E","T","E","M","M","R","M","R","B",null,"M","M","?","$","?","M","?","E","T","M","R","M","R","?","R","B",null,"M","M","?","$","?","E","R","M","T","?","E","?","$","M","R","B",null],"character_chosen":"DEFECT","items_purchased":["Ball Lightning","Self Repair","Lantern","Bottled Tornado","Redo"],"campfire_rested":2,"item_purchase_floors":[3,21,21,47,47],"current_hp_per_floor":[75,75,75,64,64,64,69,52,52,45,45,45,45,42,66,59,80,80,80,80,80,80,54,54,59,59,65,65,60,60,60,80,67,80,74,80,80,80,68,61,61,61,61,59,72,72,72,76,76,46],"gold":38,"neow_bonus":"THREE_ENEMY_KILL","is_prod":false,"is_daily":false,"chose_seed":false,"campfire_upgraded":6,"win_rate":0.0,"timestamp":1560041244,"path_taken":["M","M","$","?","$","E","R","E","T","E","M","M","R","M","R","BOSS","M","M","?","$","?","M","?","E","T","M","R","M","R","?","R","BOSS","M","M","?","?","?","E","R","M","T","?","E","?","?","M","R","BOSS"],"build_version":"2019-01-23","purchased_purges":4,"victory":true,"max_hp_per_floor":[75,75,75,75,75,75,80,80,80,80,80,80,80,80,80,80,80,80,80,80,80,80,80,80,80,80,80,80,80,80,80,80,80,80,80,80,80,80,80,80,80,80,80,80,80,76,76,76,76,76],"card_choices":[{"not_picked":["FTL","Gash"],"picked":"Storm","floor":1},{"not_picked":["Hologram","Steam"],"picked":"Beam Cell","floor":2},{"not_picked":["Hologram","Streamline"],"picked":"Rainbow","floor":6},{"not_picked":["Coolheaded","Barrage"],"picked":"Defragment","floor":8},{"not_picked":["Cold Snap","Barrage"],"picked":"Glacier","floor":10},{"not_picked":["Reinforced Body","Reprogram"],"picked":"Redo","floor":11},{"not_picked":["Coolheaded","Beam Cell"],"picked":"Auto Shields","floor":12},{"not_picked":["Steam Power","Melter"],"picked":"Conserve Battery","floor":14},{"not_picked":["Thunder Strike","Reboot"],"picked":"Amplify","floor":16},{"not_picked":["Beam Cell","Barrage"],"picked":"Redo+1","floor":18},{"not_picked":["Hologram","Go for the Eyes"],"picked":"Static Discharge","floor":19},{"not_picked":["Barrage","Rip and Tear+1"],"picked":"Go for the Eyes+1","floor":23},{"not_picked":["Stack","Aggregate+1"],"picked":"Skim","floor":25},{"not_picked":["Steam+1","Ball Lightning","Cold Snap"],"picked":"SKIP","floor":27},{"not_picked":["Streamline","Blizzard"],"picked":"Electrodynamics","floor":29},{"not_picked":["Electrodynamics","Reboot"],"picked":"Seek","floor":33},{"not_picked":["Sweeping Beam+1","Scrape+1"],"picked":"Cold Snap+1","floor":35},{"not_picked":["Sweeping Beam+1","Gash","Fission"],"picked":"SKIP","floor":36},{"not_picked":["Capacitor","Cold Snap"],"picked":"Tempest","floor":39},{"not_picked":["Cold Snap+1","Hologram+1"],"picked":"Heatsinks+1","floor":40},{"not_picked":["Gash","Hologram+1"],"picked":"Leap+1","floor":42},{"not_picked":["Streamline+1","Gash"],"picked":"Barrage+1","floor":44},{"not_picked":["Doom and Gloom+1","Steam Power+1"],"picked":"Aggregate+1","floor":45},{"not_picked":["Barrage","Beam Cell"],"picked":"Seek","floor":48}],"player_experience":32094,"relics_obtained":[{"floor":6,"key":"Bag of Preparation"},{"floor":8,"key":"Meat on the Bone"},{"floor":9,"key":"Anchor"},{"floor":10,"key":"Pen Nib"},{"floor":25,"key":"Letter Opener"},{"floor":26,"key":"Mummified Hand"},{"floor":39,"key":"Thread and Needle"},{"floor":40,"key":"Ice Cream"},{"floor":43,"key":"Kunai"},{"floor":44,"key":"Bird Faced Urn"},{"floor":45,"key":"Oddly Smooth Stone"}],"event_choices":[{"damage_healed":0,"gold_gain":75,"player_choice":"Gather Gold","damage_taken":11,"max_hp_gain":0,"max_hp_loss":0,"event_name":"World of Goop","floor":4,"gold_loss":0},{"damage_healed":0,"gold_gain":99,"player_choice":"Stole From Cult","damage_taken":0,"max_hp_gain":0,"max_hp_loss":0,"event_name":"Nest","floor":20,"gold_loss":0},{"damage_healed":0,"gold_gain":0,"player_choice":"Ignored","damage_taken":0,"max_hp_gain":0,"max_hp_loss":0,"event_name":"Beggar","floor":22,"gold_loss":0},{"damage_healed":0,"gold_gain":0,"player_choice":"Stole Relic","damage_taken":0,"relics_obtained":["Orichalcum"],"max_hp_gain":0,"max_hp_loss":0,"event_name":"Addict","floor":24,"gold_loss":0,"cards_obtained":["Shame"]},{"damage_healed":0,"gold_gain":0,"player_choice":"Read","damage_taken":0,"max_hp_gain":0,"max_hp_loss":0,"event_name":"The Library","floor":31,"gold_loss":0,"cards_obtained":["Capacitor"]},{"cards_removed":["Ball Lightning"],"damage_healed":0,"gold_gain":0,"player_choice":"Removed Attack","damage_taken":0,"max_hp_gain":0,"max_hp_loss":0,"event_name":"Falling","floor":37,"gold_loss":0},{"damage_healed":0,"gold_gain":0,"player_choice":"Fight","damage_taken":0,"max_hp_gain":0,"max_hp_loss":0,"event_name":"MindBloom","floor":39,"gold_loss":0},{"damage_healed":0,"gold_gain":0,"player_choice":"Fight","damage_taken":0,"max_hp_gain":0,"max_hp_loss":0,"event_name":"Mysterious Sphere","floor":44,"gold_loss":0},{"damage_healed":0,"gold_gain":0,"player_choice":"Max HP","damage_taken":0,"max_hp_gain":0,"max_hp_loss":4,"event_name":"Winding Halls","floor":46,"gold_loss":0}],"is_beta":false,"boss_relics":[{"not_picked":["Calling Bell","Coffee Dripper"],"picked":"Nuclear Battery"},{"not_picked":["Cursed Key","Eternal Feather"],"picked":"Velvet Choker"}],"items_purged_floors":[3,5,21,38],"is_endless":false,"potions_floor_spawned":[1,8,14,18,25,27,29,35,36,39,48],"ascension_level":0}