{"gold_per_floor":[110,128,145,25,25,60,73,105,105,119,146,164,191,55,55,155,155,165,165,165,40,40,73,73,103,128,158,171,271,271],"floor_reached":30,"playtime":1561,"items_purged":["Strike_B","Strike_B","Strike_B"],"score":358,"play_id":"a6e46c26-4826-4f1a-a58e-eb6f6a730c6b","local_time":"20190505225656","is_ascension_mode":true,"campfire_choices":[{"floor":15,"key":"REST"},{"floor":24,"key":"REST"}],"neow_cost":"NONE","seed_source_timestamp":1500084980156000,"circlet_count":0,"master_deck":["Strike_B","Defend_B","Defend_B","Defend_B","Defend_B","Zap","Dualcast","Doom and Gloom","Beam Cell","Ball Lightning","Go for the Eyes","Glacier","Conserve Battery","Capacitor","Machine Learning","Defragment","Ball Lightning","Hello World","Biased Cognition","Go for the Eyes+1","Consume","Compile Driver","Consume+1","Redo+1"],"relics":["Cracked Core","Happy Flower","Pantograph","Letter Opener","Mummified Hand","Singing Bowl","Peace Pipe","Runic Pyramid","Anchor","PreservedInsect","Blood Vial","Turnip","Frozen Egg 2"],"potions_floor_usage":[8,12,12,16,23,23,28,30],"damage_taken":[{"damage":2,"enemies":"2 Louse","floor":1,"turns":3},{"damage":1,"enemies":"Cultist","floor":2,"turns":3},{"damage":0,"enemies":"Small Slimes","floor":3,"turns":2},{"damage":13,"enemies":"3 Sentries","floor":6,"turns":4},{"damage":5,"enemies":"Looter","floor":7,"turns":2},{"damage":10,"enemies":"Gremlin Nob","floor":8,"turns":4},{"damage":7,"enemies":"Blue Slaver","floor":10,"turns":3},{"damage":8,"enemies":"Lagavulin","floor":11,"turns":8},{"damage":0,"enemies":"2 Fungi Beasts","floor":12,"turns":1},{"damage":10,"enemies":"3 Sentries","floor":13,"turns":5},{"damage":21,"enemies":"The Guardian","floor":16,"turns":8},{"damage":0,"enemies":"Chosen","floor":18,"turns":3},{"damage":26,"enemies":"Gremlin Leader","floor":23,"turns":9},{"damage":10,"enemies":"Book of Stabbing","floor":25,"turns":5},{"damage":0,"enemies":"Gremlin Leader","floor":27,"turns":5},{"damage":8,"enemies":"Shell Parasite","floor":28,"turns":4},{"damage":20,"enemies":"Colosseum Slavers","floor":29,"turns":3},{"damage":11,"enemies":"Colosseum Nobs","floor":29,"turns":3},{"damage":24,"enemies":"Slavers","floor":30,"turns":2}],"seed_played":"-6178732458427555645","potions_obtained":[{"floor":1,"key":"GamblersBrew"},{"floor":3,"key":"Swift Potion"},{"floor":8,"key":"Explosive Potion"},{"floor":12,"key":"Poison Potion"},{"floor":16,"key":"Weak Potion"},{"floor":18,"key":"Energy Potion"},{"floor":27,"key":"AttackPotion"},{"floor":29,"key":"Poison Potion"}],"is_trial":false,"path_per_floor":["M","M","M","$","?","E","M","E","T","M","E","M","E","$","R","B",null,"M","?","?","$","?","E","R","E","T","E","M","?","E"],"character_chosen":"DEFECT","items_purchased":["Ball Lightning","Hello World"],"campfire_rested":2,"item_purchase_floors":[4,14],"current_hp_per_floor":[73,72,72,72,75,62,57,47,47,40,32,32,22,22,44,48,75,75,75,75,75,61,35,59,51,51,51,45,20,0],"gold":271,"neow_bonus":"RANDOM_COMMON_RELIC","is_prod":false,"is_daily":false,"chose_seed":false,"campfire_upgraded":0,"win_rate":0,"timestamp":1557115016,"path_taken":["M","M","M","$","?","E","?","E","T","M","E","M","E","$","R","BOSS","M","?","?","$","?","E","R","E","T","E","M","?","E"],"build_version":"2019-01-23","purchased_purges":3,"victory":false,"max_hp_per_floor":[75,75,75,75,75,75,75,75,75,75,75,75,75,75,75,75,75,75,75,75,75,80,80,80,82,82,82,82,84,84],"card_choices":[{"not_picked":["Cold Snap","Compile Driver"],"picked":"Doom and Gloom","floor":1},{"not_picked":["Chaos","Steam Power"],"picked":"Hello World","floor":2},{"not_picked":["Conserve Battery","Streamline"],"picked":"Beam Cell","floor":3},{"not_picked":["Glacier","Streamline"],"picked":"Go for the Eyes","floor":6},{"not_picked":["Skim","Blizzard"],"picked":"Glacier","floor":7},{"not_picked":["Barrage","Rebound"],"picked":"Conserve Battery","floor":8},{"not_picked":["Beam Cell","Turbo"],"picked":"Capacitor","floor":10},{"not_picked":["Double Energy","Rebound"],"picked":"Machine Learning","floor":11},{"not_picked":["Stack","Conserve Battery"],"picked":"Defragment","floor":12},{"not_picked":["Coolheaded","Blizzard"],"picked":"Ball Lightning","floor":13},{"not_picked":["Seek","Fission"],"picked":"Biased Cognition","floor":16},{"not_picked":["Gash","Barrage+1"],"picked":"Go for the Eyes+1","floor":18},{"not_picked":["Darkness","Force Field"],"picked":"Compile Driver","floor":23},{"not_picked":["Aggregate","Redo","Compile Driver"],"picked":"Singing Bowl","floor":25},{"not_picked":["Recycle","Fission"],"picked":"Consume+1","floor":27},{"not_picked":["Steam","Rebound"],"picked":"Redo+1","floor":28},{"not_picked":["Compile Driver+1","Reinforced Body","Tempest"],"picked":"Singing Bowl","floor":29}],"player_experience":124934,"relics_obtained":[{"floor":6,"key":"Pantograph"},{"floor":8,"key":"Letter Opener"},{"floor":9,"key":"Mummified Hand"},{"floor":11,"key":"Singing Bowl"},{"floor":13,"key":"Peace Pipe"},{"floor":23,"key":"Anchor"},{"floor":25,"key":"PreservedInsect"},{"floor":27,"key":"Blood Vial"},{"floor":29,"key":"Turnip"},{"floor":29,"key":"Frozen Egg 2"}],"event_choices":[{"cards_removed":["Hello World"],"damage_healed":3,"gold_gain":0,"player_choice":"Offered Uncommon","damage_taken":0,"max_hp_gain":0,"max_hp_loss":0,"event_name":"Bonfire Elementals","floor":5,"gold_loss":0},{"damage_healed":0,"gold_gain":0,"player_choice":"Read","damage_taken":0,"max_hp_gain":0,"max_hp_loss":0,"event_name":"The Library","floor":19,"gold_loss":0,"cards_obtained":["Consume"]},{"damage_healed":0,"gold_gain":0,"player_choice":"Ignored","damage_taken":0,"max_hp_gain":0,"max_hp_loss":0,"event_name":"The Mausoleum","floor":20,"gold_loss":0},{"damage_healed":0,"gold_gain":0,"player_choice":"Shed Blood","damage_taken":19,"max_hp_gain":5,"max_hp_loss":0,"event_name":"Forgotten Altar","floor":22,"gold_loss":0},{"damage_healed":0,"gold_gain":0,"player_choice":"Fight","damage_taken":0,"max_hp_gain":0,"max_hp_loss":0,"event_name":"Colosseum","floor":29,"gold_loss":0},{"damage_healed":0,"gold_gain":0,"player_choice":"Fought Nobs","damage_taken":0,"max_hp_gain":0,"max_hp_loss":0,"event_name":"Colosseum","floor":29,"gold_loss":0}],"is_beta":false,"boss_relics":[{"not_picked":["Runic Dome","Eternal Feather"],"picked":"Runic Pyramid"}],"items_purged_floors":[4,14,21],"is_endless":false,"potions_floor_spawned":[1,3,8,12,16,18,27,29,29],"killed_by":"Slavers","ascension_level":1}