{"gold_per_floor":[112,132,132,151,166,166,195,195,195,229,229,240,240,240,240,336,336,349,364,364,384,384,384,411,411,411,439,349,349,349,369,369,470,470,484,496,269,269,19,19,44,44,44,75,75,75,75,95,95,95],"floor_reached":50,"playtime":1685,"items_purged":["Strike_B","Strike_B"],"score":654,"play_id":"942db8fa-ee32-4e25-8d75-d61d4f0139ff","local_time":"20190513001517","is_ascension_mode":true,"campfire_choices":[{"data":"Sunder","floor":6,"key":"SMITH"},{"data":"Seek","floor":8,"key":"SMITH"},{"data":"Electrodynamics","floor":11,"key":"SMITH"},{"data":"Zap","floor":13,"key":"SMITH"},{"data":"Glacier","floor":15,"key":"SMITH"},{"data":"Defragment","floor":23,"key":"SMITH"},{"data":"Electrodynamics","floor":25,"key":"SMITH"},{"floor":30,"key":"REST"},{"data":"Double Energy","floor":32,"key":"SMITH"},{"floor":40,"key":"RECALL"},{"data":"Consume","floor":42,"key":"SMITH"},{"data":"Ball Lightning","floor":46,"key":"SMITH"},{"data":"Defend_B","floor":49,"key":"SMITH"}],"neow_cost":"NONE","seed_source_timestamp":191896850474900,"circlet_count":0,"master_deck":["Defend_B","Defend_B","Defend_B","Defend_B+1","Zap+1","Dualcast","Ball Lightning","Ball Lightning+1","Sunder+1","Consume+1","Glacier+1","Seek+1","Electrodynamics+1","Defragment+1","Electrodynamics+1","Double Energy+1","Tempest+1","Ball Lightning+1","Doom and Gloom","Undo+1","Rainbow","Self Repair+1","Reinforced Body+1","Panacea","Defragment+1","Auto Shields+1"],"relics":["Cracked Core","Bag of Marbles","DataDisk","Ornamental Fan","Regal Pillow","Velvet Choker","Oddly Smooth Stone","Ice Cream","Juzu Bracelet","Coffee Dripper","Vajra","Lantern","Meat on the Bone","Happy Flower"],"potions_floor_usage":[7,7,10,27,31,44,50],"damage_taken":[{"damage":2,"enemies":"Jaw Worm","floor":1,"turns":3},{"damage":1,"enemies":"2 Louse","floor":2,"turns":2},{"damage":0,"enemies":"Cultist","floor":4,"turns":2},{"damage":0,"enemies":"3 Louse","floor":5,"turns":2},{"damage":0,"enemies":"3 Sentries","floor":7,"turns":4},{"damage":17,"enemies":"Lagavulin","floor":10,"turns":3},{"damage":0,"enemies":"2 Fungi Beasts","floor":12,"turns":1},{"damage":13,"enemies":"The Guardian","floor":16,"turns":8},{"damage":0,"enemies":"3 Byrds","floor":18,"turns":1},{"damage":17,"enemies":"2 Thieves","floor":19,"turns":2},{"damage":2,"enemies":"Snecko","floor":21,"turns":4},{"damage":21,"enemies":"Book of Stabbing","floor":24,"turns":4},{"damage":17,"enemies":"Slavers","floor":27,"turns":2},{"damage":12,"enemies":"Chosen and Byrds","floor":31,"turns":3},{"damage":26,"enemies":"Champ","floor":33,"turns":8},{"damage":11,"enemies":"Orb Walker","floor":35,"turns":2},{"damage":9,"enemies":"3 Shapes","floor":36,"turns":3},{"damage":7,"enemies":"Reptomancer","floor":41,"turns":3},{"damage":48,"enemies":"Giant Head","floor":44,"turns":10},{"damage":26,"enemies":"Jaw Worm Horde","floor":48,"turns":2},{"damage":45,"enemies":"Awakened One","floor":50,"turns":7}],"seed_played":"-8300562463268010569","potions_obtained":[{"floor":1,"key":"Energy Potion"},{"floor":2,"key":"Ancient Potion"},{"floor":4,"key":"PowerPotion"},{"floor":7,"key":"SkillPotion"},{"floor":18,"key":"Weak Potion"},{"floor":27,"key":"Fire Potion"},{"floor":33,"key":"Dexterity Potion"},{"floor":48,"key":"SteroidPotion"}],"is_trial":false,"path_per_floor":["M","M","?","M","M","R","E","R","T","E","R","M","R","?","R","B",null,"M","M","?","M","?","R","E","R","T","E","?","?","R","M","R","B",null,"M","M","$","?","$","R","E","R","T","E","?","R","?","M","R","B"],"character_chosen":"DEFECT","items_purchased":["Vajra","Lantern"],"campfire_rested":1,"item_purchase_floors":[37,39],"current_hp_per_floor":[73,72,77,77,77,77,77,77,77,60,60,60,60,48,48,35,80,80,63,63,61,61,61,40,40,40,23,23,23,62,50,50,24,80,69,70,70,70,70,70,73,73,73,47,47,47,47,43,43,0],"gold":95,"neow_bonus":"TRANSFORM_CARD","is_prod":false,"is_daily":false,"chose_seed":false,"campfire_upgraded":11,"win_rate":0,"timestamp":1557724517,"path_taken":["M","M","?","M","M","R","E","R","T","E","R","M","R","?","R","BOSS","M","M","?","?","?","R","E","R","T","E","?","?","R","M","R","BOSS","M","M","$","?","$","R","E","R","T","E","?","R","?","M","R","BOSS"],"build_version":"2019-01-23","purchased_purges":2,"victory":false,"max_hp_per_floor":[75,75,80,80,80,80,80,80,80,80,80,80,80,80,80,80,80,80,80,80,80,80,80,80,80,80,80,80,80,80,80,80,80,80,80,80,80,80,80,80,80,80,80,80,80,80,76,76,76,76],"card_choices":[{"not_picked":["Heatsinks","Stack"],"picked":"Ball Lightning","floor":1},{"not_picked":["BootSequence","Sweeping Beam"],"picked":"Sunder","floor":2},{"not_picked":["Turbo","Ball Lightning"],"picked":"Consume","floor":4},{"not_picked":["Fusion","Barrage"],"picked":"Glacier","floor":5},{"not_picked":["Barrage","Rebound"],"picked":"Seek","floor":7},{"not_picked":["Barrage","All For One"],"picked":"Electrodynamics","floor":10},{"not_picked":["Scrape","Beam Cell"],"picked":"Defragment","floor":12},{"not_picked":["Rainbow","Multi-Cast"],"picked":"Electrodynamics","floor":16},{"not_picked":["Sweeping Beam","Go for the Eyes"],"picked":"Double Energy","floor":18},{"not_picked":["Consume","Heatsinks"],"picked":"Tempest","floor":19},{"not_picked":["Self Repair","Leap"],"picked":"Ball Lightning+1","floor":21},{"not_picked":["Redo","Sweeping Beam","Genetic Algorithm+1"],"picked":"SKIP","floor":24},{"not_picked":["Hologram","FTL"],"picked":"Doom and Gloom","floor":27},{"not_picked":["BootSequence","Blizzard"],"picked":"Undo+1","floor":31},{"not_picked":["Meteor Strike","Machine Learning"],"picked":"Rainbow","floor":33},{"not_picked":["Steam Power","Turbo+1"],"picked":"Self Repair+1","floor":35},{"not_picked":["Double Energy","Sweeping Beam"],"picked":"Reinforced Body+1","floor":36},{"not_picked":["Deep Breath","Apotheosis"],"picked":"Panacea","floor":38},{"not_picked":["Gash+1","BootSequence+1","Meteor Strike"],"picked":"SKIP","floor":41},{"not_picked":["BootSequence","Blizzard+1","Compile Driver"],"picked":"SKIP","floor":44},{"not_picked":["Reprogram+1","Go for the Eyes"],"picked":"Auto Shields+1","floor":48}],"player_experience":173099,"relics_obtained":[{"floor":7,"key":"Bag of Marbles"},{"floor":9,"key":"DataDisk"},{"floor":10,"key":"Ornamental Fan"},{"floor":24,"key":"Oddly Smooth Stone"},{"floor":26,"key":"Ice Cream"},{"floor":27,"key":"Juzu Bracelet"},{"floor":41,"key":"Meat on the Bone"},{"floor":44,"key":"Happy Flower"}],"event_choices":[{"damage_healed":0,"gold_gain":0,"player_choice":"Donut","damage_taken":0,"max_hp_gain":5,"max_hp_loss":0,"event_name":"Big Fish","floor":3,"gold_loss":0},{"damage_healed":0,"gold_gain":0,"player_choice":"Success","damage_taken":12,"relics_obtained":["Regal Pillow"],"max_hp_gain":0,"max_hp_loss":0,"event_name":"Scrap Ooze","floor":14,"gold_loss":0},{"damage_healed":0,"gold_gain":0,"player_choice":"Cursed","damage_taken":0,"max_hp_gain":0,"max_hp_loss":0,"event_name":"Wheel of Change","floor":20,"gold_loss":0,"cards_obtained":["Decay"]},{"damage_healed":0,"gold_gain":0,"player_choice":"Ignored","damage_taken":0,"max_hp_gain":0,"max_hp_loss":0,"event_name":"Ghosts","floor":22,"gold_loss":0},{"cards_removed":["Strike_B"],"damage_healed":0,"gold_gain":0,"player_choice":"Upgrade and Remove","damage_taken":0,"max_hp_gain":0,"max_hp_loss":0,"event_name":"Designer","floor":28,"gold_loss":90,"cards_upgraded":["Tempest"]},{"cards_removed":["Decay"],"damage_healed":0,"gold_gain":0,"player_choice":"Removed Curses","damage_taken":0,"max_hp_gain":0,"max_hp_loss":0,"event_name":"Fountain of Cleansing","floor":29,"gold_loss":0},{"damage_healed":0,"gold_gain":0,"player_choice":"Memory 1","damage_taken":0,"max_hp_gain":0,"max_hp_loss":0,"event_name":"SensoryStone","floor":38,"gold_loss":0},{"damage_healed":0,"gold_gain":0,"player_choice":"Copied","damage_taken":0,"max_hp_gain":0,"max_hp_loss":0,"event_name":"Duplicator","floor":45,"gold_loss":0,"cards_obtained":["Defragment"]},{"damage_healed":0,"gold_gain":0,"player_choice":"Max HP","damage_taken":0,"max_hp_gain":0,"max_hp_loss":4,"event_name":"Winding Halls","floor":47,"gold_loss":0}],"is_beta":false,"boss_relics":[{"not_picked":["Orrery","Fusion Hammer"],"picked":"Velvet Choker"},{"not_picked":["Lizard Tail","Eternal Feather"],"picked":"Coffee Dripper"}],"items_purged_floors":[37,39],"is_endless":false,"potions_floor_spawned":[1,2,4,7,18,27,33,48],"killed_by":"Awakened One","ascension_level":3}