{"gold_per_floor":[114,129,140,155,171,196,146,176,221,248,248,125,125,146,146,265,265,256,271,285,210,228,228],"floor_reached":23,"playtime":3842,"items_purged":["Strike_R"],"score":215,"play_id":"a428d6f3-eba9-452a-83be-5d6fa0d2315e","local_time":"20190609104148","is_ascension_mode":false,"campfire_choices":[{"data":"Armaments","floor":13,"key":"SMITH"},{"floor":15,"key":"REST"}],"neow_cost":"NONE","seed_source_timestamp":2415001864427961,"circlet_count":0,"master_deck":["Strike_R","Strike_R","Defend_R","Defend_R","Defend_R","Defend_R","Bash","Armaments+1","Headbutt","Inflame","Armaments","Pommel Strike","Shrug It Off","Ghostly Armor","Spot Weakness","True Grit","Ghostly Armor","Barricade","Seeing Red","Twin Strike","Twin Strike","Battle Trance+1"],"relics":["Burning Blood","Strawberry","Matryoshka","Ornamental Fan","Happy Flower","Golden Idol","Eternal Feather"],"potions_floor_usage":[6,10,10,19,20,22,23,23],"damage_taken":[{"damage":2,"enemies":"2 Louse","floor":1,"turns":3},{"damage":4,"enemies":"Small Slimes","floor":2,"turns":6},{"damage":3,"enemies":"Jaw Worm","floor":3,"turns":6},{"damage":0,"enemies":"Large Slime","floor":4,"turns":6},{"damage":1,"enemies":"3 Louse","floor":5,"turns":5},{"damage":28,"enemies":"Gremlin Nob","floor":6,"turns":4},{"damage":22,"enemies":"3 Sentries","floor":8,"turns":12},{"damage":22,"enemies":"Gremlin Nob","floor":10,"turns":4},{"damage":0,"enemies":"2 Fungi Beasts","floor":14,"turns":5},{"damage":29,"enemies":"Slime Boss","floor":16,"turns":10},{"damage":15,"enemies":"2 Thieves","floor":18,"turns":5},{"damage":0,"enemies":"Shell Parasite","floor":19,"turns":9},{"damage":18,"enemies":"Centurion and Healer","floor":20,"turns":8},{"damage":36,"enemies":"Sentry and Sphere","floor":22,"turns":8},{"damage":54,"enemies":"Book of Stabbing","floor":23,"turns":7}],"seed_played":"4480021793395852542","potions_obtained":[{"floor":2,"key":"Explosive Potion"},{"floor":4,"key":"Strength Potion"},{"floor":5,"key":"SpeedPotion"},{"floor":6,"key":"Poison Potion"},{"floor":16,"key":"Dexterity Potion"},{"floor":18,"key":"AttackPotion"},{"floor":20,"key":"Fire Potion"},{"floor":22,"key":"BloodPotion"}],"is_trial":false,"path_per_floor":["M","M","M","M","M","E","?","E","T","E","?","$","R","M","R","B",null,"M","M","M","?","M","E"],"character_chosen":"IRONCLAD","items_purchased":["True Grit"],"campfire_rested":1,"item_purchase_floors":[12],"current_hp_per_floor":[88,88,88,88,88,73,73,57,57,41,41,41,41,47,73,50,88,79,85,73,73,43,0],"gold":228,"neow_bonus":"TEN_PERCENT_HP_BONUS","is_prod":false,"is_daily":false,"chose_seed":false,"campfire_upgraded":1,"win_rate":0,"timestamp":1560102108,"path_taken":["M","M","M","M","M","E","?","E","T","E","?","$","R","M","R","BOSS","M","M","M","?","M","E"],"build_version":"2019-01-23","purchased_purges":1,"victory":false,"max_hp_per_floor":[88,88,88,88,88,95,95,95,95,95,88,88,88,88,88,88,88,88,88,88,88,88,88],"card_choices":[{"not_picked":["Warcry","Pummel"],"picked":"Armaments","floor":1},{"not_picked":["Twin Strike","Spot Weakness"],"picked":"Headbutt","floor":2},{"not_picked":["Cleave","Shrug It Off"],"picked":"Inflame","floor":3},{"not_picked":["Flame Barrier","Intimidate"],"picked":"Armaments","floor":4},{"not_picked":["Sentinel","Blood for Blood"],"picked":"Pommel Strike","floor":5},{"not_picked":["Metallicize","Blood for Blood"],"picked":"Shrug It Off","floor":6},{"not_picked":["Hemokinesis","Perfected Strike"],"picked":"Ghostly Armor","floor":8},{"not_picked":["Warcry","Havoc"],"picked":"Spot Weakness","floor":10},{"not_picked":["Evolve","Dual Wield"],"picked":"Ghostly Armor","floor":14},{"not_picked":["Demon Form","Offering"],"picked":"Barricade","floor":16},{"not_picked":["Flex","Twin Strike"],"picked":"Seeing Red","floor":18},{"not_picked":["Reckless Charge+1","Evolve"],"picked":"Twin Strike","floor":19},{"not_picked":["Armaments","Burning Pact"],"picked":"Twin Strike","floor":20},{"not_picked":["Armaments","Headbutt"],"picked":"Battle Trance+1","floor":22}],"player_experience":63677,"relics_obtained":[{"floor":6,"key":"Strawberry"},{"floor":8,"key":"Matryoshka"},{"floor":9,"key":"Ornamental Fan"},{"floor":10,"key":"Happy Flower"}],"event_choices":[{"cards_removed":["Strike_R"],"damage_healed":0,"gold_gain":0,"player_choice":"Card Removal","damage_taken":0,"max_hp_gain":0,"max_hp_loss":0,"event_name":"The Cleric","floor":7,"gold_loss":50},{"damage_healed":0,"gold_gain":0,"player_choice":"Lose Max HP","damage_taken":0,"relics_obtained":["Golden Idol"],"max_hp_gain":0,"max_hp_loss":7,"event_name":"Golden Idol","floor":11,"gold_loss":0},{"cards_removed":["Strike_R"],"damage_healed":0,"gold_gain":0,"player_choice":"Gave Gold","damage_taken":0,"max_hp_gain":0,"max_hp_loss":0,"event_name":"Beggar","floor":21,"gold_loss":75}],"is_beta":false,"boss_relics":[{"not_picked":["Calling Bell","White Beast Statue"],"picked":"Eternal Feather"}],"items_purged_floors":[12],"is_endless":false,"potions_floor_spawned":[2,4,5,6,8,16,18,20,22],"killed_by":"Book of Stabbing","ascension_level":0}