{"gold_per_floor":[118,118,268,268,107,107,139,157,157,157,186,186,198,214,214,214],"floor_reached":16,"playtime":532,"items_purged":["Doubt"],"score":266,"play_id":"2fea1c6a-7207-4944-8e25-34961b92b346","local_time":"20190508175100","is_ascension_mode":true,"campfire_choices":[{"data":"Footwork","floor":6,"key":"SMITH"},{"data":"Neutralize","floor":10,"key":"SMITH"},{"floor":12,"key":"REST"},{"data":"Footwork","floor":15,"key":"SMITH"}],"neow_cost":"NONE","seed_source_timestamp":47410229316517,"circlet_count":0,"master_deck":["AscendersBane","Defend_G","Defend_G","Defend_G","Defend_G","Defend_G","Strike_G","Strike_G","Strike_G","Strike_G","Strike_G","Survivor","Neutralize+1","Backflip","Footwork+1","Dodge and Roll","Cloak And Dagger","Footwork+1"],"relics":["Ring of the Snake","NeowsBlessing","Lantern","Darkstone Periapt","Mercury Hourglass","Pen Nib"],"potions_floor_usage":[16,16],"damage_taken":[{"damage":0,"enemies":"Cultist","floor":1,"turns":1},{"damage":0,"enemies":"3 Sentries","floor":7,"turns":1},{"damage":0,"enemies":"Small Slimes","floor":8,"turns":1},{"damage":39,"enemies":"Lagavulin","floor":11,"turns":10},{"damage":1,"enemies":"Jaw Worm","floor":13,"turns":3},{"damage":0,"enemies":"2 Fungi Beasts","floor":14,"turns":3},{"damage":33,"enemies":"Hexaghost","floor":16,"turns":16}],"seed_played":"-1544505494982131881","potions_obtained":[{"floor":13,"key":"Swift Potion"},{"floor":14,"key":"SpeedPotion"}],"is_trial":false,"path_per_floor":["M","?","?","$","$","R","E","M","T","R","E","R","M","M","R","B"],"character_chosen":"THE_SILENT","items_purchased":["Footwork"],"campfire_rested":1,"item_purchase_floors":[5],"current_hp_per_floor":[59,54,54,54,54,54,54,54,54,54,15,34,33,33,33,0],"gold":214,"neow_bonus":"THREE_ENEMY_KILL","is_prod":false,"is_daily":false,"chose_seed":false,"campfire_upgraded":3,"win_rate":0,"timestamp":1557327060,"path_taken":["M","?","?","?","$","R","E","M","T","R","E","R","M","M","R","BOSS"],"build_version":"2019-01-23","purchased_purges":1,"victory":false,"max_hp_per_floor":[66,66,66,66,66,66,66,66,66,66,66,66,66,66,66,66],"card_choices":[{"not_picked":["Underhanded Strike","Outmaneuver"],"picked":"Backflip","floor":1},{"not_picked":["Reflex","Poisoned Stab","Wraith Form v2"],"picked":"SKIP","floor":7},{"not_picked":["Expertise","Bane","Dagger Spray"],"picked":"SKIP","floor":8},{"not_picked":["Blade Dance","Prepared"],"picked":"Dodge and Roll","floor":11},{"not_picked":["Acrobatics","Dagger Throw"],"picked":"Cloak And Dagger","floor":13},{"not_picked":["Well Laid Plans","Dodge and Roll"],"picked":"Footwork","floor":14}],"player_experience":1098697,"relics_obtained":[{"floor":7,"key":"Darkstone Periapt"},{"floor":9,"key":"Mercury Hourglass"},{"floor":11,"key":"Pen Nib"}],"event_choices":[{"damage_healed":0,"gold_gain":0,"player_choice":"Success","damage_taken":5,"relics_obtained":["Lantern"],"max_hp_gain":0,"max_hp_loss":0,"event_name":"Scrap Ooze","floor":2,"gold_loss":0},{"damage_healed":0,"gold_gain":150,"player_choice":"AGREE","damage_taken":0,"max_hp_gain":0,"max_hp_loss":0,"event_name":"Liars Game","floor":3,"gold_loss":0,"cards_obtained":["Doubt"]}],"is_beta":false,"boss_relics":[],"items_purged_floors":[5],"is_endless":false,"potions_floor_spawned":[13,14],"killed_by":"Hexaghost","ascension_level":20}