{"gold_per_floor":[110,130,130,130,130,130,305,305,305,305,305,339,339,374,374,500,500,518,618,618,636,654,695,714,714],"floor_reached":25,"playtime":817,"items_purged":[],"score":318,"play_id":"e494ba21-4b73-4762-952f-56490b56654b","local_time":"20190309201704","is_ascension_mode":true,"campfire_choices":[{"floor":6,"key":"REST"},{"data":"Neutralize","floor":8,"key":"SMITH"},{"data":"Blade Dance","floor":10,"key":"SMITH"},{"data":"Cloak And Dagger","floor":13,"key":"SMITH"},{"floor":15,"key":"REST"}],"neow_cost":"NONE","seed_source_timestamp":179484326533861,"circlet_count":0,"master_deck":["Defend_G","Defend_G","Defend_G","Defend_G","Defend_G","Strike_G","Strike_G","Strike_G","Survivor","Neutralize+1","Sucker Punch","Blade Dance+1","Cloak And Dagger+1","Blur","Burst","Leg Sweep","Neutralize+1","Slice","Blade Dance+1","Deflect"],"relics":["Ring of the Snake","Golden Idol","Juzu Bracelet","Pocketwatch","Mercury Hourglass","StoneCalendar","Centennial Puzzle","Empty Cage","Torii"],"potions_floor_usage":[22,23,23],"damage_taken":[{"damage":7,"enemies":"2 Louse","floor":1,"turns":4},{"damage":0,"enemies":"Small Slimes","floor":2,"turns":3},{"damage":36,"enemies":"Lagavulin","floor":12,"turns":9},{"damage":12,"enemies":"3 Sentries","floor":14,"turns":7},{"damage":17,"enemies":"Slime Boss","floor":16,"turns":8},{"damage":9,"enemies":"Chosen","floor":18,"turns":6},{"damage":4,"enemies":"Shell Parasite","floor":21,"turns":6},{"damage":3,"enemies":"Cultist and Chosen","floor":22,"turns":7},{"damage":21,"enemies":"Book of Stabbing","floor":23,"turns":7},{"damage":25,"enemies":"Sentry and Sphere","floor":24,"turns":7},{"damage":1,"enemies":"3 Cultists","floor":25,"turns":2}],"seed_played":"8585364274679235443","potions_obtained":[{"floor":2,"key":"SneckoOil"},{"floor":12,"key":"Ancient Potion"},{"floor":18,"key":"SkillPotion"},{"floor":21,"key":"Block Potion"},{"floor":22,"key":"EssenceOfSteel"}],"is_trial":false,"path_per_floor":["M","M","?","?","?","R","?","R","T","R","?","E","R","E","R","B",null,"M","?","?","M","M","E","M","M"],"character_chosen":"THE_SILENT","items_purchased":[],"campfire_rested":2,"item_purchase_floors":[],"current_hp_per_floor":[63,63,44,41,41,64,64,64,64,64,64,28,28,16,39,22,63,54,54,54,50,47,26,1,0],"gold":714,"neow_bonus":"TEN_PERCENT_HP_BONUS","is_prod":false,"is_daily":false,"chose_seed":false,"campfire_upgraded":3,"win_rate":0,"timestamp":1552184224,"path_taken":["M","M","?","?","?","R","?","R","T","R","?","E","R","E","R","BOSS","M","?","?","M","M","E","M","M"],"build_version":"2019-01-23","purchased_purges":0,"victory":false,"max_hp_per_floor":[77,77,77,77,77,77,77,77,77,77,77,77,77,77,77,77,77,77,77,77,77,77,77,77,77],"card_choices":[{"not_picked":["Underhanded Strike","Finisher"],"picked":"Sucker Punch","floor":1},{"not_picked":["Backflip","Endless Agony"],"picked":"Blade Dance","floor":2},{"not_picked":["Flechettes","Outmaneuver"],"picked":"Cloak And Dagger","floor":12},{"not_picked":["Tactician","Deadly Poison"],"picked":"Blur","floor":14},{"not_picked":["Wraith Form v2","Corpse Explosion"],"picked":"Burst","floor":16},{"not_picked":["Dodge and Roll","Deadly Poison+1"],"picked":"Leg Sweep","floor":18},{"not_picked":["Noxious Fumes+1","Dagger Throw+1"],"picked":"Slice","floor":21},{"not_picked":["Acrobatics","Deadly Poison"],"picked":"Blade Dance+1","floor":22},{"not_picked":["Sucker Punch","Poisoned Stab","Quick Slash"],"picked":"SKIP","floor":23},{"not_picked":["Leg Sweep+1","Backflip"],"picked":"Deflect","floor":24}],"player_experience":300590,"relics_obtained":[{"floor":9,"key":"Pocketwatch"},{"floor":12,"key":"StoneCalendar"},{"floor":14,"key":"Centennial Puzzle"},{"floor":23,"key":"Torii"}],"event_choices":[{"damage_healed":0,"gold_gain":0,"player_choice":"Take Damage","damage_taken":19,"relics_obtained":["Golden Idol"],"max_hp_gain":0,"max_hp_loss":0,"event_name":"Golden Idol","floor":3,"gold_loss":0},{"damage_healed":0,"gold_gain":0,"player_choice":"Success","damage_taken":3,"relics_obtained":["Juzu Bracelet"],"max_hp_gain":0,"max_hp_loss":0,"event_name":"Scrap Ooze","floor":4,"gold_loss":0},{"cards_removed":["Strike_G"],"damage_healed":0,"gold_gain":0,"player_choice":"Purged","damage_taken":0,"max_hp_gain":0,"max_hp_loss":0,"event_name":"Purifier","floor":5,"gold_loss":0},{"damage_healed":0,"gold_gain":175,"player_choice":"AGREE","damage_taken":0,"max_hp_gain":0,"max_hp_loss":0,"event_name":"Liars Game","floor":7,"gold_loss":0,"cards_obtained":["Doubt"]},{"damage_healed":0,"gold_gain":0,"player_choice":"Searched \u00272\u0027 times","damage_taken":0,"relics_obtained":["Mercury Hourglass"],"max_hp_gain":0,"max_hp_loss":0,"event_name":"Dead Adventurer","floor":11,"gold_loss":0},{"damage_healed":0,"gold_gain":100,"player_choice":"Pray","damage_taken":0,"max_hp_gain":0,"max_hp_loss":0,"event_name":"Golden Shrine","floor":19,"gold_loss":0},{"damage_healed":0,"gold_gain":0,"player_choice":"Copied","damage_taken":0,"max_hp_gain":0,"max_hp_loss":0,"event_name":"Duplicator","floor":20,"gold_loss":0,"cards_obtained":["Neutralize"]}],"is_beta":false,"boss_relics":[{"not_picked":["Orrery","Pandora\u0027s Box"],"picked":"Empty Cage"}],"items_purged_floors":[],"is_endless":false,"potions_floor_spawned":[2,12,18,21,22],"killed_by":"3 Cultists","ascension_level":8}