{"gold_per_floor":[19,19,89,107,119,119,135,146,146,166,230,245,255,99,99,99],"floor_reached":16,"playtime":667,"items_purged":["Strike_B"],"score":195,"play_id":"22fcb288-fdf1-4345-9fe4-3c546230d0a2","local_time":"20190319021734","is_ascension_mode":true,"campfire_choices":[{"data":"Defragment","floor":6,"key":"SMITH"},{"floor":15,"key":"REST"}],"neow_cost":"NO_GOLD","seed_source_timestamp":60670909643379,"circlet_count":0,"master_deck":["AscendersBane","Strike_B","Defend_B","Defend_B","Defend_B","Defend_B","Zap","Dualcast","Chill","Defragment+1","Ball Lightning","FTL","Barrage","Cold Snap","Defragment"],"relics":["Cracked Core","SsserpentHead","Kunai"],"potions_floor_usage":[7,11,13],"damage_taken":[{"damage":8,"enemies":"2 Louse","floor":1,"turns":2},{"damage":2,"enemies":"Cultist","floor":3,"turns":4},{"damage":4,"enemies":"Small Slimes","floor":4,"turns":3},{"damage":4,"enemies":"Blue Slaver","floor":5,"turns":5},{"damage":28,"enemies":"Gremlin Gang","floor":7,"turns":7},{"damage":7,"enemies":"Large Slime","floor":8,"turns":5},{"damage":4,"enemies":"Looter","floor":10,"turns":3},{"damage":14,"enemies":"Exordium Thugs","floor":11,"turns":4},{"damage":6,"enemies":"Large Slime","floor":12,"turns":4},{"damage":0,"enemies":"2 Fungi Beasts","floor":13,"turns":3},{"damage":35,"enemies":"Slime Boss","floor":16,"turns":7}],"seed_played":"6814634233370426540","potions_obtained":[{"floor":3,"key":"Regen Potion"},{"floor":5,"key":"Ancient Potion"},{"floor":7,"key":"Explosive Potion"}],"is_trial":false,"path_per_floor":["M","?","M","M","M","R","M","M","T","M","M","M","M","$","R","B"],"character_chosen":"DEFECT","items_purchased":["Defragment"],"campfire_rested":1,"item_purchase_floors":[14],"current_hp_per_floor":[56,56,54,50,46,46,33,26,26,22,8,2,2,2,23,0],"gold":99,"neow_bonus":"REMOVE_TWO","is_prod":false,"is_daily":false,"chose_seed":false,"campfire_upgraded":1,"win_rate":0,"timestamp":1552951054,"path_taken":["M","?","?","M","M","R","M","M","T","M","?","M","M","$","R","BOSS"],"build_version":"2019-01-23","purchased_purges":1,"victory":false,"max_hp_per_floor":[71,71,71,71,71,71,71,71,71,71,71,71,71,71,71,71],"card_choices":[{"not_picked":["Gash","Go for the Eyes","Tempest"],"picked":"SKIP","floor":1},{"not_picked":["Stack","Melter","Sweeping Beam"],"picked":"SKIP","floor":3},{"not_picked":["Hologram","Leap"],"picked":"Chill","floor":4},{"not_picked":["Aggregate","Gash"],"picked":"Defragment","floor":5},{"not_picked":["Gash","Lockon"],"picked":"Ball Lightning","floor":7},{"not_picked":["Skim","FTL","Hologram"],"picked":"SKIP","floor":8},{"not_picked":["Turbo","Beam Cell"],"picked":"FTL","floor":10},{"not_picked":["Leap","Turbo"],"picked":"Barrage","floor":11},{"not_picked":["Amplify","Sweeping Beam","Compile Driver"],"picked":"SKIP","floor":12},{"not_picked":["Hologram","FTL"],"picked":"Cold Snap","floor":13}],"player_experience":1026453,"relics_obtained":[{"floor":9,"key":"Kunai"}],"event_choices":[{"damage_healed":0,"gold_gain":0,"player_choice":"Trade","damage_taken":0,"relics_obtained":["SsserpentHead"],"max_hp_gain":0,"max_hp_loss":0,"event_name":"FaceTrader","floor":2,"gold_loss":0}],"is_beta":false,"boss_relics":[],"items_purged_floors":[14],"is_endless":false,"potions_floor_spawned":[3,5,7,10],"killed_by":"Slime Boss","ascension_level":19}