{"gold_per_floor":[119,136,61,61,61,90,120,120,120,135,154,169,169],"floor_reached":13,"playtime":385,"items_purged":[],"score":215,"play_id":"7cc28652-1034-4512-94fa-9c2f2119c6cb","local_time":"20190223041619","is_ascension_mode":true,"campfire_choices":[{"floor":8,"key":"REST"}],"neow_cost":"NONE","seed_source_timestamp":88390226298548,"circlet_count":0,"master_deck":["AscendersBane","Defend_G","Defend_G","Defend_G","Defend_G","Defend_G","Strike_G","Strike_G","Strike_G","Strike_G","Survivor","Neutralize","Dagger Spray","Outmaneuver","Terror","Backstab","Escape Plan"],"relics":["Ring of the Snake","NeowsBlessing","Omamori","Ancient Tea Set","Singing Bowl"],"potions_floor_usage":[13,13],"damage_taken":[{"damage":0,"enemies":"Cultist","floor":1,"turns":1},{"damage":0,"enemies":"2 Louse","floor":2,"turns":1},{"damage":0,"enemies":"Lagavulin","floor":6,"turns":1},{"damage":2,"enemies":"Small Slimes","floor":10,"turns":5},{"damage":4,"enemies":"Blue Slaver","floor":11,"turns":5},{"damage":5,"enemies":"Red Slaver","floor":12,"turns":4},{"damage":22,"enemies":"Gremlin Nob","floor":13,"turns":4}],"seed_played":"7047954241467542169","potions_obtained":[{"floor":1,"key":"EssenceOfSteel"},{"floor":6,"key":"GhostInAJar"}],"is_trial":false,"path_per_floor":["M","M","?","?","$","E","?","R","T","M","M","M","E"],"character_chosen":"THE_SILENT","items_purchased":[],"campfire_rested":1,"item_purchase_floors":[],"current_hp_per_floor":[59,59,59,14,14,14,14,33,33,31,27,22,0],"gold":169,"neow_bonus":"THREE_ENEMY_KILL","is_prod":false,"is_daily":false,"chose_seed":false,"campfire_upgraded":0,"win_rate":0,"timestamp":1550884579,"path_taken":["M","?","?","?","$","E","?","R","T","M","M","M","E"],"build_version":"2019-01-23","purchased_purges":0,"victory":false,"max_hp_per_floor":[66,66,66,66,66,66,66,66,66,66,66,66,66],"card_choices":[{"not_picked":["Deflect","Sucker Punch"],"picked":"Dagger Spray","floor":1},{"not_picked":["Endless Agony","Outmaneuver","Dagger Throw"],"picked":"SKIP","floor":2},{"not_picked":["Endless Agony","Dagger Throw"],"picked":"Outmaneuver","floor":2},{"not_picked":["Catalyst","Acrobatics","Deadly Poison"],"picked":"SKIP","floor":6},{"not_picked":["Outmaneuver","Riddle With Holes"],"picked":"Terror","floor":10},{"not_picked":["Quick Slash","Poisoned Stab"],"picked":"Backstab","floor":11},{"not_picked":["Sucker Punch","Tools of the Trade"],"picked":"Escape Plan","floor":12}],"player_experience":981331,"relics_obtained":[{"floor":6,"key":"Ancient Tea Set"},{"floor":9,"key":"Singing Bowl"}],"event_choices":[{"cards_removed":["Strike_G"],"damage_healed":0,"gold_gain":0,"player_choice":"Card Removal","damage_taken":0,"max_hp_gain":0,"max_hp_loss":0,"event_name":"The Cleric","floor":3,"gold_loss":75},{"damage_healed":0,"gold_gain":0,"player_choice":"Success","damage_taken":45,"relics_obtained":["Omamori"],"max_hp_gain":0,"max_hp_loss":0,"event_name":"Scrap Ooze","floor":4,"gold_loss":0},{"damage_healed":0,"gold_gain":30,"player_choice":"Searched \u00271\u0027 times","damage_taken":0,"max_hp_gain":0,"max_hp_loss":0,"event_name":"Dead Adventurer","floor":7,"gold_loss":0}],"is_beta":false,"boss_relics":[],"items_purged_floors":[],"is_endless":false,"potions_floor_spawned":[1,6,11,12],"killed_by":"Gremlin Nob","ascension_level":19}