{"gold_per_floor":[111,286,305,322,322,322,335,355,380,380,380,408,420,109,109,207,207,223,223,173,173,38,64,64,94,94,94,194,210,221,231,231,335,335,352,352,312,331,350,350,382,382],"floor_reached":42,"playtime":1541,"items_purged":["Regret","Writhe"],"score":685,"play_id":"44875f96-7011-4211-8ccb-f7b0b061f2fe","local_time":"20190303210438","is_ascension_mode":true,"campfire_choices":[{"data":"Neutralize","floor":6,"key":"SMITH"},{"floor":10,"key":"REST"},{"floor":13,"key":"REST"},{"floor":15,"key":"REST"},{"data":"Terror","floor":24,"key":"SMITH"},{"data":"Footwork","floor":27,"key":"SMITH"},{"floor":32,"key":"REST"},{"floor":40,"key":"REST"}],"neow_cost":"TEN_PERCENT_HP_LOSS","seed_source_timestamp":258818935785232,"circlet_count":0,"master_deck":["Defend_G","Defend_G","Defend_G","Defend_G","Defend_G","Strike_G","Survivor","Neutralize+1","Glass Knife+1","Deadly Poison+1","Leg Sweep","Dagger Spray","Deadly Poison","PiercingWail","Bane+1","Tools of the Trade+1","Blade Dance+1","Predator+1","Phantasmal Killer+1","Dagger Throw","Terror+1","Deadly Poison","Crippling Poison","Acrobatics","Footwork+1","PiercingWail","Noxious Fumes+1","Bouncing Flask+1","Outmaneuver+1","Adrenaline","Backflip+1","Calculated Gamble+1","Parasite","Deflect+1","Prepared"],"relics":["Ring of the Snake","Matryoshka","Letter Opener","Orichalcum","Art of War","MawBank","TwistedFunnel","Astrolabe","PreservedInsect","Whetstone","War Paint","Blood Vial","FossilizedHelix","Frozen Egg 2","Empty Cage","Centennial Puzzle"],"potions_floor_usage":[12,31,33,39,42],"damage_taken":[{"damage":4,"enemies":"Small Slimes","floor":1,"turns":4},{"damage":7,"enemies":"Jaw Worm","floor":3,"turns":4},{"damage":0,"enemies":"2 Louse","floor":4,"turns":3},{"damage":15,"enemies":"Exordium Thugs","floor":7,"turns":7},{"damage":0,"enemies":"2 Fungi Beasts","floor":8,"turns":4},{"damage":37,"enemies":"Gremlin Nob","floor":12,"turns":5},{"damage":5,"enemies":"Hexaghost","floor":16,"turns":9},{"damage":3,"enemies":"Shell Parasite","floor":18,"turns":3},{"damage":15,"enemies":"Book of Stabbing","floor":23,"turns":5},{"damage":0,"enemies":"Gremlin Leader","floor":25,"turns":4},{"damage":17,"enemies":"Colosseum Slavers","floor":28,"turns":4},{"damage":1,"enemies":"Colosseum Nobs","floor":28,"turns":4},{"damage":0,"enemies":"2 Thieves","floor":29,"turns":3},{"damage":6,"enemies":"Sentry and Sphere","floor":30,"turns":5},{"damage":10,"enemies":"Shelled Parasite and Fungi","floor":31,"turns":5},{"damage":25,"enemies":"Collector","floor":33,"turns":8},{"damage":28,"enemies":"3 Darklings","floor":35,"turns":5},{"damage":0,"enemies":"Orb Walker","floor":38,"turns":3},{"damage":17,"enemies":"Writhing Mass","floor":39,"turns":5},{"damage":28,"enemies":"Giant Head","floor":41,"turns":7},{"damage":11,"enemies":"4 Shapes","floor":42,"turns":1}],"seed_played":"-3775008873137668281","potions_obtained":[{"floor":3,"key":"FearPotion"},{"floor":8,"key":"Dexterity Potion"},{"floor":12,"key":"Dexterity Potion"},{"floor":16,"key":"Block Potion"},{"floor":28,"key":"GhostInAJar"},{"floor":31,"key":"FearPotion"},{"floor":35,"key":"PowerPotion"},{"floor":41,"key":"SteroidPotion"}],"is_trial":false,"path_per_floor":["M","?","M","M","T","R","M","M","T","R","?","E","R","$","R","B",null,"M","?","$","?","$","E","R","E","T","R","?","M","M","M","R","B",null,"M","?","?","M","M","R","E","M"],"character_chosen":"THE_SILENT","items_purchased":["TwistedFunnel","Bane","Deadly Poison","Crippling Poison"],"campfire_rested":5,"item_purchase_floors":[14,14,20,22],"current_hp_per_floor":[59,59,52,52,52,52,37,37,37,55,55,18,36,36,54,49,60,57,57,57,57,57,42,42,42,42,42,28,30,26,18,36,13,51,25,25,25,27,12,30,4,0],"gold":382,"neow_bonus":"THREE_RARE_CARDS","is_prod":false,"is_daily":false,"chose_seed":false,"campfire_upgraded":3,"win_rate":0,"timestamp":1551668678,"path_taken":["M","?","M","M","?","R","?","M","T","R","?","E","R","?","R","BOSS","M","?","$","?","?","E","R","E","T","R","?","M","M","?","R","BOSS","M","?","?","?","M","R","E","M"],"build_version":"2019-01-23","purchased_purges":2,"victory":false,"max_hp_per_floor":[63,63,63,63,63,63,63,63,63,63,63,63,63,63,63,63,63,63,63,63,63,63,63,63,63,63,63,63,63,63,63,63,63,63,63,63,63,63,63,63,63,63],"card_choices":[{"not_picked":["Doppelganger","Adrenaline"],"picked":"Glass Knife","floor":0},{"not_picked":["Dagger Throw","Finisher"],"picked":"Deadly Poison","floor":1},{"not_picked":["Concentrate","Expertise"],"picked":"Leg Sweep","floor":3},{"not_picked":["Blur","Prepared"],"picked":"Dagger Spray","floor":4},{"not_picked":["Sucker Punch","Prepared"],"picked":"Deadly Poison","floor":7},{"not_picked":["Caltrops","Backflip"],"picked":"PiercingWail","floor":8},{"not_picked":["PiercingWail","Backstab"],"picked":"Deadly Poison","floor":12},{"not_picked":["Grand Finale","Doppelganger"],"picked":"Tools of the Trade","floor":16},{"not_picked":["Quick Slash","Underhanded Strike+1"],"picked":"Dagger Throw","floor":18},{"not_picked":["Skewer","Slice"],"picked":"Acrobatics","floor":23},{"not_picked":["Heel Hook","Deflect"],"picked":"Footwork","floor":25},{"not_picked":["Quick Slash","Infinite Blades"],"picked":"PiercingWail","floor":28},{"not_picked":["Finisher","Poisoned Stab"],"picked":"Noxious Fumes+1","floor":29},{"not_picked":["Blur+1","Dagger Throw"],"picked":"Bouncing Flask+1","floor":30},{"not_picked":["Choke","Doppelganger"],"picked":"Outmaneuver+1","floor":31},{"not_picked":["Tools of the Trade+1","Phantasmal Killer"],"picked":"Adrenaline","floor":33},{"not_picked":["Quick Slash","Sucker Punch"],"picked":"Backflip+1","floor":35},{"not_picked":["Backflip","Underhanded Strike"],"picked":"Calculated Gamble+1","floor":38},{"not_picked":["Envenom+1","Outmaneuver"],"picked":"Deflect+1","floor":39},{"not_picked":["Crippling Poison","Night Terror"],"picked":"Prepared","floor":41}],"player_experience":247906,"relics_obtained":[{"floor":5,"key":"Matryoshka"},{"floor":9,"key":"Letter Opener"},{"floor":9,"key":"Orichalcum"},{"floor":12,"key":"MawBank"},{"floor":23,"key":"Whetstone"},{"floor":25,"key":"War Paint"},{"floor":26,"key":"Blood Vial"},{"floor":28,"key":"FossilizedHelix"},{"floor":28,"key":"Frozen Egg 2"},{"floor":41,"key":"Centennial Puzzle"}],"event_choices":[{"damage_healed":0,"gold_gain":175,"player_choice":"AGREE","damage_taken":0,"max_hp_gain":0,"max_hp_loss":0,"event_name":"Liars Game","floor":2,"gold_loss":0,"cards_obtained":["Doubt"]},{"damage_healed":0,"gold_gain":0,"player_choice":"Box","damage_taken":0,"relics_obtained":["Art of War"],"max_hp_gain":0,"max_hp_loss":0,"event_name":"Big Fish","floor":11,"gold_loss":0,"cards_obtained":["Regret"]},{"damage_healed":0,"gold_gain":0,"player_choice":"Read","damage_taken":0,"max_hp_gain":0,"max_hp_loss":0,"event_name":"The Library","floor":19,"gold_loss":0,"cards_obtained":["Terror"]},{"damage_healed":0,"gold_gain":0,"player_choice":"Opened","damage_taken":0,"relics_obtained":["PreservedInsect"],"max_hp_gain":0,"max_hp_loss":0,"event_name":"The Mausoleum","floor":21,"gold_loss":0,"cards_obtained":["Writhe"]},{"damage_healed":0,"gold_gain":0,"player_choice":"Fight","damage_taken":0,"max_hp_gain":0,"max_hp_loss":0,"event_name":"Colosseum","floor":28,"gold_loss":0},{"damage_healed":0,"gold_gain":0,"player_choice":"Fought Nobs","damage_taken":0,"max_hp_gain":0,"max_hp_loss":0,"event_name":"Colosseum","floor":28,"gold_loss":0},{"cards_removed":["Deadly Poison"],"damage_healed":0,"gold_gain":0,"player_choice":"Removed Skill","damage_taken":0,"max_hp_gain":0,"max_hp_loss":0,"event_name":"Falling","floor":36,"gold_loss":0},{"damage_healed":0,"gold_gain":0,"player_choice":"Upgrade","damage_taken":0,"max_hp_gain":0,"max_hp_loss":0,"event_name":"Designer","floor":37,"gold_loss":40,"cards_upgraded":["Tools of the Trade"]}],"is_beta":false,"boss_relics":[{"not_picked":["Orrery","Philosopher\u0027s Stone"],"picked":"Astrolabe"},{"not_picked":["Runic Pyramid","Ring of the Serpent"],"picked":"Empty Cage"}],"items_purged_floors":[14,22],"is_endless":false,"potions_floor_spawned":[3,8,12,16,23,25,28,31,35,41],"killed_by":"4 Shapes","ascension_level":7}