{"gold_per_floor":[109,184,184,201,217,217,276,276,276,296,27,40,40,54,54,128,128,147,72,122,140,140,140],"floor_reached":23,"playtime":1830,"items_purged":["Strike_B"],"score":317,"play_id":"6b0c981d-9715-4704-a31b-0fdcc8601581","local_time":"20181127033114","is_ascension_mode":true,"campfire_choices":[{"data":"Coolheaded","floor":6,"key":"SMITH"},{"floor":13,"key":"REST"},{"data":"Defragment","floor":15,"key":"SMITH"}],"neow_cost":"TEN_PERCENT_HP_LOSS","seed_source_timestamp":8515848456589,"circlet_count":0,"master_deck":["AscendersBane","Defend_B","Defend_B","Defend_B","Defend_B","Zap+1","Dualcast","Steam","Loop","Ball Lightning","Coolheaded+1","Hologram","Defragment+1","Buffer","Echo Form","Cold Snap","Parasite"],"relics":["Cracked Core","Mercury Hourglass","Boot","Runic Capacitor","Cursed Key","Shuriken"],"potions_floor_usage":[3,12,16,18,23,23],"damage_taken":[{"damage":4,"enemies":"2 Louse","floor":1,"turns":2},{"damage":0,"enemies":"Small Slimes","floor":4,"turns":3},{"damage":2,"enemies":"Jaw Worm","floor":5,"turns":2},{"damage":26,"enemies":"3 Sentries","floor":7,"turns":10},{"damage":1,"enemies":"Red Slaver","floor":10,"turns":3},{"damage":7,"enemies":"Exordium Thugs","floor":12,"turns":2},{"damage":0,"enemies":"Looter","floor":14,"turns":3},{"damage":18,"enemies":"Hexaghost","floor":16,"turns":7},{"damage":6,"enemies":"Chosen","floor":18,"turns":5},{"damage":17,"enemies":"2 Thieves","floor":21,"turns":5},{"damage":49,"enemies":"Gremlin Leader","floor":23,"turns":6}],"seed_played":"3899857781710349930","potions_obtained":[{"floor":1,"key":"Fruit Juice"},{"floor":10,"key":"AttackPotion"},{"floor":14,"key":"Poison Potion"},{"floor":16,"key":"GamblersBrew"},{"floor":18,"key":"Regen Potion"},{"floor":21,"key":"SteroidPotion"}],"is_trial":false,"path_per_floor":["M","?","?","M","M","R","?","?","T","M","$","M","R","M","R","B",null,"M","$","?","M","T","E"],"character_chosen":"DEFECT","items_purchased":["Defragment","Runic Capacitor"],"campfire_rested":1,"item_purchase_floors":[11,11],"current_hp_per_floor":[60,49,54,54,52,52,26,19,19,18,18,11,31,31,31,13,55,49,49,49,32,32,0],"gold":140,"neow_bonus":"TRANSFORM_TWO_CARDS","is_prod":false,"is_daily":false,"chose_seed":false,"campfire_upgraded":2,"win_rate":0,"timestamp":1543278674,"path_taken":["M","?","?","M","M","R","?","?","T","M","$","M","R","M","R","BOSS","M","$","?","?","?","E"],"build_version":"2018-11-15","purchased_purges":1,"victory":false,"max_hp_per_floor":[64,64,69,69,69,69,69,69,69,69,69,69,69,69,69,69,69,69,69,69,69,69,69],"card_choices":[{"not_picked":["Rip and Tear","Sweeping Beam"],"picked":"Ball Lightning","floor":1},{"not_picked":["Rip and Tear","Gash","Steam Power"],"picked":"SKIP","floor":4},{"not_picked":["Streamline","Sweeping Beam"],"picked":"Coolheaded","floor":5},{"not_picked":["Blizzard","Streamline"],"picked":"Hologram","floor":7},{"not_picked":["Redo","Rebound","Force Field"],"picked":"SKIP","floor":10},{"not_picked":["Streamline","Turbo"],"picked":"Buffer","floor":12},{"not_picked":["Sweeping Beam","Coolheaded","Leap"],"picked":"SKIP","floor":14},{"not_picked":["Rainbow","Creative AI"],"picked":"Echo Form","floor":16},{"not_picked":["Gash","Streamline+1"],"picked":"Cold Snap","floor":18},{"not_picked":["Blizzard","FTL+1","Compile Driver"],"picked":"SKIP","floor":21}],"player_experience":764912,"relics_obtained":[{"floor":7,"key":"Mercury Hourglass"},{"floor":9,"key":"Boot"},{"floor":22,"key":"Shuriken"}],"event_choices":[{"damage_healed":0,"gold_gain":75,"player_choice":"Gather Gold","damage_taken":11,"max_hp_gain":0,"max_hp_loss":0,"event_name":"World of Goop","floor":2,"gold_loss":0},{"damage_healed":0,"gold_gain":0,"player_choice":"Grow","damage_taken":0,"max_hp_gain":0,"max_hp_loss":0,"event_name":"Living Wall","floor":3,"gold_loss":0,"cards_upgraded":["Zap"]},{"damage_healed":0,"gold_gain":0,"player_choice":"Searched \u00271\u0027 times","damage_taken":0,"max_hp_gain":0,"max_hp_loss":0,"event_name":"Dead Adventurer","floor":7,"gold_loss":0},{"cards_removed":["Strike_B"],"damage_healed":0,"gold_gain":0,"player_choice":"Card Removal","damage_taken":7,"max_hp_gain":0,"max_hp_loss":0,"event_name":"Golden Wing","floor":8,"gold_loss":0},{"damage_healed":0,"gold_gain":100,"player_choice":"Bet on Murderer","damage_taken":0,"max_hp_gain":0,"max_hp_loss":0,"event_name":"The Joust","floor":20,"gold_loss":50}],"is_beta":false,"boss_relics":[{"not_picked":["Coffee Dripper","Velvet Choker"],"picked":"Cursed Key"}],"items_purged_floors":[19],"is_endless":false,"potions_floor_spawned":[1,10,14,16,18,21],"killed_by":"Gremlin Leader","ascension_level":15}