{"gold_per_floor":[118,393,410,26,26,104,118,136,211,211],"floor_reached":10,"playtime":456,"items_purged":["Regret"],"score":113,"play_id":"f57a4b03-dfcc-4256-9609-aa082f231d42","local_time":"20190305172653","is_ascension_mode":true,"campfire_choices":[],"neow_cost":"NONE","seed_source_timestamp":38690640566140,"circlet_count":0,"master_deck":["AscendersBane","Defend_G","Defend_G","Defend_G","Defend_G","Defend_G","Strike_G","Strike_G","Strike_G","Strike_G","Strike_G","Survivor","Neutralize","Footwork","Dagger Spray","Escape Plan+1"],"relics":["HoveringKite","MealTicket","Toxic Egg 2","Question Card"],"potions_floor_usage":[],"damage_taken":[{"damage":21,"enemies":"Jaw Worm","floor":1,"turns":10},{"damage":19,"enemies":"Cultist","floor":3,"turns":6},{"damage":0,"enemies":"Small Slimes","floor":7,"turns":4},{"damage":13,"enemies":"Exordium Wildlife","floor":8,"turns":6},{"damage":11,"enemies":"Large Slime","floor":10,"turns":2}],"seed_played":"4490334116671956807","potions_obtained":[{"floor":8,"key":"Ancient Potion"}],"is_trial":false,"path_per_floor":["M","?","M","$","?","T","M","M","T","M"],"character_chosen":"THE_SILENT","items_purchased":["Footwork","MealTicket"],"campfire_rested":0,"item_purchase_floors":[4,4],"current_hp_per_floor":[38,38,19,19,19,19,19,6,6,0],"gold":211,"neow_bonus":"BOSS_RELIC","is_prod":false,"is_daily":false,"chose_seed":false,"campfire_upgraded":0,"win_rate":0,"timestamp":1551796013,"path_taken":["M","?","?","$","?","?","M","M","T","M"],"build_version":"2019-01-23","purchased_purges":1,"victory":false,"max_hp_per_floor":[66,66,66,66,66,66,66,66,66,66],"card_choices":[{"not_picked":["Deflect","PiercingWail","Sucker Punch"],"picked":"SKIP","floor":1},{"not_picked":["Slice","Poisoned Stab","Heel Hook"],"picked":"SKIP","floor":3},{"not_picked":["Quick Slash","Calculated Gamble+1"],"picked":"Dagger Spray","floor":7},{"not_picked":["Doppelganger+1","Flechettes"],"picked":"Escape Plan+1","floor":8}],"player_experience":1009182,"relics_obtained":[{"floor":6,"key":"Toxic Egg 2"},{"floor":9,"key":"Question Card"}],"event_choices":[{"damage_healed":0,"gold_gain":275,"player_choice":"Desecrate","damage_taken":0,"max_hp_gain":0,"max_hp_loss":0,"event_name":"Golden Shrine","floor":2,"gold_loss":0,"cards_obtained":["Regret"]},{"damage_healed":0,"gold_gain":0,"player_choice":"Ignored","damage_taken":0,"max_hp_gain":0,"max_hp_loss":0,"event_name":"Shining Light","floor":5,"gold_loss":0}],"is_beta":false,"boss_relics":[],"items_purged_floors":[4],"is_endless":false,"potions_floor_spawned":[8],"killed_by":"Large Slime","ascension_level":19}