{"gold_per_floor":[115,115,115,40,40,40,75,150,150,170,170,181,201,114,114,190,190,201,201,201,36,53,53,84,100,100,111,111,126,126,151,151,223,223,233,158,158,158,169,169,184,219,219,219,234,234,252,162,162,162],"floor_reached":51,"playtime":3516,"items_purged":["Pain"],"score":1477,"play_id":"d94d8d9a-2e5f-4b2d-94be-131cec605e9e","local_time":"20190214040801","is_ascension_mode":true,"campfire_choices":[{"data":"Zap","floor":6,"key":"SMITH"},{"data":"Recycle","floor":11,"key":"SMITH"},{"data":"Defragment","floor":15,"key":"SMITH"},{"data":"Fission","floor":23,"key":"SMITH"},{"data":"Buffer","floor":28,"key":"SMITH"},{"data":"Barrage","floor":30,"key":"SMITH"},{"data":"Dualcast","floor":32,"key":"SMITH"},{"data":"Echo Form","floor":40,"key":"SMITH"},{"data":"Defragment","floor":44,"key":"SMITH"},{"floor":46,"key":"REST"},{"data":"Dark Shackles","floor":49,"key":"SMITH"}],"neow_cost":"NONE","seed_source_timestamp":62789789285509,"circlet_count":0,"master_deck":["AscendersBane","Zap+1","Dualcast+1","Auto Shields","Recycle+1","Chill","Barrage+1","Defragment+1","Buffer+1","Fission+1","Compile Driver","Doom and Gloom","Compile Driver","Genetic Algorithm","Chill","Glacier+1","Ball Lightning","Echo Form+1","Creative AI","Glacier","Defragment+1","Dark Shackles+1"],"relics":["Cracked Core","NeowsBlessing","Mummified Hand","Centennial Puzzle","Matryoshka","Pandora\u0027s Box","Omamori","Lantern","PreservedInsect","Meat on the Bone","Strawberry","Calling Bell","Boot","Molten Egg 2","Mango","DataDisk","Blood Vial","Pantograph"],"potions_floor_usage":[16,24,27,29,50],"damage_taken":[{"damage":0,"enemies":"Cultist","floor":1,"turns":1},{"damage":0,"enemies":"3 Sentries","floor":7,"turns":1},{"damage":0,"enemies":"Jaw Worm","floor":10,"turns":1},{"damage":0,"enemies":"2 Louse","floor":12,"turns":2},{"damage":1,"enemies":"Looter","floor":13,"turns":3},{"damage":16,"enemies":"Hexaghost","floor":16,"turns":9},{"damage":7,"enemies":"3 Byrds","floor":18,"turns":6},{"damage":10,"enemies":"Chosen","floor":22,"turns":4},{"damage":17,"enemies":"Book of Stabbing","floor":24,"turns":4},{"damage":0,"enemies":"3 Cultists","floor":25,"turns":5},{"damage":0,"enemies":"Shelled Parasite and Fungi","floor":27,"turns":5},{"damage":20,"enemies":"Snake Plant","floor":29,"turns":3},{"damage":0,"enemies":"Slavers","floor":31,"turns":3},{"damage":1,"enemies":"Champ","floor":33,"turns":12},{"damage":16,"enemies":"Orb Walker","floor":35,"turns":5},{"damage":3,"enemies":"3 Darklings","floor":39,"turns":3},{"damage":8,"enemies":"Writhing Mass","floor":41,"turns":7},{"damage":0,"enemies":"Giant Head","floor":42,"turns":4},{"damage":0,"enemies":"Maw","floor":45,"turns":7},{"damage":0,"enemies":"3 Darklings","floor":47,"turns":5},{"damage":23,"enemies":"Awakened One","floor":50,"turns":7}],"seed_played":"-3553728924694677105","potions_obtained":[{"floor":7,"key":"AttackPotion"},{"floor":13,"key":"Strength Potion"},{"floor":16,"key":"Block Potion"},{"floor":24,"key":"Swift Potion"},{"floor":27,"key":"Fruit Juice"},{"floor":31,"key":"Ancient Potion"},{"floor":35,"key":"PowerPotion"},{"floor":42,"key":"FocusPotion"}],"is_trial":false,"path_per_floor":["M","?","?","?","?","R","E","?","T","M","R","M","M","$","R","B",null,"M","?","?","$","M","R","E","M","T","M","R","M","R","E","R","B",null,"M","$","?","$","M","R","M","E","T","R","M","R","M","$","R","B",null],"character_chosen":"DEFECT","items_purchased":["Defragment","Omamori","Dark Shackles"],"campfire_rested":1,"item_purchase_floors":[14,21,48],"current_hp_per_floor":[64,57,39,39,62,62,62,51,51,51,51,51,50,50,50,34,62,55,35,86,86,76,76,59,59,59,64,64,56,56,63,63,62,103,87,87,87,87,84,84,76,76,76,76,78,111,112,112,112,89],"gold":162,"neow_bonus":"THREE_ENEMY_KILL","is_prod":false,"is_daily":false,"chose_seed":false,"campfire_upgraded":10,"win_rate":0,"timestamp":1550106481,"path_taken":["M","?","?","?","?","R","E","?","T","?","R","M","M","$","R","BOSS","M","?","?","$","?","R","E","M","T","M","R","M","R","E","R","BOSS","M","$","?","$","M","R","M","E","T","R","?","R","M","?","R","BOSS"],"build_version":"2019-01-23","purchased_purges":1,"victory":true,"max_hp_per_floor":[71,71,71,71,71,71,71,71,71,71,71,71,71,71,71,71,71,71,76,86,86,86,86,86,86,86,91,91,91,91,98,98,98,112,112,112,112,112,112,112,112,112,112,112,112,112,112,112,112,112],"card_choices":[{"not_picked":["Stack","Go for the Eyes"],"picked":"Auto Shields","floor":1},{"not_picked":["Chaos","Streamline","Ball Lightning"],"picked":"SKIP","floor":7},{"not_picked":["Compile Driver","Reprogram"],"picked":"Recycle","floor":10},{"not_picked":["Blizzard","Compile Driver"],"picked":"Chill","floor":12},{"not_picked":["Stack","Gash"],"picked":"Barrage","floor":13},{"not_picked":["Biased Cognition","Fission"],"picked":"Buffer","floor":16},{"not_picked":["Go for the Eyes","Turbo"],"picked":"Chill","floor":18},{"not_picked":["Leap","Hello World","Go for the Eyes"],"picked":"SKIP","floor":22},{"not_picked":["Loop","Undo"],"picked":"Glacier+1","floor":24},{"not_picked":["Sweeping Beam+1","Scrape","Gash"],"picked":"SKIP","floor":25},{"not_picked":["Go for the Eyes","Sweeping Beam"],"picked":"Ball Lightning","floor":27},{"not_picked":["Conserve Battery","Steam","Redo"],"picked":"SKIP","floor":29},{"not_picked":["Capacitor","Steam+1"],"picked":"Echo Form","floor":31},{"not_picked":["Meteor Strike","Buffer"],"picked":"Creative AI","floor":33},{"not_picked":["Coolheaded","Steam+1","Compile Driver+1"],"picked":"SKIP","floor":35},{"not_picked":["Meteor Strike+1","Aggregate"],"picked":"Glacier","floor":39},{"not_picked":["Doom and Gloom+1","Gash+1"],"picked":"Defragment","floor":41},{"not_picked":["Rebound+1","Cold Snap+1","Stack"],"picked":"SKIP","floor":42},{"not_picked":["Chaos+1","Steam+1","Skim"],"picked":"SKIP","floor":45},{"not_picked":["Ball Lightning+1","Turbo","Rebound+1"],"picked":"SKIP","floor":47}],"player_experience":953805,"relics_obtained":[{"floor":7,"key":"Centennial Puzzle"},{"floor":9,"key":"Matryoshka"},{"floor":24,"key":"Lantern"},{"floor":26,"key":"PreservedInsect"},{"floor":26,"key":"Meat on the Bone"},{"floor":31,"key":"Strawberry"},{"floor":34,"key":"Boot"},{"floor":34,"key":"Molten Egg 2"},{"floor":34,"key":"Mango"},{"floor":42,"key":"DataDisk"},{"floor":43,"key":"Blood Vial"},{"floor":43,"key":"Pantograph"}],"event_choices":[{"cards_removed":["Strike_B"],"damage_healed":0,"gold_gain":0,"player_choice":"Card Removal","damage_taken":7,"max_hp_gain":0,"max_hp_loss":0,"event_name":"Golden Wing","floor":2,"gold_loss":0},{"damage_healed":0,"gold_gain":0,"player_choice":"Success","damage_taken":18,"relics_obtained":["Mummified Hand"],"max_hp_gain":0,"max_hp_loss":0,"event_name":"Scrap Ooze","floor":3,"gold_loss":0},{"cards_removed":["Strike_B"],"damage_healed":0,"gold_gain":0,"player_choice":"Card Removal","damage_taken":0,"max_hp_gain":0,"max_hp_loss":0,"event_name":"The Cleric","floor":4,"gold_loss":75},{"damage_healed":23,"gold_gain":0,"player_choice":"Banana","damage_taken":0,"max_hp_gain":0,"max_hp_loss":0,"event_name":"Big Fish","floor":5,"gold_loss":0},{"damage_healed":0,"gold_gain":75,"player_choice":"Gather Gold","damage_taken":11,"max_hp_gain":0,"max_hp_loss":0,"event_name":"World of Goop","floor":8,"gold_loss":0},{"damage_healed":0,"gold_gain":0,"player_choice":"Shed Blood","damage_taken":25,"max_hp_gain":5,"max_hp_loss":0,"event_name":"Forgotten Altar","floor":19,"gold_loss":0},{"cards_removed":["Multi-Cast"],"damage_healed":41,"gold_gain":0,"player_choice":"Offered Rare","damage_taken":0,"max_hp_gain":10,"max_hp_loss":0,"event_name":"Bonfire Elementals","floor":20,"gold_loss":0},{"damage_healed":0,"gold_gain":0,"player_choice":"Ignored","damage_taken":0,"max_hp_gain":0,"max_hp_loss":0,"event_name":"SecretPortal","floor":37,"gold_loss":0}],"is_beta":false,"boss_relics":[{"not_picked":["Philosopher\u0027s Stone","Sozu"],"picked":"Pandora\u0027s Box"},{"not_picked":["Tiny House","Runic Pyramid"],"picked":"Calling Bell"}],"items_purged_floors":[36],"is_endless":false,"potions_floor_spawned":[7,13,16,24,27,31,35,41,42],"ascension_level":18}