{"gold_per_floor":[113,113,127,146,146,146,174,174,200,88,106,106,137,149,149,225,225,241,256,181,96,114,114,124,124,124,124],"floor_reached":27,"playtime":2157,"items_purged":["Pain"],"score":446,"play_id":"463fe43f-e4d7-4b21-8d16-96936a060e55","local_time":"20190527222237","is_ascension_mode":true,"campfire_choices":[{"data":"Zap","floor":6,"key":"SMITH"},{"floor":8,"key":"REST"},{"floor":15,"key":"REST"},{"floor":23,"key":"REST"},{"floor":25,"key":"REST"}],"neow_cost":"NONE","seed_source_timestamp":130863161979568,"circlet_count":0,"master_deck":["AscendersBane","Strike_B","Strike_B","Defend_B","Defend_B","Defend_B","Defend_B","Zap+1","Dualcast","Cold Snap","Reinforced Body","Hologram","Loop","Ball Lightning","Reboot","Capacitor","Thunder Strike+1","Redo","Capacitor","Glacier"],"relics":["Cracked Core","NeowsBlessing","WarpedTongs","Vajra","Pen Nib","Molten Egg 2","Nuclear Battery","Blood Vial","Sundial"],"potions_floor_usage":[27,27],"damage_taken":[{"damage":0,"enemies":"Small Slimes","floor":1,"turns":1},{"damage":0,"enemies":"Cultist","floor":3,"turns":1},{"damage":0,"enemies":"Jaw Worm","floor":4,"turns":1},{"damage":30,"enemies":"Lagavulin","floor":7,"turns":6},{"damage":9,"enemies":"Red Slaver","floor":11,"turns":5},{"damage":10,"enemies":"3 Sentries","floor":13,"turns":8},{"damage":6,"enemies":"Blue Slaver","floor":14,"turns":3},{"damage":2,"enemies":"The Guardian","floor":16,"turns":10},{"damage":8,"enemies":"3 Byrds","floor":18,"turns":5},{"damage":14,"enemies":"Shell Parasite","floor":19,"turns":3},{"damage":18,"enemies":"Snecko","floor":22,"turns":7},{"damage":13,"enemies":"Centurion and Healer","floor":24,"turns":13},{"damage":66,"enemies":"Cultist and Chosen","floor":27,"turns":8}],"seed_played":"-1874478825760102907","potions_obtained":[{"floor":7,"key":"Block Potion"},{"floor":13,"key":"LiquidBronze"}],"is_trial":false,"path_per_floor":["M","?","M","M","?","R","E","R","T","$","M","$","E","M","R","B",null,"M","M","?","?","M","R","M","R","T","M"],"character_chosen":"DEFECT","items_purchased":["Loop"],"campfire_rested":4,"item_purchase_floors":[10],"current_hp_per_floor":[64,64,64,64,64,64,34,55,55,55,46,46,36,30,51,49,66,58,44,44,44,28,49,38,59,59,0],"gold":124,"neow_bonus":"THREE_ENEMY_KILL","is_prod":false,"is_daily":false,"chose_seed":false,"campfire_upgraded":1,"win_rate":0,"timestamp":1558984957,"path_taken":["M","?","?","M","?","R","E","R","T","$","?","?","E","M","R","BOSS","M","M","?","?","M","R","M","R","T","M"],"build_version":"2019-01-23","purchased_purges":1,"victory":false,"max_hp_per_floor":[71,71,71,71,71,71,71,71,71,71,71,71,71,71,71,71,71,71,71,71,71,71,71,71,71,71,71],"card_choices":[{"not_picked":["Turbo","Redo"],"picked":"Cold Snap","floor":1},{"not_picked":["Cold Snap","Undo"],"picked":"Reinforced Body","floor":3},{"not_picked":["Rebound","Leap"],"picked":"Hologram","floor":4},{"not_picked":["Hologram","Blizzard","Fusion"],"picked":"SKIP","floor":7},{"not_picked":["Streamline","Rebound"],"picked":"Ball Lightning","floor":11},{"not_picked":["Hello World","Coolheaded"],"picked":"Reboot","floor":13},{"not_picked":["Blizzard+1","Coolheaded"],"picked":"Capacitor","floor":14},{"not_picked":["Reboot","Hyperbeam+1"],"picked":"Thunder Strike+1","floor":16},{"not_picked":["FTL+1","Steam"],"picked":"Redo","floor":18},{"not_picked":["Chaos","Chill"],"picked":"Capacitor","floor":19},{"not_picked":["Hologram+1","Cold Snap+1"],"picked":"Glacier","floor":22},{"not_picked":["Genetic Algorithm","Compile Driver+1","Conserve Battery"],"picked":"SKIP","floor":24}],"player_experience":1127968,"relics_obtained":[{"floor":7,"key":"Vajra"},{"floor":9,"key":"Pen Nib"},{"floor":13,"key":"Molten Egg 2"},{"floor":26,"key":"Sundial"}],"event_choices":[{"cards_removed":["Strike_B"],"damage_healed":0,"gold_gain":0,"player_choice":"Purged","damage_taken":0,"max_hp_gain":0,"max_hp_loss":0,"event_name":"Purifier","floor":2,"gold_loss":0},{"damage_healed":0,"gold_gain":0,"player_choice":"Rummage","damage_taken":0,"relics_obtained":["WarpedTongs"],"max_hp_gain":0,"max_hp_loss":0,"event_name":"Accursed Blacksmith","floor":5,"gold_loss":0,"cards_obtained":["Pain"]},{"cards_removed":["Strike_B"],"damage_healed":0,"gold_gain":0,"player_choice":"Gave Gold","damage_taken":0,"max_hp_gain":0,"max_hp_loss":0,"event_name":"Beggar","floor":20,"gold_loss":75},{"damage_healed":0,"gold_gain":0,"player_choice":"Obtained Relic","damage_taken":0,"relics_obtained":["Blood Vial"],"max_hp_gain":0,"max_hp_loss":0,"event_name":"Addict","floor":21,"gold_loss":85}],"is_beta":false,"boss_relics":[{"not_picked":["Orrery","White Beast Statue"],"picked":"Nuclear Battery"}],"items_purged_floors":[10],"is_endless":false,"potions_floor_spawned":[7,13,19],"killed_by":"Cultist and Chosen","ascension_level":20}