{"gold_per_floor":[20,20,20,32,47,47,72,72,72,72,72,91,91,123,123,123],"floor_reached":16,"playtime":863,"items_purged":[],"score":216,"play_id":"287bf5a6-b65a-44e2-aac7-85fe7a0f7968","local_time":"20190508225142","is_ascension_mode":true,"campfire_choices":[{"data":"Dualcast","floor":6.0,"key":"SMITH"},{"floor":11.0,"key":"REST"},{"floor":15,"key":"REST"}],"neow_cost":"NO_GOLD","seed_source_timestamp":0,"circlet_count":0,"master_deck":["AscendersBane","Strike_B","Strike_B","Strike_B","Strike_B","Defend_B","Defend_B","Defend_B","Defend_B","Zap+1","Dualcast+1","Ball Lightning","Defragment","Regret","Glacier","Echo Form","Cold Snap"],"special_seed":0,"relics":["Cracked Core","Nunchaku","Dodecahedron","Bag of Preparation","Dream Catcher","Bottled Lightning","Ice Cream"],"potions_floor_usage":[14,16],"damage_taken":[{"damage":7.0,"enemies":"Small Slimes","floor":1.0,"turns":2.0},{"damage":2.0,"enemies":"Jaw Worm","floor":4.0,"turns":3.0},{"damage":0.0,"enemies":"2 Louse","floor":5.0,"turns":2.0},{"damage":35.0,"enemies":"Lagavulin","floor":7.0,"turns":4.0},{"damage":4.0,"enemies":"Looter","floor":12.0,"turns":4.0},{"damage":35,"enemies":"Gremlin Nob","floor":14,"turns":4},{"damage":23,"enemies":"The Guardian","floor":16,"turns":5}],"seed_played":"8842526042149710160","potions_obtained":[{"floor":7.0,"key":"FearPotion"},{"floor":12.0,"key":"Swift Potion"}],"is_trial":false,"path_per_floor":["M","?","?","M","M","R","E","$","T","?","R","M","T","E","R","B"],"character_chosen":"DEFECT","items_purchased":[],"campfire_rested":2,"item_purchase_floors":[],"current_hp_per_floor":[57,57,57,55,55,55,20,20,20,20,41,37,37,2,23,0],"gold":123,"neow_bonus":"ONE_RARE_RELIC","is_prod":false,"is_daily":false,"chose_seed":false,"campfire_upgraded":1,"win_rate":0,"timestamp":1557345102,"path_taken":["M","?","?","M","M","R","E","?","T","?","R","M","?","E","R","BOSS"],"build_version":"2019-01-23","purchased_purges":0,"victory":false,"max_hp_per_floor":[71,71,71,71,71,71,71,71,71,71,71,71,71,71,71,71],"card_choices":[{"not_picked":["Redo","Rebound","Tempest"],"picked":"SKIP","floor":1.0},{"not_picked":["Leap","Reprogram"],"picked":"Ball Lightning","floor":4.0},{"not_picked":["Rebound","Streamline","Doom and Gloom"],"picked":"SKIP","floor":5.0},{"not_picked":["Compile Driver","Ball Lightning"],"picked":"Defragment","floor":7.0},{"not_picked":["Cold Snap","Leap"],"picked":"Glacier","floor":11.0},{"not_picked":["Fission","Beam Cell","Turbo"],"picked":"SKIP","floor":12.0},{"not_picked":["Defragment","Hello World"],"picked":"Echo Form","floor":14},{"not_picked":["Streamline","Leap"],"picked":"Cold Snap","floor":15}],"player_experience":1104937,"relics_obtained":[{"floor":7.0,"key":"Dodecahedron"},{"floor":9.0,"key":"Bag of Preparation"},{"floor":13.0,"key":"Bottled Lightning"},{"floor":14,"key":"Ice Cream"}],"event_choices":[{"damage_healed":0.0,"max_hp_gain":0.0,"max_hp_loss":0.0,"gold_gain":0.0,"event_name":"Living Wall","player_choice":"Grow","floor":2.0,"gold_loss":0.0,"damage_taken":0.0,"cards_upgraded":["Zap"]},{"damage_healed":0.0,"max_hp_gain":0.0,"max_hp_loss":0.0,"gold_gain":0.0,"event_name":"The Cleric","player_choice":"Leave","floor":3.0,"gold_loss":0.0,"damage_taken":0.0},{"damage_healed":0.0,"max_hp_gain":0.0,"max_hp_loss":0.0,"gold_gain":0.0,"event_name":"Big Fish","player_choice":"Box","floor":10.0,"gold_loss":0.0,"damage_taken":0.0,"relics_obtained":["Dream Catcher"],"cards_obtained":["Regret"]}],"is_beta":false,"boss_relics":[],"items_purged_floors":[],"is_endless":false,"potions_floor_spawned":[7,12],"killed_by":"The Guardian","ascension_level":20}