{"gold_per_floor":[10,28,28,28,40,40,69,85,85,85,104,119,119,119,119,119],"floor_reached":16,"playtime":673,"items_purged":[],"score":199,"play_id":"caf977aa-bb3c-4f1f-9061-d11281d59740","local_time":"20190223061456","is_ascension_mode":true,"campfire_choices":[{"data":"Dash","floor":6.0,"key":"SMITH"},{"data":"Dagger Spray","floor":10.0,"key":"SMITH"},{"data":"Burst","floor":13.0,"key":"SMITH"},{"floor":15.0,"key":"REST"}],"neow_cost":"NO_GOLD","seed_source_timestamp":0,"circlet_count":0,"master_deck":["AscendersBane","Defend_G","Defend_G","Defend_G","Defend_G","Defend_G","Strike_G","Strike_G","Survivor","Neutralize","Dagger Spray+1","Dash+1","Backstab","Burst+1"],"special_seed":0,"relics":["Ring of the Snake","Frozen Egg 2","Kunai"],"potions_floor_usage":[16],"damage_taken":[{"damage":6.0,"enemies":"Jaw Worm","floor":1.0,"turns":7.0},{"damage":0.0,"enemies":"2 Louse","floor":2.0,"turns":2.0},{"damage":3.0,"enemies":"Small Slimes","floor":5.0,"turns":3.0},{"damage":10.0,"enemies":"3 Sentries","floor":7.0,"turns":9.0},{"damage":1.0,"enemies":"Looter","floor":8.0,"turns":3.0},{"damage":1.0,"enemies":"Blue Slaver","floor":11.0,"turns":4.0},{"damage":0.0,"enemies":"3 Louse","floor":12.0,"turns":2.0},{"damage":66,"enemies":"The Guardian","floor":16,"turns":17}],"seed_played":"5237894307887031983","potions_obtained":[{"floor":1.0,"key":"SmokeBomb"},{"floor":2.0,"key":"Fire Potion"},{"floor":8.0,"key":"Regen Potion"}],"is_trial":false,"path_per_floor":["M","M","?","?","M","R","E","M","T","R","M","M","R","$","R","B"],"character_chosen":"THE_SILENT","items_purchased":[],"campfire_rested":1,"item_purchase_floors":[],"current_hp_per_floor":[53,53,53,46,43,43,33,32,32,32,31,31,31,31,50,0],"gold":119,"neow_bonus":"REMOVE_TWO","is_prod":false,"is_daily":false,"chose_seed":false,"campfire_upgraded":3,"win_rate":0,"timestamp":1550891696,"path_taken":["M","M","?","?","M","R","E","M","T","R","M","M","R","$","R","BOSS"],"build_version":"2019-01-23","purchased_purges":0,"victory":false,"max_hp_per_floor":[66,66,66,66,66,66,66,66,66,66,66,66,66,66,66,66],"card_choices":[{"not_picked":["Setup","Concentrate"],"picked":"Dagger Spray","floor":1.0},{"not_picked":["Flechettes","Reflex"],"picked":"Dash","floor":2.0},{"not_picked":["Slice","Distraction","Dodge and Roll"],"picked":"SKIP","floor":5.0},{"not_picked":["Quick Slash","Blade Dance","Deflect"],"picked":"SKIP","floor":7.0},{"not_picked":["Poisoned Stab","Outmaneuver","Acrobatics"],"picked":"SKIP","floor":8.0},{"not_picked":["Reflex","Flying Knee"],"picked":"Backstab","floor":11.0},{"not_picked":["Caltrops+1","Riddle With Holes"],"picked":"Burst","floor":12.0}],"player_experience":986082,"relics_obtained":[{"floor":7.0,"key":"Frozen Egg 2"},{"floor":9.0,"key":"Kunai"}],"event_choices":[{"damage_healed":0.0,"max_hp_gain":0.0,"max_hp_loss":0.0,"gold_gain":0.0,"event_name":"The Cleric","player_choice":"Leave","floor":3.0,"gold_loss":0.0,"damage_taken":0.0},{"cards_removed":["Strike_G"],"damage_healed":0.0,"max_hp_gain":0.0,"max_hp_loss":0.0,"gold_gain":0.0,"event_name":"Golden Wing","player_choice":"Card Removal","floor":4.0,"gold_loss":0.0,"damage_taken":7.0}],"is_beta":false,"boss_relics":[],"items_purged_floors":[],"is_endless":false,"potions_floor_spawned":[1,2,5,8],"killed_by":"The Guardian","ascension_level":19}