{"gold_per_floor":[210,229,242,254,3,34,49,80,157,157,168,168,24,55,55,150,150,168,168,183,183,196,229,240,240,240,262,274,302,314,133,133,133],"floor_reached":33,"playtime":1673,"items_purged":["Strike_R"],"score":376,"play_id":"e9c6d0c9-557a-444a-bf32-128b51d986ab","local_time":"20190516231335","is_ascension_mode":true,"campfire_choices":[{"data":"Clothesline","floor":12.0,"key":"SMITH"},{"data":"1","floor":15.0,"key":"LIFT"},{"data":"2","floor":25.0,"key":"LIFT"},{"data":"3","floor":30.0,"key":"LIFT"},{"data":"Feed","floor":32.0,"key":"SMITH"}],"neow_cost":"NONE","seed_source_timestamp":533224232269300,"circlet_count":0,"master_deck":["Strike_R","Strike_R","Strike_R","Defend_R","Defend_R","Defend_R","Defend_R","Bash","Twin Strike","Armaments","Flex","Wild Strike","Flex","Bludgeon","Clothesline+1","Infernal Blade","Clash","Clothesline","Exhume","Clash","Shrug It Off+1","Feed+1","Entrench","Spot Weakness","Flash of Steel"],"special_seed":0,"relics":["Black Blood","ClockworkSouvenir","Ancient Tea Set","Magic Flower","Meat on the Bone","Anchor","Girya","Happy Flower","Singing Bowl","MawBank"],"potions_floor_usage":[],"damage_taken":[{"damage":1.0,"enemies":"Cultist","floor":1.0,"turns":4.0},{"damage":2.0,"enemies":"Jaw Worm","floor":2.0,"turns":3.0},{"damage":0.0,"enemies":"2 Louse","floor":3.0,"turns":3.0},{"damage":6.0,"enemies":"2 Fungi Beasts","floor":4.0,"turns":4.0},{"damage":40.0,"enemies":"3 Sentries","floor":6.0,"turns":8.0},{"damage":8.0,"enemies":"Blue Slaver","floor":7.0,"turns":2.0},{"damage":5.0,"enemies":"Gremlin Nob","floor":8.0,"turns":3.0},{"damage":5.0,"enemies":"Red Slaver","floor":11.0,"turns":3.0},{"damage":20.0,"enemies":"3 Sentries","floor":14.0,"turns":4.0},{"damage":10.0,"enemies":"Slime Boss","floor":16.0,"turns":7.0},{"damage":14.0,"enemies":"Shell Parasite","floor":18.0,"turns":5.0},{"damage":25.0,"enemies":"3 Byrds","floor":20.0,"turns":6.0},{"damage":23.0,"enemies":"Sentry and Sphere","floor":22.0,"turns":4.0},{"damage":47.0,"enemies":"Slavers","floor":23.0,"turns":5.0},{"damage":21.0,"enemies":"Centurion and Healer","floor":24.0,"turns":7.0},{"damage":0.0,"enemies":"Snecko","floor":27.0,"turns":2.0},{"damage":24.0,"enemies":"Snake Plant","floor":29.0,"turns":3.0},{"damage":79,"enemies":"Collector","floor":33,"turns":8}],"seed_played":"3968344868337390412","potions_obtained":[{"floor":4.0,"key":"GamblersBrew"},{"floor":6.0,"key":"SpeedPotion"},{"floor":7.0,"key":"PowerPotion"},{"floor":14.0,"key":"Swift Potion"},{"floor":20.0,"key":"BloodPotion"},{"floor":22.0,"key":"Ancient Potion"},{"floor":23.0,"key":"Explosive Potion"},{"floor":24.0,"key":"AttackPotion"}],"is_trial":false,"path_per_floor":["M","M","M","M","$","E","M","E","T","T","M","R","$","E","R","B",null,"M","?","M","?","M","E","M","R","T","M","?","M","R","$","R","B"],"character_chosen":"IRONCLAD","items_purchased":["Flex","ClockworkSouvenir","Anchor","Spot Weakness","Flash of Steel"],"campfire_rested":0,"item_purchase_floors":[5,5,13,31,31],"current_hp_per_floor":[77,80,80,80,80,46,44,45,45,45,67,67,67,56,56,55,74,75,75,65,65,57,55,67,67,67,82,66,77,77,77,77,0],"gold":133,"neow_bonus":"HUNDRED_GOLD","is_prod":false,"is_daily":false,"chose_seed":false,"campfire_upgraded":2,"win_rate":0,"timestamp":1558066415,"path_taken":["M","M","M","M","$","E","M","E","T","?","M","R","$","E","R","BOSS","M","?","M","?","M","E","M","R","T","M","?","M","R","?","R","BOSS"],"build_version":"2019-01-23","purchased_purges":1,"victory":false,"max_hp_per_floor":[80,80,80,80,80,80,80,80,80,80,80,80,80,80,80,80,80,80,80,80,80,80,80,80,80,80,82,87,89,89,89,89,89],"card_choices":[{"not_picked":["Havoc","Clash"],"picked":"Twin Strike","floor":1.0},{"not_picked":["Warcry","Seeing Red"],"picked":"Armaments","floor":2.0},{"not_picked":["Combust","Perfected Strike"],"picked":"Flex","floor":3.0},{"not_picked":["Sentinel","Warcry"],"picked":"Wild Strike","floor":4.0},{"not_picked":["Wild Strike","Pummel"],"picked":"Bludgeon","floor":6.0},{"not_picked":["Infernal Blade","Battle Trance"],"picked":"Clothesline","floor":7.0},{"not_picked":["Sword Boomerang","Burning Pact"],"picked":"Infernal Blade","floor":8.0},{"not_picked":["Shockwave","Rage"],"picked":"Clash","floor":11.0},{"not_picked":["Pommel Strike","Offering"],"picked":"Clothesline","floor":14.0},{"not_picked":["Juggernaut","Brutality"],"picked":"Exhume","floor":16.0},{"not_picked":["Twin Strike","Combust"],"picked":"Clash","floor":18.0},{"not_picked":["Perfected Strike","Thunderclap+1","Clothesline"],"picked":"SKIP","floor":20.0},{"not_picked":["Havoc","Anger"],"picked":"Shrug It Off+1","floor":22.0},{"not_picked":["Flame Barrier+1","Clash"],"picked":"Feed","floor":23.0},{"not_picked":["Thunderclap","Flex"],"picked":"Entrench","floor":24.0},{"not_picked":["Cleave","Second Wind","Feel No Pain"],"picked":"Singing Bowl","floor":27.0},{"not_picked":["Rupture","Warcry","True Grit"],"picked":"Singing Bowl","floor":29.0}],"player_experience":197148,"relics_obtained":[{"floor":6.0,"key":"Ancient Tea Set"},{"floor":8.0,"key":"Magic Flower"},{"floor":9.0,"key":"Meat on the Bone"},{"floor":14.0,"key":"Girya"},{"floor":23.0,"key":"Singing Bowl"},{"floor":26.0,"key":"MawBank"}],"event_choices":[{"cards_removed":["Strike_R"],"damage_healed":0.0,"max_hp_gain":0.0,"max_hp_loss":0.0,"gold_gain":0.0,"event_name":"Back to Basics","player_choice":"Elegance","floor":19.0,"gold_loss":0.0,"damage_taken":0.0},{"damage_healed":0.0,"max_hp_gain":0.0,"max_hp_loss":0.0,"gold_gain":0.0,"event_name":"The Mausoleum","player_choice":"Opened","floor":21.0,"gold_loss":0.0,"damage_taken":0.0,"relics_obtained":["Happy Flower"]},{"damage_healed":0.0,"max_hp_gain":5.0,"max_hp_loss":0.0,"gold_gain":0.0,"event_name":"Forgotten Altar","player_choice":"Shed Blood","floor":28.0,"gold_loss":0.0,"damage_taken":21.0}],"is_beta":false,"boss_relics":[{"not_picked":["Runic Pyramid","Black Star"],"picked":"Black Blood"}],"items_purged_floors":[31],"is_endless":false,"potions_floor_spawned":[4,6,7,14,20,22,23,24],"killed_by":"Collector","ascension_level":6}