{"gold_per_floor":[119,119,44,57,75,110,127,127,127,156,156,186,211,186,186,265,265,280,205,220,220],"floor_reached":21,"playtime":1765,"items_purged":["Parasite"],"score":378,"play_id":"bf5fe1c9-6803-43b6-9709-f69306f1f90d","local_time":"20190204175637","is_ascension_mode":true,"campfire_choices":[{"floor":8,"key":"REST"},{"floor":11,"key":"REST"},{"floor":15,"key":"REST"}],"neow_cost":"CURSE","seed_source_timestamp":0,"circlet_count":0,"master_deck":["AscendersBane","Strike_B","Strike_B","Strike_B+1","Defend_B","Defend_B+1","Defend_B","Defend_B","Zap","Dualcast","Go for the Eyes","Ball Lightning","Reinforced Body","Tempest","Blizzard","Meteor Strike","Steam"],"special_seed":0,"relics":["Cracked Core","Turnip","Dead Branch","Mango","Ice Cream","Blue Candle","Runic Dome"],"potions_floor_usage":[8,13],"damage_taken":[{"damage":7.0,"enemies":"Small Slimes","floor":1.0,"turns":4.0},{"damage":4.0,"enemies":"Jaw Worm","floor":4.0,"turns":3.0},{"damage":7.0,"enemies":"2 Louse","floor":5.0,"turns":3.0},{"damage":22.0,"enemies":"Gremlin Nob","floor":6.0,"turns":4.0},{"damage":0.0,"enemies":"Blue Slaver","floor":7.0,"turns":4.0},{"damage":19,"enemies":"3 Sentries","floor":10,"turns":7},{"damage":6,"enemies":"Gremlin Nob","floor":13,"turns":3},{"damage":6,"enemies":"Exordium Thugs","floor":14,"turns":5},{"damage":25,"enemies":"The Guardian","floor":16,"turns":12},{"damage":20,"enemies":"Shell Parasite","floor":18,"turns":6},{"damage":41,"enemies":"2 Thieves","floor":20,"turns":3},{"damage":19,"enemies":"Sentry and Sphere","floor":21,"turns":3}],"seed_played":"3887290595407918834","potions_obtained":[{"floor":4.0,"key":"Weak Potion"},{"floor":5.0,"key":"Ancient Potion"},{"floor":7.0,"key":"Fruit Juice"},{"floor":13,"key":"SkillPotion"},{"floor":18,"key":"Poison Potion"}],"is_trial":false,"path_per_floor":["M","?","$","M","M","E","M","R","T","E","R","?","E","M","R","B",null,"M","?","M","M"],"character_chosen":"DEFECT","items_purchased":[],"campfire_rested":3,"item_purchase_floors":[],"current_hp_per_floor":[57,36,36,32,25,3,3,29,43,24,50,50,44,38,64,39,75,55,55,14,0],"gold":220,"neow_bonus":"ONE_RARE_RELIC","is_prod":false,"is_daily":false,"chose_seed":false,"campfire_upgraded":0,"win_rate":0,"timestamp":1549292197,"path_taken":["M","?","$","M","M","E","M","R","T","E","R","?","E","M","R","BOSS","M","?","M","M"],"build_version":"2019-01-23","purchased_purges":1,"victory":false,"max_hp_per_floor":[71,71,68,68,68,68,68,73,87,87,87,87,87,87,87,87,87,87,87,87,87],"card_choices":[{"not_picked":["Gash","Doom and Gloom"],"picked":"Go for the Eyes","floor":1.0},{"not_picked":["Redo","Compile Driver"],"picked":"Ball Lightning","floor":4.0},{"not_picked":["Scrape","Gash","Steam Power"],"picked":"SKIP","floor":5.0},{"not_picked":["Loop","Doom and Gloom"],"picked":"Reinforced Body","floor":6.0},{"not_picked":["Consume","Sweeping Beam","Rip and Tear"],"picked":"SKIP","floor":7.0},{"not_picked":["Fusion","Compile Driver"],"picked":"Tempest","floor":10},{"not_picked":["Multi-Cast","Aggregate","Hologram"],"picked":"SKIP","floor":13},{"not_picked":["Chill","Rebound"],"picked":"Blizzard","floor":14},{"not_picked":["Creative AI","Seek"],"picked":"Meteor Strike","floor":16},{"not_picked":["Go for the Eyes+1","Beam Cell","Leap"],"picked":"SKIP","floor":18},{"not_picked":["Steam Power+1","Hologram"],"picked":"Steam","floor":20}],"player_experience":917861,"relics_obtained":[{"floor":6.0,"key":"Dead Branch"},{"floor":9,"key":"Mango"},{"floor":10,"key":"Ice Cream"},{"floor":13,"key":"Blue Candle"}],"event_choices":[{"damage_healed":0.0,"max_hp_gain":0.0,"max_hp_loss":0.0,"gold_gain":0.0,"event_name":"Shining Light","player_choice":"Entered Light","floor":2.0,"gold_loss":0.0,"damage_taken":21.0,"cards_upgraded":["Defend_B","Strike_B"]},{"damage_healed":0,"gold_gain":30,"player_choice":"Searched \u00271\u0027 times","damage_taken":0,"max_hp_gain":0,"max_hp_loss":0,"event_name":"Dead Adventurer","floor":12,"gold_loss":0},{"cards_removed":["Strike_B"],"damage_healed":0,"gold_gain":0,"player_choice":"Gave Gold","damage_taken":0,"max_hp_gain":0,"max_hp_loss":0,"event_name":"Beggar","floor":19,"gold_loss":75}],"is_beta":false,"boss_relics":[{"not_picked":["Coffee Dripper","Tiny House"],"picked":"Runic Dome"}],"items_purged_floors":[3],"is_endless":false,"potions_floor_spawned":[4,5,7,13,18],"killed_by":"Sentry and Sphere","ascension_level":18}