{"gold_per_floor":[16,16,16,16,36,36,70,70,139,152,168,168,168,186,186,259,259,274,20,32,45,59,59,59],"floor_reached":24,"playtime":1252,"items_purged":["Pain"],"score":413,"play_id":"d6194325-704d-49df-b14d-ac4c1472e20c","local_time":"20181204165941","is_ascension_mode":true,"campfire_choices":[{"floor":6,"key":"REST"},{"data":"Limit Break","floor":8,"key":"SMITH"},{"floor":13,"key":"REST"},{"floor":15,"key":"RECALL"},{"floor":23,"key":"REST"}],"neow_cost":"NO_GOLD","seed_source_timestamp":50435439359678,"circlet_count":0,"master_deck":["AscendersBane","Defend_R","Defend_R","Defend_R","Defend_R","Bash","Spot Weakness+1","Limit Break+1","Heavy Blade+1","Double Tap","Rage+1","Inflame+1","Fire Breathing+1","Whirlwind","Metallicize","Headbutt","Flame Barrier","Pummel"],"relics":["Burning Blood","Regal Pillow","WarpedTongs","Happy Flower","The Courier","Astrolabe","Red Skull"],"potions_floor_usage":[7,11,22,22,24],"damage_taken":[{"damage":11,"enemies":"Jaw Worm","floor":1,"turns":6},{"damage":10,"enemies":"Cultist","floor":5,"turns":3},{"damage":29,"enemies":"3 Sentries","floor":7,"turns":11},{"damage":6,"enemies":"2 Louse","floor":10,"turns":4},{"damage":24,"enemies":"Gremlin Gang","floor":11,"turns":4},{"damage":24,"enemies":"Lots of Slimes","floor":14,"turns":4},{"damage":52,"enemies":"The Guardian","floor":16,"turns":7},{"damage":23,"enemies":"Spheric Guardian","floor":18,"turns":4},{"damage":14,"enemies":"2 Thieves","floor":20,"turns":3},{"damage":21,"enemies":"Snake Plant","floor":21,"turns":3},{"damage":27,"enemies":"Cultist and Chosen","floor":22,"turns":7},{"damage":50,"enemies":"Slavers","floor":24,"turns":2}],"seed_played":"1417334497902911254","potions_obtained":[{"floor":1,"key":"PowerPotion"},{"floor":10,"key":"Strength Potion"},{"floor":16,"key":"GamblersBrew"},{"floor":18,"key":"Regen Potion"},{"floor":22,"key":"SneckoOil"}],"is_trial":false,"path_per_floor":["M","?","?","?","M","R","E","R","T","M","M","?","R","M","R","B",null,"M","$","M","M","M","R","E"],"character_chosen":"IRONCLAD","items_purchased":["Metallicize","Red Skull"],"campfire_rested":3,"item_purchase_floors":[19,19],"current_hp_per_floor":[63,63,45,45,41,75,52,52,52,52,34,34,71,53,53,7,58,41,41,33,18,12,49,0],"gold":59,"neow_bonus":"REMOVE_TWO","is_prod":false,"is_daily":false,"chose_seed":false,"campfire_upgraded":1,"win_rate":0,"timestamp":1543931981,"path_taken":["M","?","?","?","M","R","E","R","T","M","?","?","R","M","R","BOSS","M","$","M","M","M","R","E"],"build_version":"2018-11-15","purchased_purges":1,"victory":false,"max_hp_per_floor":[75,75,75,75,75,75,75,75,75,75,75,75,75,75,75,75,75,75,75,75,75,75,75,75],"card_choices":[{"not_picked":["Pommel Strike","Cleave"],"picked":"Spot Weakness","floor":1},{"not_picked":["Anger","Twin Strike","Dual Wield"],"picked":"SKIP","floor":5},{"not_picked":["Clash","Perfected Strike"],"picked":"Limit Break","floor":7},{"not_picked":["Sever Soul","Seeing Red"],"picked":"Heavy Blade","floor":10},{"not_picked":["Havoc","Hemokinesis","Twin Strike"],"picked":"SKIP","floor":11},{"not_picked":["Body Slam","Heavy Blade","Sword Boomerang"],"picked":"SKIP","floor":14},{"not_picked":["Dark Embrace","Juggernaut"],"picked":"Double Tap","floor":16},{"not_picked":["Metallicize","Perfected Strike"],"picked":"Whirlwind","floor":18},{"not_picked":["Uppercut+1","Sever Soul"],"picked":"Headbutt","floor":20},{"not_picked":["Warcry+1","Corruption"],"picked":"Flame Barrier","floor":21},{"not_picked":["Pommel Strike","Perfected Strike"],"picked":"Pummel","floor":22}],"player_experience":818705,"relics_obtained":[{"floor":7,"key":"Happy Flower"},{"floor":9,"key":"The Courier"}],"event_choices":[{"damage_healed":0,"gold_gain":0,"player_choice":"Grow","damage_taken":0,"max_hp_gain":0,"max_hp_loss":0,"event_name":"Living Wall","floor":2,"gold_loss":0,"cards_upgraded":["Spot Weakness"]},{"damage_healed":0,"gold_gain":0,"player_choice":"Success","damage_taken":18,"relics_obtained":["Regal Pillow"],"max_hp_gain":0,"max_hp_loss":0,"event_name":"Scrap Ooze","floor":3,"gold_loss":0},{"damage_healed":0,"gold_gain":0,"player_choice":"Rummage","damage_taken":0,"relics_obtained":["WarpedTongs"],"max_hp_gain":0,"max_hp_loss":0,"event_name":"Accursed Blacksmith","floor":4,"gold_loss":0,"cards_obtained":["Pain"]},{"damage_healed":0,"gold_gain":0,"player_choice":"Upgraded","damage_taken":0,"max_hp_gain":0,"max_hp_loss":0,"event_name":"Upgrade Shrine","floor":12,"gold_loss":0,"cards_upgraded":["Heavy Blade"]}],"is_beta":false,"boss_relics":[{"not_picked":["Orrery","Busted Crown"],"picked":"Astrolabe"}],"items_purged_floors":[19],"is_endless":false,"potions_floor_spawned":[1,10,16,18,20,22],"killed_by":"Slavers","ascension_level":17}