{"gold_per_floor":[118,130,144,144,144,144,188,188,267,310,48,72,93,268,268,399,399,418,418],"floor_reached":19,"playtime":829,"items_purged":[],"score":204,"play_id":"196f32ef-942a-4fa2-b495-3c6d4a79961f","local_time":"20190513182954","is_ascension_mode":true,"campfire_choices":[{"data":"Sucker Punch","floor":6,"key":"SMITH"},{"floor":15,"key":"REST"}],"neow_cost":"NONE","seed_source_timestamp":258436148733100,"circlet_count":0,"master_deck":["Defend_G","Defend_G","Defend_G","Defend_G","Defend_G","Strike_G","Strike_G","Strike_G","Strike_G","Strike_G","Survivor","Neutralize","Cloak And Dagger+1","Poisoned Stab","Sucker Punch+1","Flechettes","Envenom","Apotheosis","Crippling Poison","Backstab","Quick Slash","Doubt","After Image","Regret","Injury","Pain","Blade Dance"],"relics":["Ring of the Snake","Golden Idol","Vajra","Question Card","Blue Candle","Calling Bell","Smiling Mask","Molten Egg 2","Torii"],"potions_floor_usage":[7,10,16,19],"damage_taken":[{"damage":2,"enemies":"Cultist","floor":1,"turns":5},{"damage":0,"enemies":"2 Louse","floor":2,"turns":3},{"damage":0,"enemies":"Jaw Worm","floor":3,"turns":4},{"damage":24,"enemies":"Gremlin Nob","floor":7,"turns":5},{"damage":21,"enemies":"Lagavulin","floor":10,"turns":6},{"damage":4,"enemies":"Blue Slaver","floor":12,"turns":2},{"damage":0,"enemies":"3 Louse","floor":13,"turns":2},{"damage":11,"enemies":"Hexaghost","floor":16,"turns":9},{"damage":37,"enemies":"Shell Parasite","floor":18,"turns":8},{"damage":50,"enemies":"Spheric Guardian","floor":19,"turns":5}],"seed_played":"-5761220598860110158","potions_obtained":[{"floor":3,"key":"Block Potion"},{"floor":7,"key":"EssenceOfSteel"},{"floor":13,"key":"Poison Potion"},{"floor":16,"key":"Swift Potion"}],"is_trial":false,"path_per_floor":["M","M","M","?","?","R","E","?","T","E","$","M","M","?","R","B",null,"M","M"],"character_chosen":"THE_SILENT","items_purchased":["Apotheosis","Crippling Poison"],"campfire_rested":1,"item_purchase_floors":[11,11],"current_hp_per_floor":[75,75,75,75,56,56,32,37,37,16,16,12,12,12,36,25,82,45,0],"gold":418,"neow_bonus":"TEN_PERCENT_HP_BONUS","is_prod":false,"is_daily":false,"chose_seed":false,"campfire_upgraded":1,"win_rate":0,"timestamp":1557790194,"path_taken":["M","M","M","?","?","R","E","?","T","E","$","M","?","?","R","BOSS","M","M"],"build_version":"2019-01-23","purchased_purges":0,"victory":false,"max_hp_per_floor":[77,77,77,77,77,77,77,82,82,82,82,82,82,82,82,82,82,82,82],"card_choices":[{"not_picked":["Acrobatics","Dagger Throw"],"picked":"Cloak And Dagger","floor":1},{"not_picked":["Masterful Stab","Tactician"],"picked":"Poisoned Stab","floor":2},{"not_picked":["Expertise","Skewer"],"picked":"Sucker Punch","floor":3},{"not_picked":["Sucker Punch","Bane"],"picked":"Flechettes","floor":7},{"not_picked":["Dagger Spray","Prepared","Underhanded Strike"],"picked":"Envenom","floor":10},{"not_picked":["Dagger Throw","Crippling Poison","Slice"],"picked":"Backstab","floor":12},{"not_picked":["Acrobatics","Calculated Gamble","Bane"],"picked":"Quick Slash","floor":13},{"not_picked":["Tools of the Trade","Glass Knife","Die Die Die"],"picked":"After Image","floor":16},{"not_picked":["Predator+1","Distraction","Flechettes+1"],"picked":"Blade Dance","floor":18}],"player_experience":180299,"relics_obtained":[{"floor":7,"key":"Vajra"},{"floor":9,"key":"Question Card"},{"floor":10,"key":"Blue Candle"},{"floor":17,"key":"Smiling Mask"},{"floor":17,"key":"Molten Egg 2"},{"floor":17,"key":"Torii"}],"event_choices":[{"damage_healed":0,"gold_gain":0,"player_choice":"Grow","damage_taken":0,"max_hp_gain":0,"max_hp_loss":0,"event_name":"Living Wall","floor":4,"gold_loss":0,"cards_upgraded":["Cloak And Dagger"]},{"damage_healed":0,"gold_gain":0,"player_choice":"Take Damage","damage_taken":19,"relics_obtained":["Golden Idol"],"max_hp_gain":0,"max_hp_loss":0,"event_name":"Golden Idol","floor":5,"gold_loss":0},{"damage_healed":0,"gold_gain":0,"player_choice":"Donut","damage_taken":0,"max_hp_gain":5,"max_hp_loss":0,"event_name":"Big Fish","floor":8,"gold_loss":0},{"damage_healed":0,"gold_gain":175,"player_choice":"AGREE","damage_taken":0,"max_hp_gain":0,"max_hp_loss":0,"event_name":"Liars Game","floor":14,"gold_loss":0,"cards_obtained":["Doubt"]}],"is_beta":false,"boss_relics":[{"not_picked":["White Beast Statue","Empty Cage"],"picked":"Calling Bell"}],"items_purged_floors":[],"is_endless":false,"potions_floor_spawned":[3,7,13,16],"killed_by":"Spheric Guardian","ascension_level":3}