{"gold_per_floor":[118,136,10,25,43,43,73,85,85,100,127,202,236,236,236,338,338,349,367,383,383,116,116,143,143,212,212,226,226,238,238,238,342,342,360,373,373,383,129,129,4,20,65,91,102,102,24,38,38,38],"floor_reached":51,"playtime":3455,"items_purged":["Strike_G","Defend_G","Defend_G"],"score":719,"play_id":"e8b8ae81-3a47-4f8b-89d1-c40d95937cc9","local_time":"20190606163221","is_ascension_mode":false,"campfire_choices":[{"data":"Neutralize","floor":6,"key":"SMITH"},{"data":"Sucker Punch","floor":15,"key":"SMITH"},{"data":"Noxious Fumes","floor":23,"key":"SMITH"},{"data":"Backstab","floor":25,"key":"SMITH"},{"data":"Endless Agony","floor":27,"key":"SMITH"},{"floor":32,"key":"REST"},{"floor":40,"key":"REST"},{"floor":49,"key":"REST"}],"neow_cost":"NONE","seed_source_timestamp":1044744209210075,"circlet_count":0,"master_deck":["Defend_G","Defend_G","Defend_G","Strike_G","Strike_G","Strike_G","Strike_G","Survivor","Neutralize+1","Dash","Noxious Fumes+1","Sucker Punch+1","Poisoned Stab","Dagger Spray","Dagger Throw","Endless Agony+1","Backstab+1","Unload","PiercingWail+1","Master of Strategy","Calculated Gamble","Noxious Fumes+1","After Image","Reflex+1","After Image","Finisher","Poisoned Stab+1","Madness","Madness","Calculated Gamble","Malaise"],"relics":["Ring of the Snake","Ninja Scroll","Unceasing Top","Meat on the Bone","Tough Bandages","Busted Crown","Letter Opener","Orichalcum","Bottled Tornado","Fusion Hammer","Vajra","Ancient Tea Set","Strawberry"],"potions_floor_usage":[7,11,16,24,24,33,45,50,50],"damage_taken":[{"damage":2,"enemies":"2 Louse","floor":1,"turns":3},{"damage":0,"enemies":"Jaw Worm","floor":2,"turns":4},{"damage":0,"enemies":"Small Slimes","floor":4,"turns":3},{"damage":8,"enemies":"Gremlin Gang","floor":5,"turns":4},{"damage":14,"enemies":"Gremlin Nob","floor":7,"turns":4},{"damage":4,"enemies":"Looter","floor":8,"turns":3},{"damage":1,"enemies":"Blue Slaver","floor":10,"turns":3},{"damage":16,"enemies":"Lagavulin","floor":11,"turns":6},{"damage":4,"enemies":"Gremlin Nob","floor":13,"turns":3},{"damage":7,"enemies":"Slime Boss","floor":16,"turns":6},{"damage":0,"enemies":"2 Thieves","floor":18,"turns":3},{"damage":0,"enemies":"Chosen","floor":19,"turns":3},{"damage":10,"enemies":"Snake Plant","floor":20,"turns":5},{"damage":31,"enemies":"Book of Stabbing","floor":24,"turns":6},{"damage":1,"enemies":"Centurion and Healer","floor":28,"turns":4},{"damage":0,"enemies":"Cultist and Chosen","floor":30,"turns":4},{"damage":43,"enemies":"Automaton","floor":33,"turns":9},{"damage":0,"enemies":"3 Shapes","floor":35,"turns":3},{"damage":2,"enemies":"Orb Walker","floor":36,"turns":3},{"damage":0,"enemies":"Spire Growth","floor":38,"turns":4},{"damage":0,"enemies":"Jaw Worm Horde","floor":42,"turns":3},{"damage":6,"enemies":"Giant Head","floor":44,"turns":6},{"damage":9,"enemies":"4 Shapes","floor":45,"turns":4},{"damage":2,"enemies":"3 Darklings","floor":48,"turns":3},{"damage":54,"enemies":"Donu and Deca","floor":50,"turns":10}],"seed_played":"3292310452669337792","potions_obtained":[{"floor":2,"key":"Strength Potion"},{"floor":4,"key":"Regen Potion"},{"floor":8,"key":"SkillPotion"},{"floor":10,"key":"FearPotion"},{"floor":16,"key":"Swift Potion"},{"floor":18,"key":"Explosive Potion"},{"floor":30,"key":"FearPotion"},{"floor":33,"key":"Weak Potion"},{"floor":38,"key":"Block Potion"},{"floor":42,"key":"Explosive Potion"}],"is_trial":false,"path_per_floor":["M","M","$","M","M","R","E","M","T","M","E","?","E","?","R","B",null,"M","M","M","?","$","R","E","R","T","R","M","?","M","?","R","B",null,"M","M","?","M","$","R","$","M","T","E","M","?","$","M","R","B",null],"character_chosen":"THE_SILENT","items_purchased":["Noxious Fumes","Sucker Punch","Master of Strategy","Vajra","Calculated Gamble"],"campfire_rested":3,"item_purchase_floors":[3,3,22,39,47],"current_hp_per_floor":[75,75,75,75,67,67,53,49,49,48,47,36,44,44,44,49,77,77,77,67,67,67,67,48,48,48,48,47,33,45,45,69,38,82,82,80,80,80,80,82,82,82,82,83,74,63,63,61,87,45],"gold":38,"neow_bonus":"TEN_PERCENT_HP_BONUS","is_prod":false,"is_daily":false,"chose_seed":false,"campfire_upgraded":5,"win_rate":0.0,"timestamp":1559853141,"path_taken":["M","M","$","M","M","R","E","M","T","M","E","?","E","?","R","BOSS","M","M","M","?","$","R","E","R","T","R","?","?","M","?","R","BOSS","M","M","?","M","$","R","$","?","T","E","M","?","?","M","R","BOSS"],"build_version":"2019-01-23","purchased_purges":3,"victory":true,"max_hp_per_floor":[77,77,77,77,77,77,77,77,77,77,77,77,77,77,77,77,77,77,77,77,77,77,77,77,77,77,77,77,82,82,82,82,82,82,82,82,82,82,82,82,82,82,82,89,89,89,89,89,89,89],"card_choices":[{"not_picked":["Deflect","Outmaneuver"],"picked":"Dash","floor":1},{"not_picked":["Expertise","Choke","Eviscerate"],"picked":"SKIP","floor":2},{"not_picked":["Backflip","Dodge and Roll"],"picked":"Poisoned Stab","floor":4},{"not_picked":["Poisoned Stab","Dagger Throw"],"picked":"Dagger Spray","floor":5},{"not_picked":["Escape Plan","Distraction"],"picked":"Dagger Throw","floor":7},{"not_picked":["Expertise","Riddle With Holes","Flying Knee"],"picked":"SKIP","floor":8},{"not_picked":["PiercingWail","Deadly Poison"],"picked":"Endless Agony","floor":10},{"not_picked":["Acrobatics","Quick Slash"],"picked":"Backstab","floor":11},{"not_picked":["Sucker Punch","Reflex"],"picked":"Unload","floor":13},{"not_picked":["Outmaneuver+1"],"picked":"SKIP","floor":18},{"not_picked":[],"picked":"PiercingWail+1","floor":19},{"not_picked":["Slice"],"picked":"SKIP","floor":20},{"not_picked":["PiercingWail"],"picked":"SKIP","floor":24},{"not_picked":[],"picked":"Calculated Gamble","floor":28},{"not_picked":["Deadly Poison"],"picked":"SKIP","floor":30},{"not_picked":[],"picked":"After Image","floor":33},{"not_picked":["PiercingWail"],"picked":"SKIP","floor":35},{"not_picked":[],"picked":"Reflex+1","floor":36},{"not_picked":[],"picked":"Poisoned Stab+1","floor":38},{"not_picked":["Poisoned Stab+1"],"picked":"SKIP","floor":42},{"not_picked":["Underhanded Strike"],"picked":"SKIP","floor":44},{"not_picked":["Quick Slash+1"],"picked":"SKIP","floor":45},{"not_picked":[],"picked":"Malaise","floor":48}],"player_experience":9696,"relics_obtained":[{"floor":7,"key":"Ninja Scroll"},{"floor":9,"key":"Unceasing Top"},{"floor":11,"key":"Meat on the Bone"},{"floor":13,"key":"Tough Bandages"},{"floor":24,"key":"Orichalcum"},{"floor":26,"key":"Bottled Tornado"},{"floor":43,"key":"Ancient Tea Set"},{"floor":44,"key":"Strawberry"}],"event_choices":[{"damage_healed":0,"gold_gain":75,"player_choice":"Gather Gold","damage_taken":11,"max_hp_gain":0,"max_hp_loss":0,"event_name":"World of Goop","floor":12,"gold_loss":0},{"damage_healed":0,"gold_gain":0,"player_choice":"Ignored","damage_taken":0,"max_hp_gain":0,"max_hp_loss":0,"event_name":"Liars Game","floor":14,"gold_loss":0},{"damage_healed":0,"gold_gain":0,"player_choice":"Gave Potion","damage_taken":0,"relics_obtained":["Letter Opener"],"max_hp_gain":0,"max_hp_loss":0,"event_name":"WeMeetAgain","floor":21,"gold_loss":0},{"damage_healed":0,"gold_gain":0,"player_choice":"Shed Blood","damage_taken":19,"max_hp_gain":5,"max_hp_loss":0,"event_name":"Forgotten Altar","floor":29,"gold_loss":0},{"damage_healed":0,"gold_gain":0,"player_choice":"Copied","damage_taken":0,"max_hp_gain":0,"max_hp_loss":0,"event_name":"Duplicator","floor":31,"gold_loss":0,"cards_obtained":["Noxious Fumes"]},{"damage_healed":0,"gold_gain":0,"player_choice":"2 cards matched","damage_taken":0,"max_hp_gain":0,"max_hp_loss":0,"event_name":"Match and Keep!","floor":37,"gold_loss":0,"cards_obtained":["After Image","Finisher"]},{"damage_healed":0,"gold_gain":0,"player_choice":"Embrace Madness","damage_taken":11,"max_hp_gain":0,"max_hp_loss":0,"event_name":"Winding Halls","floor":46,"gold_loss":0,"cards_obtained":["Madness","Madness"]}],"is_beta":false,"boss_relics":[{"not_picked":["Astrolabe","Orrery"],"picked":"Busted Crown"},{"not_picked":["Philosopher\u0027s Stone","Runic Pyramid"],"picked":"Fusion Hammer"}],"items_purged_floors":[22,39,41],"is_endless":false,"potions_floor_spawned":[2,4,8,10,16,18,30,33,38,42],"ascension_level":0}