{"gold_per_floor":[118,129,129,149,168,168,168,197,245,260,210,229,239,255,255,351,351,371,43,58,158,173,173,183,216,241,255,273,292,292,309,309,309],"floor_reached":33,"playtime":2843,"items_purged":[],"score":327,"play_id":"ceb2316d-a4c7-4c04-8fdb-1cad80e2d563","local_time":"20190427132638","is_ascension_mode":false,"campfire_choices":[{"data":"Neutralize","floor":6,"key":"SMITH"},{"floor":15,"key":"REST"},{"floor":23,"key":"REST"},{"floor":30,"key":"REST"},{"data":"Well Laid Plans","floor":32,"key":"SMITH"}],"neow_cost":"NONE","seed_source_timestamp":773238919106200,"circlet_count":0,"master_deck":["Defend_G","Defend_G","Defend_G","Defend_G","Defend_G","Strike_G","Strike_G","Strike_G","Strike_G+1","Strike_G","Survivor","Neutralize+1","Quick Slash+1","Deadly Poison","Dagger Spray","Expertise","Riddle With Holes","Bane","Deflect","Bouncing Flask","Quick Slash","Well Laid Plans+1","Unload","Backstab","Blade Dance","Tactician","Poisoned Stab+1","Bane","Heel Hook+1","Panache","Flying Knee","Outmaneuver+1","Endless Agony","Slice","Poisoned Stab+1","Backstab+1","All Out Attack+1","Deflect"],"relics":["Ring of the Snake","Centennial Puzzle","Shuriken","Happy Flower","Orrery","Snake Skull","Whetstone","Ancient Tea Set"],"potions_floor_usage":[8,8,10,16,22,29,33,33],"damage_taken":[{"damage":0,"enemies":"2 Louse","floor":1,"turns":3},{"damage":0,"enemies":"Cultist","floor":2,"turns":3},{"damage":0,"enemies":"Small Slimes","floor":4,"turns":2},{"damage":11,"enemies":"Exordium Thugs","floor":5,"turns":3},{"damage":25,"enemies":"3 Sentries","floor":8,"turns":8},{"damage":0,"enemies":"Large Slime","floor":10,"turns":4},{"damage":4,"enemies":"Red Slaver","floor":12,"turns":2},{"damage":4,"enemies":"Exordium Wildlife","floor":13,"turns":5},{"damage":0,"enemies":"Lots of Slimes","floor":14,"turns":4},{"damage":19,"enemies":"Hexaghost","floor":16,"turns":8},{"damage":1,"enemies":"Chosen","floor":18,"turns":3},{"damage":1,"enemies":"Spheric Guardian","floor":20,"turns":3},{"damage":23,"enemies":"Snake Plant","floor":22,"turns":4},{"damage":28,"enemies":"Sentry and Sphere","floor":24,"turns":4},{"damage":0,"enemies":"Gremlin Leader","floor":25,"turns":5},{"damage":0,"enemies":"3 Cultists","floor":27,"turns":3},{"damage":1,"enemies":"Chosen and Byrds","floor":28,"turns":4},{"damage":7,"enemies":"Centurion and Healer","floor":29,"turns":3},{"damage":0,"enemies":"Snecko","floor":31,"turns":2},{"damage":71,"enemies":"Collector","floor":33,"turns":5}],"seed_played":"-5111266210644484005","potions_obtained":[{"floor":2,"key":"GamblersBrew"},{"floor":5,"key":"Poison Potion"},{"floor":8,"key":"Poison Potion"},{"floor":14,"key":"FearPotion"},{"floor":16,"key":"SpeedPotion"},{"floor":18,"key":"SneckoOil"},{"floor":27,"key":"Weak Potion"},{"floor":28,"key":"AttackPotion"},{"floor":29,"key":"EssenceOfSteel"}],"is_trial":false,"path_per_floor":["M","M","?","M","M","R","?","E","T","M","$","M","M","M","R","B",null,"M","$","M","?","M","R","M","E","T","M","M","M","R","M","R","B"],"character_chosen":"THE_SILENT","items_purchased":["Deflect","Snake Skull","Panache"],"campfire_rested":3,"item_purchase_floors":[11,19,19],"current_hp_per_floor":[70,70,70,70,59,59,59,34,34,34,34,30,26,26,47,28,70,69,69,68,68,45,66,38,38,38,38,37,30,51,51,51,0],"gold":309,"neow_bonus":"RANDOM_COMMON_RELIC","is_prod":false,"is_daily":false,"chose_seed":false,"campfire_upgraded":2,"win_rate":0.0,"timestamp":1556389598,"path_taken":["M","M","?","M","M","R","?","E","T","M","$","M","M","M","R","BOSS","M","$","M","?","?","R","?","E","T","M","M","M","R","M","R","BOSS"],"build_version":"2019-01-23","purchased_purges":0,"victory":false,"max_hp_per_floor":[70,70,70,70,70,70,70,70,70,70,70,70,70,70,70,70,70,70,70,70,70,70,70,70,70,70,70,70,70,70,70,70,70],"card_choices":[{"not_picked":["Dodge and Roll","Riddle With Holes"],"picked":"Quick Slash","floor":1},{"not_picked":["Terror","Flechettes"],"picked":"Deadly Poison","floor":2},{"not_picked":["Reflex","Blade Dance"],"picked":"Dagger Spray","floor":4},{"not_picked":["Dagger Throw","Underhanded Strike"],"picked":"Expertise","floor":5},{"not_picked":["Underhanded Strike","Caltrops"],"picked":"Riddle With Holes","floor":8},{"not_picked":["Outmaneuver","Quick Slash"],"picked":"Bane","floor":10},{"not_picked":["Masterful Stab","Backstab"],"picked":"Bouncing Flask","floor":12},{"not_picked":["Sucker Punch","PiercingWail"],"picked":"Quick Slash","floor":13},{"not_picked":["Blur","Poisoned Stab"],"picked":"Well Laid Plans","floor":14},{"not_picked":["A Thousand Cuts","Venomology"],"picked":"Unload","floor":16},{"not_picked":["Dodge and Roll","Quick Slash"],"picked":"Backstab","floor":17},{"not_picked":["Deflect","Endless Agony"],"picked":"Blade Dance","floor":17},{"not_picked":["Sucker Punch","Calculated Gamble"],"picked":"Tactician","floor":17},{"not_picked":["PiercingWail","Sucker Punch"],"picked":"Poisoned Stab","floor":17},{"not_picked":["Noxious Fumes","Dodge and Roll"],"picked":"Bane","floor":17},{"not_picked":["Backstab","Noxious Fumes"],"picked":"Heel Hook+1","floor":18},{"not_picked":["PiercingWail","Dagger Throw"],"picked":"Flying Knee","floor":20},{"not_picked":["Sucker Punch","Escape Plan"],"picked":"Outmaneuver+1","floor":22},{"not_picked":["Dodge and Roll","Flying Knee"],"picked":"Endless Agony","floor":24},{"not_picked":["Catalyst","Dodge and Roll+1"],"picked":"Slice","floor":25},{"not_picked":["Phantasmal Killer","Dagger Throw"],"picked":"Poisoned Stab+1","floor":27},{"not_picked":["Poisoned Stab","Bane"],"picked":"Backstab+1","floor":28},{"not_picked":["Quick Slash","Poisoned Stab"],"picked":"All Out Attack+1","floor":29},{"not_picked":["Dagger Throw","All Out Attack+1"],"picked":"Deflect","floor":31}],"player_experience":14044,"relics_obtained":[{"floor":8,"key":"Shuriken"},{"floor":9,"key":"Happy Flower"},{"floor":25,"key":"Whetstone"},{"floor":26,"key":"Ancient Tea Set"}],"event_choices":[{"damage_healed":0,"gold_gain":0,"player_choice":"Grow","damage_taken":0,"max_hp_gain":0,"max_hp_loss":0,"event_name":"Living Wall","floor":3,"gold_loss":0,"cards_upgraded":["Quick Slash"]},{"damage_healed":0,"gold_gain":0,"player_choice":"Ignored","damage_taken":0,"max_hp_gain":0,"max_hp_loss":0,"event_name":"Shining Light","floor":7,"gold_loss":0},{"damage_healed":0,"gold_gain":100,"player_choice":"Pray","damage_taken":0,"max_hp_gain":0,"max_hp_loss":0,"event_name":"Golden Shrine","floor":21,"gold_loss":0}],"is_beta":false,"boss_relics":[{"not_picked":["Runic Dome","Tiny House"],"picked":"Orrery"}],"items_purged_floors":[],"is_endless":false,"potions_floor_spawned":[2,5,8,14,16,18,27,28,29],"killed_by":"Collector","ascension_level":0}