{"gold_per_floor":[113,213,92,104,20,53,53,78,78,109,124,134,134,150,150,246,246,264,275,286,286,298,298,327,327,327,327,359,371,371,389,389,492,492,508,508,528,538,555,555,261,277,277,277,288,318,333,366,366,366],"floor_reached":51,"playtime":4207,"items_purged":["Writhe"],"score":796,"play_id":"86cc4257-57e6-4362-9fd0-643f874eb9df","local_time":"20190428003535","is_ascension_mode":false,"campfire_choices":[{"floor":13,"key":"REST"},{"data":"Trip","floor":15,"key":"SMITH"},{"data":"Finesse","floor":23,"key":"SMITH"},{"data":"Cleave","floor":25,"key":"SMITH"},{"data":"Rage","floor":32,"key":"SMITH"},{"data":"Armaments","floor":40,"key":"SMITH"},{"data":"Iron Wave","floor":44,"key":"SMITH"},{"floor":49,"key":"REST"}],"neow_cost":"NONE","seed_source_timestamp":811996079085600,"circlet_count":0,"master_deck":["Strike_R","Strike_R","Strike_R","Strike_R","Defend_R+1","Defend_R","Defend_R","Defend_R","Bash","Cleave+1","Iron Wave+1","Trip+1","Flex+1","Finesse+1","Armaments+1","Dropkick+1","Dual Wield","Body Slam+1","Thunderclap+1","Double Tap","Iron Wave+1","Iron Wave+1","Flex","Body Slam+1","Armaments+1","Rage+1","Iron Wave+1","Pommel Strike+1"],"relics":["Burning Blood","Gremlin Horn","Molten Egg 2","Oddly Smooth Stone","Smiling Mask","Runic Pyramid","MutagenicStrength","Ginger","Juzu Bracelet","Letter Opener","Nunchaku","Darkstone Periapt","Busted Crown","Shuriken","Mercury Hourglass","Meat on the Bone","War Paint"],"potions_floor_usage":[6,16,16,16,20,20,24,29,33,42,46,46,50,50],"damage_taken":[{"damage":11,"enemies":"Jaw Worm","floor":1,"turns":2},{"damage":0,"enemies":"Cultist","floor":4,"turns":4},{"damage":27,"enemies":"Lagavulin","floor":6,"turns":6},{"damage":25,"enemies":"Gremlin Nob","floor":8,"turns":4},{"damage":30,"enemies":"3 Sentries","floor":10,"turns":9},{"damage":0,"enemies":"Small Slimes","floor":11,"turns":3},{"damage":1,"enemies":"Blue Slaver","floor":12,"turns":3},{"damage":11,"enemies":"Large Slime","floor":14,"turns":3},{"damage":22,"enemies":"The Guardian","floor":16,"turns":10},{"damage":12,"enemies":"Shell Parasite","floor":18,"turns":4},{"damage":0,"enemies":"3 Byrds","floor":19,"turns":4},{"damage":0,"enemies":"3 Cultists","floor":20,"turns":4},{"damage":8,"enemies":"Snake Plant","floor":22,"turns":3},{"damage":0,"enemies":"Gremlin Leader","floor":24,"turns":3},{"damage":0,"enemies":"Slavers","floor":28,"turns":3},{"damage":17,"enemies":"Sentry and Sphere","floor":29,"turns":5},{"damage":0,"enemies":"3 Cultists","floor":31,"turns":3},{"damage":26,"enemies":"Collector","floor":33,"turns":7},{"damage":0,"enemies":"3 Darklings","floor":35,"turns":2},{"damage":0,"enemies":"Orb Walker","floor":37,"turns":4},{"damage":0,"enemies":"Jaw Worm Horde","floor":38,"turns":2},{"damage":15,"enemies":"4 Shapes","floor":39,"turns":5},{"damage":3,"enemies":"Transient","floor":42,"turns":5},{"damage":0,"enemies":"3 Darklings","floor":45,"turns":3},{"damage":37,"enemies":"Giant Head","floor":46,"turns":7},{"damage":0,"enemies":"Jaw Worm Horde","floor":47,"turns":3},{"damage":10,"enemies":"Nemesis","floor":48,"turns":3},{"damage":50,"enemies":"Donu and Deca","floor":50,"turns":8}],"seed_played":"644073669477663219","potions_obtained":[{"floor":1,"key":"SteroidPotion"},{"floor":6,"key":"Dexterity Potion"},{"floor":8,"key":"Weak Potion"},{"floor":14,"key":"GamblersBrew"},{"floor":16,"key":"GamblersBrew"},{"floor":18,"key":"Explosive Potion"},{"floor":19,"key":"PowerPotion"},{"floor":20,"key":"Energy Potion"},{"floor":29,"key":"Energy Potion"},{"floor":33,"key":"SteroidPotion"},{"floor":37,"key":"Block Potion"},{"floor":42,"key":"SpeedPotion"},{"floor":46,"key":"AttackPotion"},{"floor":47,"key":"Fire Potion"}],"is_trial":false,"path_per_floor":["M","?","$","M","$","E","?","E","T","E","M","M","R","M","R","B",null,"M","M","M","?","M","R","E","R","T","?","E","M","T","M","R","B",null,"M","?","M","M","M","R","$","M","T","R","M","E","M","E","R","B",null],"character_chosen":"IRONCLAD","items_purchased":["Iron Wave","Trip","Finesse","Shuriken"],"campfire_rested":2,"item_purchase_floors":[3,3,5,41],"current_hp_per_floor":[83,83,83,88,88,67,67,48,48,24,30,35,61,56,56,40,88,82,88,88,88,86,86,88,88,88,88,88,77,77,83,83,63,88,88,88,88,88,79,79,79,82,82,82,88,57,63,59,85,53],"gold":366,"neow_bonus":"TEN_PERCENT_HP_BONUS","is_prod":false,"is_daily":false,"chose_seed":false,"campfire_upgraded":6,"win_rate":0.0,"timestamp":1556429735,"path_taken":["M","?","?","?","$","E","?","E","T","E","M","M","R","M","R","BOSS","M","M","M","?","M","R","E","R","T","?","E","M","?","M","R","BOSS","M","?","M","M","M","R","$","M","T","R","M","E","M","E","R","BOSS"],"build_version":"2019-01-23","purchased_purges":1,"victory":true,"max_hp_per_floor":[88,88,88,88,88,88,88,88,88,88,88,88,88,88,88,88,88,88,88,88,88,88,88,88,88,88,88,88,88,88,88,88,88,88,88,88,88,88,88,88,88,88,88,88,88,88,88,88,88,88],"card_choices":[{"not_picked":["Searing Blow","Warcry"],"picked":"Cleave","floor":1},{"not_picked":["Metallicize","Sword Boomerang"],"picked":"Flex","floor":4},{"not_picked":["Bloodletting","Battle Trance"],"picked":"Armaments","floor":6},{"not_picked":["Seeing Red","Combust"],"picked":"Dropkick","floor":8},{"not_picked":["Dark Embrace","Disarm"],"picked":"Dual Wield","floor":10},{"not_picked":["Infernal Blade","Blood for Blood+1"],"picked":"Body Slam+1","floor":11},{"not_picked":["Shockwave","Fire Breathing"],"picked":"Thunderclap+1","floor":12},{"not_picked":["Bloodletting","Clothesline+1","Blood for Blood+1"],"picked":"SKIP","floor":14},{"not_picked":["Dark Embrace","Brutality"],"picked":"Double Tap","floor":16},{"not_picked":["True Grit","Twin Strike+1"],"picked":"Iron Wave+1","floor":18},{"not_picked":["Searing Blow+1","Corruption"],"picked":"Iron Wave+1","floor":19},{"not_picked":["Armaments","Perfected Strike+1"],"picked":"Flex","floor":20},{"not_picked":["Cleave+1","Dual Wield+1"],"picked":"Body Slam+1","floor":22},{"not_picked":["Double Tap","Infernal Blade","True Grit+1"],"picked":"SKIP","floor":24},{"not_picked":["Inflame","Ghostly Armor+1"],"picked":"Armaments+1","floor":28},{"not_picked":["Second Wind","True Grit+1","Warcry"],"picked":"SKIP","floor":29},{"not_picked":["Metallicize","Rampage+1"],"picked":"Rage","floor":31},{"not_picked":["Perfected Strike+1"],"picked":"SKIP","floor":35},{"not_picked":[],"picked":"Iron Wave+1","floor":37},{"not_picked":["Power Through"],"picked":"SKIP","floor":38},{"not_picked":[],"picked":"Pommel Strike+1","floor":39},{"not_picked":["Sword Boomerang+1"],"picked":"SKIP","floor":42},{"not_picked":["Warcry+1"],"picked":"SKIP","floor":45},{"not_picked":["Disarm"],"picked":"SKIP","floor":46},{"not_picked":["Sever Soul+1"],"picked":"SKIP","floor":47},{"not_picked":["Flex"],"picked":"SKIP","floor":48}],"player_experience":21332,"relics_obtained":[{"floor":6,"key":"Gremlin Horn"},{"floor":8,"key":"Molten Egg 2"},{"floor":9,"key":"Oddly Smooth Stone"},{"floor":10,"key":"Smiling Mask"},{"floor":24,"key":"Ginger"},{"floor":26,"key":"Juzu Bracelet"},{"floor":28,"key":"Nunchaku"},{"floor":30,"key":"Darkstone Periapt"},{"floor":43,"key":"Mercury Hourglass"},{"floor":46,"key":"Meat on the Bone"},{"floor":48,"key":"War Paint"}],"event_choices":[{"damage_healed":0,"gold_gain":100,"player_choice":"Pray","damage_taken":0,"max_hp_gain":0,"max_hp_loss":0,"event_name":"Golden Shrine","floor":2,"gold_loss":0},{"cards_removed":["Strike_R"],"damage_healed":0,"gold_gain":0,"player_choice":"Purged","damage_taken":0,"max_hp_gain":0,"max_hp_loss":0,"event_name":"Purifier","floor":7,"gold_loss":0},{"damage_healed":0,"gold_gain":0,"player_choice":"Inject Mutagens","damage_taken":0,"relics_obtained":["MutagenicStrength"],"max_hp_gain":0,"max_hp_loss":0,"event_name":"Drug Dealer","floor":21,"gold_loss":0},{"damage_healed":0,"gold_gain":0,"player_choice":"Opened","damage_taken":0,"relics_obtained":["Letter Opener"],"max_hp_gain":0,"max_hp_loss":0,"event_name":"The Mausoleum","floor":27,"gold_loss":0,"cards_obtained":["Writhe"]},{"damage_healed":0,"gold_gain":0,"player_choice":"Ignored","damage_taken":0,"max_hp_gain":0,"max_hp_loss":0,"event_name":"Tomb of Lord Red Mask","floor":36,"gold_loss":0}],"is_beta":false,"boss_relics":[{"not_picked":["White Beast Statue","Runic Dome"],"picked":"Runic Pyramid"},{"not_picked":["Velvet Choker","Fusion Hammer"],"picked":"Busted Crown"}],"items_purged_floors":[41],"is_endless":false,"potions_floor_spawned":[1,6,8,14,16,18,19,20,29,33,37,42,46,47],"ascension_level":0}