{"gold_per_floor":[113,113,137,150,150,191,191,191],"floor_reached":8,"playtime":366,"items_purged":[],"score":101,"play_id":"a67564a5-35eb-4329-976b-817ca23a36d7","local_time":"20181201195625","is_ascension_mode":true,"campfire_choices":[{"floor":7,"key":"REST"}],"neow_cost":"NONE","seed_source_timestamp":43782414903084,"circlet_count":0,"master_deck":["AscendersBane","Strike_B","Strike_B","Strike_B","Strike_B","Defend_B","Defend_B","Defend_B","Defend_B","Zap","Dualcast","BootSequence","Steam","Auto Shields","BootSequence"],"relics":["Cracked Core","Centennial Puzzle","Golden Idol","StoneCalendar"],"potions_floor_usage":[4,8],"damage_taken":[{"damage":12,"enemies":"Small Slimes","floor":1,"turns":3},{"damage":2,"enemies":"2 Louse","floor":3,"turns":2},{"damage":2,"enemies":"Jaw Worm","floor":4,"turns":3},{"damage":34,"enemies":"3 Sentries","floor":6,"turns":10},{"damage":51,"enemies":"Gremlin Nob","floor":8,"turns":5}],"seed_played":"5527314273877230977","potions_obtained":[{"floor":1,"key":"Poison Potion"},{"floor":4,"key":"Fruit Juice"},{"floor":6,"key":"Regen Potion"}],"is_trial":false,"path_per_floor":["M","?","M","M","?","E","R","E"],"character_chosen":"DEFECT","items_purchased":[],"campfire_rested":1,"item_purchase_floors":[],"current_hp_per_floor":[52,52,50,53,53,19,39,0],"gold":191,"neow_bonus":"RANDOM_COMMON_RELIC","is_prod":false,"is_daily":false,"chose_seed":false,"campfire_upgraded":0,"win_rate":0,"timestamp":1543683385,"path_taken":["M","?","M","M","?","E","R","E"],"build_version":"2018-11-15","purchased_purges":0,"victory":false,"max_hp_per_floor":[71,64,64,69,69,69,69,69],"card_choices":[{"not_picked":["Streamline","Scrape"],"picked":"BootSequence","floor":1},{"not_picked":["Undo","Sweeping Beam"],"picked":"Steam","floor":3},{"not_picked":["Stack","Cold Snap"],"picked":"Auto Shields","floor":4},{"not_picked":["Go for the Eyes","Leap"],"picked":"BootSequence","floor":6}],"player_experience":803269,"relics_obtained":[{"floor":6,"key":"StoneCalendar"}],"event_choices":[{"damage_healed":0,"gold_gain":0,"player_choice":"Lose Max HP","damage_taken":0,"relics_obtained":["Golden Idol"],"max_hp_gain":0,"max_hp_loss":7,"event_name":"Golden Idol","floor":2,"gold_loss":0},{"damage_healed":0,"gold_gain":0,"player_choice":"Ignored","damage_taken":0,"max_hp_gain":0,"max_hp_loss":0,"event_name":"Liars Game","floor":5,"gold_loss":0}],"is_beta":false,"boss_relics":[],"items_purged_floors":[],"is_endless":false,"potions_floor_spawned":[1,4,6],"killed_by":"Gremlin Nob","ascension_level":16}