{"gold_per_floor":[117,117,117,117,130,130,163,174,197,197,224,234,313,313,313,313],"floor_reached":16,"playtime":411,"items_purged":[],"score":266,"play_id":"3cb08e9d-4232-4149-bdbd-33ba0c7267d1","local_time":"20190504234210","is_ascension_mode":true,"campfire_choices":[{"data":"Noxious Fumes","floor":6,"key":"SMITH"},{"data":"Cloak And Dagger","floor":10,"key":"SMITH"},{"floor":15,"key":"REST"}],"neow_cost":"NONE","seed_source_timestamp":39230861146844,"circlet_count":0,"master_deck":["AscendersBane","Defend_G","Defend_G","Defend_G","Defend_G","Defend_G","Strike_G","Strike_G","Strike_G","Strike_G","Strike_G","Survivor","Neutralize","Tactician","Noxious Fumes+1","Cloak And Dagger+1","Malaise","Adrenaline","Backstab"],"relics":["Ring of the Snake","NeowsBlessing","Happy Flower","PreservedInsect","Pear","Darkstone Periapt","FaceOfCleric"],"potions_floor_usage":[11,16],"damage_taken":[{"damage":0,"enemies":"Small Slimes","floor":1,"turns":1},{"damage":0,"enemies":"Cultist","floor":5,"turns":1},{"damage":0,"enemies":"3 Sentries","floor":7,"turns":1},{"damage":0,"enemies":"2 Louse","floor":8,"turns":3},{"damage":26,"enemies":"Gremlin Nob","floor":11,"turns":4},{"damage":40,"enemies":"Gremlin Gang","floor":12,"turns":5},{"damage":34,"enemies":"The Guardian","floor":16,"turns":8}],"seed_played":"-6161480012837941630","potions_obtained":[{"floor":1,"key":"Fire Potion"},{"floor":2,"key":"Swift Potion"},{"floor":2,"key":"Dexterity Potion"}],"is_trial":false,"path_per_floor":["M","?","$","$","M","R","E","M","T","R","E","M","T","?","R","B"],"character_chosen":"THE_SILENT","items_purchased":[],"campfire_rested":1,"item_purchase_floors":[],"current_hp_per_floor":[59,59,59,59,59,59,59,59,59,59,43,3,3,3,25,0],"gold":313,"neow_bonus":"THREE_ENEMY_KILL","is_prod":false,"is_daily":false,"chose_seed":false,"campfire_upgraded":2,"win_rate":0,"timestamp":1557002530,"path_taken":["M","?","?","$","M","R","E","M","T","R","E","?","?","?","R","BOSS"],"build_version":"2019-01-23","purchased_purges":0,"victory":false,"max_hp_per_floor":[66,66,66,66,66,66,66,66,66,66,76,76,76,76,76,76],"card_choices":[{"not_picked":["Bane","Finisher"],"picked":"Tactician","floor":1},{"not_picked":["Blade Dance","Predator"],"picked":"Noxious Fumes","floor":5},{"not_picked":["Backflip","Underhanded Strike"],"picked":"Cloak And Dagger","floor":7},{"not_picked":["Dagger Spray","Dagger Throw"],"picked":"Malaise","floor":8},{"not_picked":["Quick Slash","Underhanded Strike"],"picked":"Adrenaline","floor":11},{"not_picked":["Dagger Throw","Deadly Poison"],"picked":"Backstab","floor":12}],"player_experience":1096384,"relics_obtained":[{"floor":7,"key":"Happy Flower"},{"floor":9,"key":"PreservedInsect"},{"floor":11,"key":"Pear"},{"floor":13,"key":"Darkstone Periapt"}],"event_choices":[{"damage_healed":0,"gold_gain":0,"player_choice":"Got Potions","damage_taken":0,"max_hp_gain":0,"max_hp_loss":0,"event_name":"Lab","floor":2,"gold_loss":0},{"damage_healed":0,"gold_gain":0,"player_choice":"Trade","damage_taken":0,"relics_obtained":["FaceOfCleric"],"max_hp_gain":0,"max_hp_loss":0,"event_name":"FaceTrader","floor":14,"gold_loss":0}],"is_beta":false,"boss_relics":[],"items_purged_floors":[],"is_endless":false,"potions_floor_spawned":[1,8],"killed_by":"The Guardian","ascension_level":20}