{"gold_per_floor":[217,236,254,274,274,274,274,302,302,302],"floor_reached":10,"playtime":705,"items_purged":[],"score":71,"play_id":"9cc14a15-f21a-45e6-b5be-f827cf667c39","local_time":"20190501131009","is_ascension_mode":true,"campfire_choices":[{"data":"Survivor","floor":6,"key":"SMITH"}],"neow_cost":"NONE","seed_source_timestamp":1120037619748400,"circlet_count":0,"master_deck":["Defend_G","Defend_G","Defend_G","Defend_G","Defend_G","Strike_G","Strike_G","Strike_G","Strike_G","Strike_G","Survivor+1","Neutralize+1","Dagger Spray","Cloak And Dagger","Heel Hook","Dodge and Roll","Deflect"],"relics":["Ring of the Snake","Dodecahedron","Incense Burner","Torii"],"potions_floor_usage":[8],"damage_taken":[{"damage":1,"enemies":"Small Slimes","floor":1,"turns":4},{"damage":5,"enemies":"Jaw Worm","floor":2,"turns":5},{"damage":0,"enemies":"2 Louse","floor":3,"turns":3},{"damage":1,"enemies":"Exordium Wildlife","floor":4,"turns":4},{"damage":41,"enemies":"Gremlin Nob","floor":8,"turns":6},{"damage":20,"enemies":"Lagavulin","floor":10,"turns":9}],"seed_played":"8093769877782144212","potions_obtained":[{"floor":4,"key":"Weak Potion"}],"is_trial":false,"path_per_floor":["M","M","M","M","?","R","?","E","T","E"],"character_chosen":"THE_SILENT","items_purchased":[],"campfire_rested":0,"item_purchase_floors":[],"current_hp_per_floor":[69,64,64,63,63,63,56,15,15,0],"gold":302,"neow_bonus":"HUNDRED_GOLD","is_prod":false,"is_daily":false,"chose_seed":false,"campfire_upgraded":1,"win_rate":0,"timestamp":1556734209,"path_taken":["M","M","M","M","?","R","?","E","T","E"],"build_version":"2019-01-23","purchased_purges":0,"victory":false,"max_hp_per_floor":[70,70,70,70,70,70,70,70,70,70],"card_choices":[{"not_picked":["Underhanded Strike","Quick Slash"],"picked":"Dagger Spray","floor":1},{"not_picked":["Tactician","Calculated Gamble"],"picked":"Cloak And Dagger","floor":2},{"not_picked":["All Out Attack","Deflect"],"picked":"Heel Hook","floor":3},{"not_picked":["Concentrate","Backstab"],"picked":"Dodge and Roll","floor":4},{"not_picked":["Prepared","Outmaneuver"],"picked":"Deflect","floor":8}],"player_experience":76243,"relics_obtained":[{"floor":8,"key":"Incense Burner"},{"floor":9,"key":"Torii"}],"event_choices":[{"damage_healed":0,"gold_gain":0,"player_choice":"Grow","damage_taken":0,"max_hp_gain":0,"max_hp_loss":0,"event_name":"Living Wall","floor":5,"gold_loss":0,"cards_upgraded":["Neutralize"]},{"damage_healed":0,"gold_gain":0,"player_choice":"Success","damage_taken":7,"relics_obtained":["Dodecahedron"],"max_hp_gain":0,"max_hp_loss":0,"event_name":"Scrap Ooze","floor":7,"gold_loss":0}],"is_beta":false,"boss_relics":[],"items_purged_floors":[],"is_endless":false,"potions_floor_spawned":[4],"killed_by":"Lagavulin","ascension_level":1}