{"gold_per_floor":[115,115,135,149,168,168,168,184,184,184,213,213,132,142,142,239,239,252,252,352,364,376,409,409,427,475,506,525,202,202,202,202,304,304,315,330,49,65,65,65,80,80,80,98,148,163,179,193,193,193,193,193,66,66],"floor_reached":54,"playtime":3395,"items_purged":[],"score":708,"play_id":"317d014a-9ee3-423b-af75-bfec4d90835a","local_time":"20190331104419","is_ascension_mode":false,"campfire_choices":[{"data":"1","floor":6,"key":"LIFT"},{"data":"2","floor":10,"key":"LIFT"},{"data":"3","floor":12,"key":"LIFT"},{"data":"Prepared","floor":15,"key":"SMITH"},{"data":"Neutralize","floor":24,"key":"SMITH"},{"data":"Footwork","floor":30,"key":"SMITH"},{"data":"Adrenaline","floor":32,"key":"SMITH"},{"data":"Catalyst","floor":40,"key":"SMITH"},{"floor":42,"key":"RECALL"},{"data":"Prepared","floor":49,"key":"SMITH"},{"data":"Noxious Fumes","floor":52,"key":"SMITH"}],"neow_cost":"TEN_PERCENT_HP_LOSS","seed_source_timestamp":231637351689361,"circlet_count":0,"master_deck":["Defend_G+1","Defend_G","Defend_G","Defend_G+1","Defend_G","Strike_G","Strike_G","Strike_G","Strike_G","Strike_G","Survivor","Neutralize","Acrobatics","Crippling Poison","Dodge and Roll","Prepared+1","Bandage Up","Neutralize+1","Underhanded Strike","Acrobatics","Infinite Blades","Eviscerate","Glass Knife","Setup+1","Poisoned Stab+1","Leg Sweep+1","Slice","Catalyst+1","Adrenaline+1","Backflip","Footwork+1","Backstab","Burst","PiercingWail","Crippling Poison+1","Backflip","Sucker Punch","Prepared+1","Deflect+1","Blade Dance","Blur","Quick Slash+1","Choke","Noxious Fumes+1","Backflip+1"],"relics":["Ring of the Snake","Thread and Needle","Girya","Shuriken","Meat on the Bone","Black Star","Nilry\u0027s Codex","Bottled Tornado","Kunai","Orichalcum","Dream Catcher","War Paint","Pantograph","Orrery","Membership Card","Oddly Smooth Stone","Turnip","Bag of Preparation"],"potions_floor_usage":[23,27,36,45,48,50],"damage_taken":[{"damage":0,"enemies":"Jaw Worm","floor":1,"turns":6},{"damage":0,"enemies":"Small Slimes","floor":3,"turns":4},{"damage":0,"enemies":"Cultist","floor":4,"turns":4},{"damage":0,"enemies":"3 Louse","floor":5,"turns":4},{"damage":0,"enemies":"2 Fungi Beasts","floor":8,"turns":3},{"damage":14,"enemies":"Gremlin Nob","floor":11,"turns":4},{"damage":9,"enemies":"Gremlin Gang","floor":14,"turns":4},{"damage":17,"enemies":"Slime Boss","floor":16,"turns":7},{"damage":0,"enemies":"Chosen","floor":18,"turns":4},{"damage":0,"enemies":"3 Byrds","floor":21,"turns":4},{"damage":0,"enemies":"Snecko","floor":22,"turns":3},{"damage":36,"enemies":"Gremlin Leader","floor":23,"turns":7},{"damage":0,"enemies":"Centurion and Healer","floor":25,"turns":5},{"damage":5,"enemies":"Book of Stabbing","floor":27,"turns":6},{"damage":0,"enemies":"Cultist and Chosen","floor":28,"turns":4},{"damage":18,"enemies":"Champ","floor":33,"turns":14},{"damage":0,"enemies":"3 Shapes","floor":35,"turns":2},{"damage":24,"enemies":"3 Darklings","floor":36,"turns":7},{"damage":11,"enemies":"Transient","floor":38,"turns":5},{"damage":5,"enemies":"Sphere and 2 Shapes","floor":41,"turns":4},{"damage":6,"enemies":"3 Darklings","floor":44,"turns":5},{"damage":30,"enemies":"2 Orb Walkers","floor":45,"turns":7},{"damage":15,"enemies":"Writhing Mass","floor":46,"turns":8},{"damage":5,"enemies":"Maw","floor":47,"turns":9},{"damage":26,"enemies":"4 Shapes","floor":48,"turns":6},{"damage":64,"enemies":"Donu and Deca","floor":50,"turns":8},{"damage":65,"enemies":"Shield and Spear","floor":54,"turns":5}],"seed_played":"7041023904073856844","potions_obtained":[{"floor":3,"key":"PowerPotion"},{"floor":11,"key":"SteroidPotion"},{"floor":14,"key":"SpeedPotion"},{"floor":16,"key":"Strength Potion"},{"floor":25,"key":"AttackPotion"},{"floor":27,"key":"AttackPotion"},{"floor":28,"key":"SkillPotion"},{"floor":35,"key":"Regen Potion"},{"floor":38,"key":"Regen Potion"},{"floor":45,"key":"Weak Potion"},{"floor":46,"key":"SkillPotion"}],"is_trial":false,"path_per_floor":["M","?","M","M","M","R","?","M","T","R","E","R","$","M","R","B",null,"M","?","?","M","M","E","R","M","T","E","M","$","R","?","R","B",null,"M","M","$","M","?","R","M","R","T","M","?","M","M","M","R","B",null,"R","$","E"],"character_chosen":"THE_SILENT","items_purchased":["Infinite Blades","Footwork","Pantograph","Membership Card","Oddly Smooth Stone","Bag of Preparation","Dexterity Potion","SpeedPotion"],"campfire_rested":0,"item_purchase_floors":[13,29,29,37,37,53,53,53],"current_hp_per_floor":[63,60,60,60,60,60,60,63,63,63,53,53,53,48,48,35,63,63,47,47,51,51,31,31,35,35,34,38,38,38,38,38,46,63,63,43,43,36,36,36,43,43,43,41,34,35,34,38,38,15,63,63,63,0],"gold":66,"neow_bonus":"ONE_RARE_RELIC","is_prod":false,"is_daily":false,"chose_seed":false,"campfire_upgraded":7,"win_rate":0,"timestamp":1554047059,"path_taken":["M","?","M","M","M","R","?","M","T","R","E","R","$","?","R","BOSS","M","?","?","M","M","E","R","M","T","E","?","$","R","?","R","BOSS","M","M","$","M","?","R","M","R","T","?","?","M","M","M","R","BOSS","R","$","E"],"build_version":"2019-01-23","purchased_purges":0,"victory":false,"max_hp_per_floor":[63,63,63,63,63,63,63,63,63,63,63,63,63,63,63,63,63,63,63,63,63,63,63,63,63,63,63,63,63,63,63,63,63,63,63,63,63,63,63,63,63,63,63,63,63,63,63,63,63,63,63,63,63,63],"card_choices":[{"not_picked":["All Out Attack","Slice"],"picked":"Acrobatics","floor":1},{"not_picked":["Escape Plan","Deflect"],"picked":"Crippling Poison","floor":3},{"not_picked":["Dagger Throw","Underhanded Strike"],"picked":"Dodge and Roll","floor":4},{"not_picked":["Bane","Distraction"],"picked":"Prepared","floor":5},{"not_picked":["Calculated Gamble","Bullet Time"],"picked":"Underhanded Strike","floor":8},{"not_picked":["Crippling Poison","Dash"],"picked":"Acrobatics","floor":11},{"not_picked":["Bouncing Flask","Flying Knee"],"picked":"Eviscerate","floor":14},{"not_picked":["Doppelganger","Envenom"],"picked":"Glass Knife","floor":16},{"not_picked":["Expertise","Dodge and Roll"],"picked":"Setup+1","floor":18},{"not_picked":["Endless Agony","Dagger Spray"],"picked":"Poisoned Stab+1","floor":21},{"not_picked":["Underhanded Strike","Prepared"],"picked":"Leg Sweep+1","floor":22},{"not_picked":["Masterful Stab+1","Backflip+1"],"picked":"Slice","floor":23},{"not_picked":["Underhanded Strike","Expertise+1"],"picked":"Catalyst","floor":25},{"not_picked":["Acrobatics","Deadly Poison"],"picked":"Adrenaline","floor":27},{"not_picked":["Poisoned Stab","Underhanded Strike"],"picked":"Backflip","floor":28},{"not_picked":["Adrenaline","Grand Finale"],"picked":"Burst","floor":33},{"not_picked":["Bane+1","Crippling Poison"],"picked":"PiercingWail","floor":34},{"not_picked":["Acrobatics","Poisoned Stab"],"picked":"Crippling Poison+1","floor":34},{"not_picked":["Flechettes","Endless Agony"],"picked":"Backflip","floor":34},{"not_picked":["Quick Slash","Eviscerate+1"],"picked":"Sucker Punch","floor":34},{"not_picked":["Skewer+1","Crippling Poison"],"picked":"Prepared","floor":34},{"not_picked":["Grand Finale","Flying Knee"],"picked":"Deflect+1","floor":35},{"not_picked":["Prepared","Sucker Punch","Dash+1"],"picked":"SKIP","floor":36},{"not_picked":["Deadly Poison+1","Bane"],"picked":"Blade Dance","floor":38},{"not_picked":["Accuracy","Backflip"],"picked":"Blur","floor":41},{"not_picked":["Acrobatics","Underhanded Strike+1","Endless Agony+1"],"picked":"SKIP","floor":44},{"not_picked":["Dagger Spray","Glass Knife"],"picked":"Quick Slash+1","floor":45},{"not_picked":["Bouncing Flask","Well Laid Plans"],"picked":"Choke","floor":46},{"not_picked":["Underhanded Strike+1","Concentrate"],"picked":"Noxious Fumes","floor":47},{"not_picked":["Deadly Poison+1","Tactician"],"picked":"Backflip+1","floor":48}],"player_experience":353102,"relics_obtained":[{"floor":9,"key":"Shuriken"},{"floor":11,"key":"Meat on the Bone"},{"floor":19,"key":"Nilry\u0027s Codex"},{"floor":23,"key":"Bottled Tornado"},{"floor":23,"key":"Kunai"},{"floor":26,"key":"Orichalcum"},{"floor":27,"key":"Dream Catcher"},{"floor":27,"key":"War Paint"},{"floor":45,"key":"Turnip"}],"event_choices":[{"damage_healed":0,"gold_gain":0,"player_choice":"Success","damage_taken":3,"relics_obtained":["Girya"],"max_hp_gain":0,"max_hp_loss":0,"event_name":"Scrap Ooze","floor":2,"gold_loss":0},{"damage_healed":0,"gold_gain":0,"player_choice":"2 cards matched","damage_taken":0,"max_hp_gain":0,"max_hp_loss":0,"event_name":"Match and Keep!","floor":7,"gold_loss":0,"cards_obtained":["Bandage Up","Neutralize"]},{"damage_healed":0,"gold_gain":0,"player_choice":"Obtained Book","damage_taken":16,"max_hp_gain":0,"max_hp_loss":0,"event_name":"Cursed Tome","floor":19,"gold_loss":0},{"damage_healed":0,"gold_gain":100,"player_choice":"Pray","damage_taken":0,"max_hp_gain":0,"max_hp_loss":0,"event_name":"Golden Shrine","floor":20,"gold_loss":0},{"damage_healed":0,"gold_gain":0,"player_choice":"Read","damage_taken":0,"max_hp_gain":0,"max_hp_loss":0,"event_name":"The Library","floor":31,"gold_loss":0,"cards_obtained":["Backstab"]},{"damage_healed":0,"gold_gain":0,"player_choice":"Bought 0 Potions","damage_taken":0,"max_hp_gain":0,"max_hp_loss":0,"event_name":"The Woman in Blue","floor":39,"gold_loss":0},{"damage_healed":0,"gold_gain":0,"player_choice":"Fight","damage_taken":0,"max_hp_gain":0,"max_hp_loss":0,"event_name":"Mysterious Sphere","floor":45,"gold_loss":0}],"is_beta":false,"boss_relics":[{"not_picked":["Fusion Hammer","Velvet Choker"],"picked":"Black Star"},{"not_picked":["Philosopher\u0027s Stone","Cursed Key"],"picked":"Orrery"}],"items_purged_floors":[],"is_endless":false,"potions_floor_spawned":[3,11,14,16,18,25,27,28,33,35,38,41,45,46],"killed_by":"Shield and Spear","ascension_level":0}