{"gold_per_floor":[117,137,87,99,174,174,199,229,229,262,280,280,299,311,311,413,413,426,106,117,130,130,130,159,159,183,195,215,215,248,259,259,356,356,372,26,38,52,70,104,104,36,59,0,0,30,41,41,41,41,41,41,41,71,71],"floor_reached":55,"playtime":18886,"items_purged":["Strike_R","Parasite"],"score":779,"play_id":"07748187-c143-4bb6-9d32-48a92d9d20d7","local_time":"20190611003939","is_ascension_mode":false,"campfire_choices":[{"data":"Armaments","floor":6,"key":"SMITH"},{"floor":8,"key":"DIG"},{"data":"True Grit","floor":12,"key":"SMITH"},{"floor":15,"key":"DIG"},{"floor":23,"key":"DIG"},{"floor":25,"key":"DIG"},{"floor":29,"key":"REST"},{"floor":32,"key":"REST"},{"floor":41,"key":"RECALL"},{"floor":45,"key":"REST"},{"floor":49,"key":"DIG"},{"floor":52,"key":"DIG"}],"neow_cost":"CURSE","seed_source_timestamp":2536664189950889,"circlet_count":0,"master_deck":["Strike_R","Strike_R","Strike_R","Defend_R","Defend_R","Defend_R","Defend_R","Bash","Feed","Warcry","Bloodletting","Armaments+1","Headbutt","True Grit+1","Disarm","Cleave","Shrug It Off","Bludgeon","Pummel","Feel No Pain","Iron Wave","Thunderclap+1","Infernal Blade","Armaments+1","Iron Wave+1","Limit Break","Twin Strike+1","True Grit","Carnage","Pommel Strike+1","Uppercut","Cleave+1"],"relics":["Burning Blood","Shovel","Tiny Chest","Pocketwatch","Ice Cream","Pear","Runic Pyramid","Sling","Bottled Lightning","Strawberry","PreservedInsect","Omamori","Letter Opener","Sozu","Paper Frog","Frozen Egg 2","Red Mask","Regal Pillow","Blood Vial","Mummified Hand","Self Forming Clay"],"potions_floor_usage":[16,16,18,18,21,27,28,30,33],"damage_taken":[{"damage":9,"enemies":"2 Louse","floor":1,"turns":4},{"damage":6,"enemies":"Jaw Worm","floor":2,"turns":6},{"damage":4,"enemies":"Cultist","floor":4,"turns":3},{"damage":47,"enemies":"Gremlin Nob","floor":7,"turns":6},{"damage":21,"enemies":"Lagavulin","floor":10,"turns":5},{"damage":4,"enemies":"2 Fungi Beasts","floor":11,"turns":4},{"damage":0,"enemies":"Large Slime","floor":13,"turns":5},{"damage":3,"enemies":"Blue Slaver","floor":14,"turns":4},{"damage":11,"enemies":"Hexaghost","floor":16,"turns":9},{"damage":12,"enemies":"Shell Parasite","floor":18,"turns":6},{"damage":3,"enemies":"3 Byrds","floor":20,"turns":6},{"damage":7,"enemies":"Centurion and Healer","floor":21,"turns":6},{"damage":33,"enemies":"Slavers","floor":24,"turns":5},{"damage":40,"enemies":"Sentry and Sphere","floor":27,"turns":8},{"damage":28,"enemies":"3 Cultists","floor":28,"turns":6},{"damage":25,"enemies":"Book of Stabbing","floor":30,"turns":5},{"damage":28,"enemies":"Centurion and Healer","floor":31,"turns":5},{"damage":67,"enemies":"Collector","floor":33,"turns":14},{"damage":8,"enemies":"Orb Walker","floor":35,"turns":3},{"damage":13,"enemies":"3 Darklings","floor":37,"turns":3},{"damage":13,"enemies":"Sphere and 2 Shapes","floor":38,"turns":5},{"damage":22,"enemies":"Writhing Mass","floor":39,"turns":6},{"damage":55,"enemies":"Nemesis","floor":40,"turns":5},{"damage":16,"enemies":"Giant Head","floor":46,"turns":5},{"damage":3,"enemies":"Jaw Worm Horde","floor":47,"turns":4},{"damage":146,"enemies":"Donu and Deca","floor":50,"turns":13},{"damage":29,"enemies":"Shield and Spear","floor":54,"turns":3},{"damage":156,"enemies":"The Heart","floor":55,"turns":8}],"seed_played":"-659691772346477123","potions_obtained":[{"floor":1,"key":"LiquidBronze"},{"floor":10,"key":"Strength Potion"},{"floor":13,"key":"Energy Potion"},{"floor":16,"key":"Swift Potion"},{"floor":18,"key":"SteroidPotion"},{"floor":24,"key":"Regen Potion"},{"floor":27,"key":"FearPotion"},{"floor":28,"key":"AttackPotion"},{"floor":31,"key":"Block Potion"}],"is_trial":false,"path_per_floor":["M","M","?","M","?","R","E","R","T","E","M","R","M","M","R","B",null,"M","$","M","M","?","R","E","R","T","M","M","R","E","M","R","B",null,"M","$","M","M","M","E","R","$","T","?","R","E","M","?","R","B",null,"R","$","E","B"],"character_chosen":"IRONCLAD","items_purchased":["Feel No Pain","Sling","Paper Frog","Uppercut"],"campfire_rested":3,"item_purchase_floors":[19,19,36,42],"current_hp_per_floor":[80,83,83,88,77,77,40,40,40,29,35,35,45,52,62,57,119,117,117,124,127,127,127,111,111,111,85,67,111,96,78,125,68,161,162,161,154,151,139,90,90,90,90,90,140,130,133,169,169,29,169,169,169,150,0],"gold":71,"neow_bonus":"THREE_RARE_CARDS","is_prod":false,"is_daily":false,"chose_seed":false,"campfire_upgraded":2,"win_rate":0,"timestamp":1560238779,"path_taken":["M","M","?","M","?","R","E","R","T","E","M","R","M","M","R","BOSS","M","$","M","M","?","R","E","R","T","M","M","R","E","M","R","BOSS","M","$","M","?","M","E","R","$","T","?","R","E","M","?","R","BOSS","R","$","E","BOSS"],"build_version":"2019-01-23","purchased_purges":2,"victory":false,"max_hp_per_floor":[83,86,86,89,89,89,93,93,93,97,101,101,105,109,119,119,119,123,123,127,131,131,131,142,142,142,145,149,149,153,157,157,161,161,164,161,161,165,169,169,169,169,169,169,169,169,169,169,169,169,169,169,169,173,173],"card_choices":[{"not_picked":["Barricade","Bludgeon"],"picked":"Feed","floor":0},{"not_picked":["Searing Blow","Perfected Strike"],"picked":"Warcry","floor":1},{"not_picked":["Body Slam","Heavy Blade"],"picked":"Bloodletting","floor":2},{"not_picked":["Sword Boomerang","Dropkick"],"picked":"Armaments","floor":4},{"not_picked":["Anger","Havoc"],"picked":"Headbutt","floor":7},{"not_picked":["Clash","Corruption"],"picked":"True Grit","floor":10},{"not_picked":["Dropkick","Battle Trance"],"picked":"Disarm","floor":11},{"not_picked":["Armaments","Brutality"],"picked":"Cleave","floor":13},{"not_picked":["Clothesline","Cleave"],"picked":"Shrug It Off","floor":14},{"not_picked":["Feed","Barricade"],"picked":"Bludgeon","floor":16},{"not_picked":["Perfected Strike","Anger"],"picked":"Pummel","floor":18},{"not_picked":["Dual Wield","Second Wind"],"picked":"Iron Wave","floor":20},{"not_picked":["Iron Wave+1","Havoc"],"picked":"Thunderclap+1","floor":21},{"not_picked":["Body Slam","Sword Boomerang"],"picked":"Infernal Blade","floor":24},{"not_picked":["Ghostly Armor","Clothesline","Whirlwind"],"picked":"SKIP","floor":27},{"not_picked":["Perfected Strike","Shrug It Off"],"picked":"Armaments+1","floor":28},{"not_picked":["Flame Barrier","Dark Embrace","Warcry"],"picked":"SKIP","floor":30},{"not_picked":["Reckless Charge+1","Havoc+1"],"picked":"Iron Wave+1","floor":31},{"not_picked":["Fiend Fire","Brutality"],"picked":"Limit Break","floor":33},{"not_picked":["Searing Blow","Rage"],"picked":"Twin Strike+1","floor":35},{"not_picked":["Second Wind","Twin Strike","Flame Barrier"],"picked":"SKIP","floor":37},{"not_picked":["Thunderclap","Carnage"],"picked":"True Grit","floor":38},{"not_picked":["Rage","Rampage+1"],"picked":"Carnage","floor":39},{"not_picked":["Anger","Corruption+1","Pommel Strike+1"],"picked":"SKIP","floor":40},{"not_picked":["Anger","Corruption+1"],"picked":"Pommel Strike+1","floor":40},{"not_picked":["Sentinel","Battle Trance+1","Rage"],"picked":"SKIP","floor":46},{"not_picked":["Sentinel","True Grit+1"],"picked":"Cleave+1","floor":47},{"not_picked":["Clothesline+1","Heavy Blade","Limit Break"],"picked":"SKIP","floor":54}],"player_experience":81341,"relics_obtained":[{"floor":7,"key":"Shovel"},{"floor":8,"key":"Tiny Chest"},{"floor":9,"key":"Pocketwatch"},{"floor":10,"key":"Ice Cream"},{"floor":15,"key":"Pear"},{"floor":23,"key":"Bottled Lightning"},{"floor":24,"key":"Strawberry"},{"floor":25,"key":"PreservedInsect"},{"floor":26,"key":"Omamori"},{"floor":30,"key":"Letter Opener"},{"floor":40,"key":"Frozen Egg 2"},{"floor":46,"key":"Regal Pillow"},{"floor":49,"key":"Blood Vial"},{"floor":52,"key":"Mummified Hand"},{"floor":54,"key":"Self Forming Clay"}],"event_choices":[{"cards_removed":["Strike_R"],"damage_healed":0,"gold_gain":0,"player_choice":"Card Removal","damage_taken":0,"max_hp_gain":0,"max_hp_loss":0,"event_name":"The Cleric","floor":3,"gold_loss":50},{"damage_healed":0,"gold_gain":75,"player_choice":"Gather Gold","damage_taken":11,"max_hp_gain":0,"max_hp_loss":0,"event_name":"World of Goop","floor":5,"gold_loss":0},{"damage_healed":0,"gold_gain":0,"player_choice":"Ignored","damage_taken":0,"max_hp_gain":0,"max_hp_loss":0,"event_name":"N\u0027loth","floor":22,"gold_loss":0},{"damage_healed":0,"gold_gain":0,"player_choice":"Paid","damage_taken":0,"relics_obtained":["Red Mask"],"max_hp_gain":0,"max_hp_loss":0,"event_name":"Tomb of Lord Red Mask","floor":44,"gold_loss":59},{"damage_healed":42,"gold_gain":0,"player_choice":"Writhe","damage_taken":0,"max_hp_gain":0,"max_hp_loss":0,"event_name":"Winding Halls","floor":48,"gold_loss":0,"cards_obtained":["Writhe"]}],"is_beta":false,"boss_relics":[{"not_picked":["Empty Cage","Eternal Feather"],"picked":"Runic Pyramid"},{"not_picked":["Velvet Choker","Calling Bell"],"picked":"Sozu"}],"items_purged_floors":[19,36],"is_endless":false,"potions_floor_spawned":[1,10,13,16,18,24,27,28,31,39,46,47],"killed_by":"The Heart","ascension_level":0}