{"gold_per_floor":[110,124,134,89,106,137,137,194,194,194,222,222,222,238,238,339,339,358,291,291,241,241,241],"floor_reached":23,"playtime":1059,"items_purged":[],"score":217,"play_id":"8af96d17-f665-4b47-a445-0c0b80ddebb0","local_time":"20190429123106","is_ascension_mode":true,"campfire_choices":[{"data":"Flex","floor":7,"key":"SMITH"},{"data":"Ghostly Armor","floor":13,"key":"SMITH"},{"data":"Bash","floor":15,"key":"SMITH"}],"neow_cost":"NONE","seed_source_timestamp":944510968062900,"circlet_count":0,"master_deck":["Strike_R","Strike_R","Strike_R","Strike_R","Strike_R","Defend_R","Defend_R","Defend_R","Defend_R","Bash+1","Flex+1","Pommel Strike","Whirlwind","Thunderclap","Heavy Blade+1","Cleave","Ghostly Armor+1","Ghostly Armor","Juggernaut","Ghostly Armor+1"],"relics":["Burning Blood","Juzu Bracelet","Tiny Chest","Meat on the Bone","Darkstone Periapt","Black Star","Paper Frog"],"potions_floor_usage":[6,11,16,16,18],"damage_taken":[{"damage":0,"enemies":"Small Slimes","floor":1,"turns":3},{"damage":0,"enemies":"Cultist","floor":2,"turns":4},{"damage":3,"enemies":"Jaw Worm","floor":3,"turns":3},{"damage":0,"enemies":"Gremlin Gang","floor":5,"turns":1},{"damage":41,"enemies":"Lagavulin","floor":6,"turns":7},{"damage":22,"enemies":"3 Sentries","floor":8,"turns":4},{"damage":2,"enemies":"Gremlin Nob","floor":11,"turns":4},{"damage":0,"enemies":"Looter","floor":14,"turns":3},{"damage":4,"enemies":"Slime Boss","floor":16,"turns":6},{"damage":18,"enemies":"2 Thieves","floor":18,"turns":5},{"damage":84,"enemies":"Gremlin Leader","floor":23,"turns":7}],"seed_played":"8264239315806089036","potions_obtained":[{"floor":3,"key":"Swift Potion"},{"floor":6,"key":"SteroidPotion"},{"floor":8,"key":"Block Potion"},{"floor":10,"key":"Block Potion"},{"floor":11,"key":"SkillPotion"}],"is_trial":false,"path_per_floor":["M","M","M","$","M","E","R","E","T","?","E","?","R","M","R","B",null,"M","?","?","?","?","E"],"character_chosen":"IRONCLAD","items_purchased":["Thunderclap"],"campfire_rested":0,"item_purchase_floors":[4],"current_hp_per_floor":[88,88,88,88,88,53,53,37,37,37,53,53,53,59,59,61,88,76,76,76,76,76,0],"gold":241,"neow_bonus":"TEN_PERCENT_HP_BONUS","is_prod":false,"is_daily":false,"chose_seed":false,"campfire_upgraded":3,"win_rate":0,"timestamp":1556559066,"path_taken":["M","M","M","$","M","E","R","E","T","?","E","?","R","M","R","BOSS","M","?","?","?","?","E"],"build_version":"2019-01-23","purchased_purges":0,"victory":false,"max_hp_per_floor":[88,88,88,88,88,88,88,88,88,88,88,88,88,88,88,88,88,88,88,88,88,88,88],"card_choices":[{"not_picked":["Metallicize","Rupture"],"picked":"Flex","floor":1},{"not_picked":["Headbutt","Carnage"],"picked":"Pommel Strike","floor":2},{"not_picked":["Pommel Strike","Corruption"],"picked":"Whirlwind","floor":3},{"not_picked":["Uppercut","Rampage"],"picked":"Heavy Blade","floor":5},{"not_picked":["Feel No Pain","Heavy Blade"],"picked":"Cleave","floor":6},{"not_picked":["Battle Trance","Twin Strike"],"picked":"Ghostly Armor","floor":8},{"not_picked":["Seeing Red","Shockwave","Twin Strike"],"picked":"SKIP","floor":11},{"not_picked":["Rage","Reckless Charge"],"picked":"Ghostly Armor","floor":14},{"not_picked":["Dark Embrace","Reaper"],"picked":"Juggernaut","floor":16},{"not_picked":["Flame Barrier","Pommel Strike"],"picked":"Ghostly Armor+1","floor":18}],"player_experience":54806,"relics_obtained":[{"floor":6,"key":"Juzu Bracelet"},{"floor":8,"key":"Tiny Chest"},{"floor":9,"key":"Meat on the Bone"},{"floor":11,"key":"Darkstone Periapt"}],"event_choices":[{"damage_healed":0,"gold_gain":0,"player_choice":"Got Potions","damage_taken":0,"max_hp_gain":0,"max_hp_loss":0,"event_name":"Lab","floor":10,"gold_loss":0},{"damage_healed":0,"gold_gain":0,"player_choice":"Grow","damage_taken":0,"max_hp_gain":0,"max_hp_loss":0,"event_name":"Living Wall","floor":12,"gold_loss":0,"cards_upgraded":["Heavy Blade"]},{"damage_healed":0,"gold_gain":0,"player_choice":"Paid Gold","damage_taken":0,"relics_obtained":["Paper Frog"],"max_hp_gain":0,"max_hp_loss":0,"event_name":"WeMeetAgain","floor":19,"gold_loss":67},{"damage_healed":0,"gold_gain":0,"player_choice":"Ignored","damage_taken":0,"max_hp_gain":0,"max_hp_loss":0,"event_name":"Ghosts","floor":20,"gold_loss":0},{"damage_healed":0,"gold_gain":0,"player_choice":"Bet on Murderer","damage_taken":0,"max_hp_gain":0,"max_hp_loss":0,"event_name":"The Joust","floor":21,"gold_loss":50},{"damage_healed":0,"gold_gain":0,"player_choice":"Ignored","damage_taken":0,"max_hp_gain":0,"max_hp_loss":0,"event_name":"The Mausoleum","floor":22,"gold_loss":0}],"is_beta":false,"boss_relics":[{"not_picked":["Snecko Eye","Philosopher\u0027s Stone"],"picked":"Black Star"}],"items_purged_floors":[],"is_endless":false,"potions_floor_spawned":[3,6,8,11,14],"killed_by":"Gremlin Leader","ascension_level":1}