{"gold_per_floor":[364,41,61,5,23,56,56,66,89,102,114,129,129,145,145,145],"floor_reached":16,"playtime":596,"items_purged":["Pain"],"score":154,"play_id":"249f6fd2-fd95-45df-8713-b80a24502bc6","local_time":"20190420114837","is_ascension_mode":true,"campfire_choices":[{"floor":7,"key":"REST"},{"data":"Blade Dance","floor":13,"key":"SMITH"},{"floor":15,"key":"REST"}],"neow_cost":"CURSE","seed_source_timestamp":143159868796562,"circlet_count":0,"master_deck":["Defend_G","Defend_G","Defend_G","Defend_G","Defend_G","Strike_G","Strike_G","Strike_G","Strike_G","Strike_G","Survivor","Neutralize","PiercingWail","Riddle With Holes","Catalyst","Crippling Poison","Prepared","Infinite Blades","Footwork","Blade Dance+1","Deflect"],"relics":["Ring of the Snake","Kunai","Pen Nib","Orichalcum","Oddly Smooth Stone"],"potions_floor_usage":[6,14],"damage_taken":[{"damage":3,"enemies":"Jaw Worm","floor":1,"turns":7},{"damage":5,"enemies":"Cultist","floor":3,"turns":5},{"damage":0,"enemies":"2 Louse","floor":5,"turns":3},{"damage":45,"enemies":"3 Sentries","floor":6,"turns":13},{"damage":2,"enemies":"Red Slaver","floor":8,"turns":5},{"damage":4,"enemies":"Blue Slaver","floor":10,"turns":3},{"damage":6,"enemies":"3 Louse","floor":11,"turns":4},{"damage":0,"enemies":"Exordium Wildlife","floor":12,"turns":4},{"damage":4,"enemies":"Gremlin Gang","floor":14,"turns":5},{"damage":38,"enemies":"Slime Boss","floor":16,"turns":10}],"seed_played":"5288736478987244181","potions_obtained":[{"floor":1,"key":"Dexterity Potion"},{"floor":8,"key":"Fire Potion"},{"floor":11,"key":"SmokeBomb"},{"floor":12,"key":"SteroidPotion"}],"is_trial":false,"path_per_floor":["M","$","M","?","M","E","R","M","T","M","M","M","R","M","R","B"],"character_chosen":"THE_SILENT","items_purchased":["Kunai"],"campfire_rested":2,"item_purchase_floors":[2],"current_hp_per_floor":[60,60,55,55,55,10,31,29,29,25,19,19,19,15,36,0],"gold":145,"neow_bonus":"TWO_FIFTY_GOLD","is_prod":false,"is_daily":false,"chose_seed":false,"campfire_upgraded":1,"win_rate":0,"timestamp":1555778917,"path_taken":["M","$","M","?","M","E","R","M","T","?","M","M","R","M","R","BOSS"],"build_version":"2019-01-23","purchased_purges":1,"victory":false,"max_hp_per_floor":[70,70,70,70,70,70,70,70,70,70,70,70,70,70,70,70],"card_choices":[{"not_picked":["Prepared","Expertise"],"picked":"PiercingWail","floor":1},{"not_picked":["Flying Knee","Outmaneuver"],"picked":"Riddle With Holes","floor":3},{"not_picked":["Deadly Poison","Acrobatics"],"picked":"Catalyst","floor":5},{"not_picked":["Flechettes","Blade Dance"],"picked":"Crippling Poison","floor":6},{"not_picked":["Quick Slash","Blade Dance"],"picked":"Prepared","floor":8},{"not_picked":["Prepared","Cloak And Dagger"],"picked":"Infinite Blades","floor":10},{"not_picked":["Crippling Poison","Flechettes"],"picked":"Footwork","floor":11},{"not_picked":["Quick Slash","Storm of Steel"],"picked":"Blade Dance","floor":12},{"not_picked":["PiercingWail","Dash"],"picked":"Deflect","floor":14}],"player_experience":465941,"relics_obtained":[{"floor":6,"key":"Orichalcum"},{"floor":9,"key":"Oddly Smooth Stone"}],"event_choices":[{"damage_healed":0,"gold_gain":0,"player_choice":"Paid Gold","damage_taken":0,"relics_obtained":["Pen Nib"],"max_hp_gain":0,"max_hp_loss":0,"event_name":"WeMeetAgain","floor":4,"gold_loss":56}],"is_beta":false,"boss_relics":[],"items_purged_floors":[2],"is_endless":false,"potions_floor_spawned":[1,8,11,12],"killed_by":"Slime Boss","ascension_level":9}