{"gold_per_floor":[117,117,117,167,185,185,203,203,203,203,216,250,250,264,264,343,343,355,371,371,382,398,398],"floor_reached":23,"playtime":1254,"items_purged":[],"score":367,"play_id":"974108b3-db0d-4858-b9a8-9e2dd2000d46","local_time":"20190208000926","is_ascension_mode":true,"campfire_choices":[{"data":"Sunder","floor":6,"key":"SMITH"},{"data":"Zap","floor":8,"key":"SMITH"},{"data":"1","floor":10,"key":"LIFT"},{"data":"2","floor":13,"key":"LIFT"},{"data":"Self Repair","floor":15,"key":"SMITH"}],"neow_cost":"NONE","seed_source_timestamp":5427517677419,"circlet_count":0,"master_deck":["AscendersBane","Defend_B","Defend_B","Defend_B","Defend_B","Zap+1","Dualcast","Sunder+1","Chill","Auto Shields","Self Repair+1","Reboot","Rip and Tear+1","Rip and Tear+1","Reinforced Body","Conserve Battery","Self Repair"],"relics":["Cracked Core","StoneCalendar","Girya","Sundial","Pantograph","Astrolabe"],"potions_floor_usage":[12,16,22],"damage_taken":[{"damage":0,"enemies":"2 Louse","floor":1,"turns":1},{"damage":7,"enemies":"Jaw Worm","floor":5,"turns":3},{"damage":0,"enemies":"Small Slimes","floor":7,"turns":2},{"damage":2,"enemies":"Exordium Thugs","floor":11,"turns":4},{"damage":10,"enemies":"Lagavulin","floor":12,"turns":5},{"damage":0,"enemies":"Lots of Slimes","floor":14,"turns":4},{"damage":53,"enemies":"Slime Boss","floor":16,"turns":7},{"damage":0,"enemies":"Chosen","floor":18,"turns":5},{"damage":0,"enemies":"Spheric Guardian","floor":19,"turns":3},{"damage":36,"enemies":"Snake Plant","floor":21,"turns":5},{"damage":27,"enemies":"Cultist and Chosen","floor":22,"turns":6},{"damage":33,"enemies":"Gremlin Leader","floor":23,"turns":2}],"seed_played":"6929240119053660897","potions_obtained":[{"floor":11,"key":"PowerPotion"},{"floor":14,"key":"Explosive Potion"},{"floor":18,"key":"GamblersBrew"}],"is_trial":false,"path_per_floor":["M","?","T","?","M","R","M","R","T","R","M","E","R","M","R","B",null,"M","M","?","M","M","E"],"character_chosen":"DEFECT","items_purchased":[],"campfire_rested":0,"item_purchase_floors":[],"current_hp_per_floor":[64,59,59,59,52,52,52,52,52,52,50,40,40,40,40,12,56,56,66,71,45,28,0],"gold":398,"neow_bonus":"TRANSFORM_CARD","is_prod":false,"is_daily":false,"chose_seed":false,"campfire_upgraded":3,"win_rate":0,"timestamp":1549573766,"path_taken":["M","?","?","?","M","R","M","R","T","R","M","E","R","M","R","BOSS","M","M","?","M","M","E"],"build_version":"2019-01-23","purchased_purges":0,"victory":false,"max_hp_per_floor":[71,71,71,71,71,71,71,71,71,71,71,71,71,71,71,71,71,71,71,71,71,71,71],"card_choices":[{"not_picked":["Turbo","Ball Lightning","Hologram"],"picked":"SKIP","floor":1},{"not_picked":["Steam Power","Ball Lightning"],"picked":"Chill","floor":5},{"not_picked":["Redo","Rebound"],"picked":"Auto Shields","floor":7},{"not_picked":["Barrage","Scrape","Heatsinks"],"picked":"SKIP","floor":11},{"not_picked":["Hello World","Redo","Stack"],"picked":"SKIP","floor":12},{"not_picked":["Coolheaded","Fission"],"picked":"Self Repair","floor":14},{"not_picked":["All For One","Thunder Strike"],"picked":"Reboot","floor":16},{"not_picked":["Ball Lightning","Conserve Battery"],"picked":"Reinforced Body","floor":18},{"not_picked":["Beam Cell","Force Field"],"picked":"Conserve Battery","floor":19},{"not_picked":["Rebound","Coolheaded","Leap+1"],"picked":"SKIP","floor":21},{"not_picked":["Stack","Leap"],"picked":"Self Repair","floor":22}],"player_experience":941528,"relics_obtained":[{"floor":3,"key":"Girya"},{"floor":9,"key":"Sundial"},{"floor":12,"key":"Pantograph"}],"event_choices":[{"damage_healed":0,"gold_gain":0,"player_choice":"Success","damage_taken":5,"relics_obtained":["StoneCalendar"],"max_hp_gain":0,"max_hp_loss":0,"event_name":"Scrap Ooze","floor":2,"gold_loss":0},{"damage_healed":0,"gold_gain":50,"player_choice":"Pray","damage_taken":0,"max_hp_gain":0,"max_hp_loss":0,"event_name":"Golden Shrine","floor":4,"gold_loss":0},{"cards_removed":["Storm"],"damage_healed":5,"gold_gain":0,"player_choice":"Offered Uncommon","damage_taken":0,"max_hp_gain":0,"max_hp_loss":0,"event_name":"Bonfire Elementals","floor":20,"gold_loss":0}],"is_beta":false,"boss_relics":[{"not_picked":["Runic Pyramid","Philosopher\u0027s Stone"],"picked":"Astrolabe"}],"items_purged_floors":[],"is_endless":false,"potions_floor_spawned":[11,14,18],"killed_by":"Gremlin Leader","ascension_level":18}