{"gold_per_floor":[112,127,127,144,219,219,237,237,237,256,268,282,282,282],"floor_reached":14,"playtime":1001,"items_purged":[],"score":84,"play_id":"5b00f6b0-4ea2-47f6-9471-a204dd00c8b0","local_time":"20190426185342","is_ascension_mode":false,"campfire_choices":[{"floor":6,"key":"REST"},{"data":"Perfected Strike","floor":8,"key":"SMITH"}],"neow_cost":"","seed_source_timestamp":708304640734700,"circlet_count":0,"master_deck":["Strike_R","Strike_R","Strike_R","Strike_R","Strike_R","Defend_R","Defend_R","Defend_R","Defend_R","Bash","Perfected Strike+1","Whirlwind","Dropkick","Cleave","Thunderclap","Sword Boomerang","Iron Wave"],"relics":["Burning Blood","Paper Frog","Kunai"],"potions_floor_usage":[12,12,14],"damage_taken":[{"damage":5,"enemies":"2 Louse","floor":1,"turns":3},{"damage":6,"enemies":"Jaw Worm","floor":2,"turns":3},{"damage":8,"enemies":"Small Slimes","floor":4,"turns":2},{"damage":16,"enemies":"Blue Slaver","floor":7,"turns":5},{"damage":14,"enemies":"Gremlin Gang","floor":10,"turns":2},{"damage":16,"enemies":"Lots of Slimes","floor":11,"turns":3},{"damage":27,"enemies":"Exordium Thugs","floor":12,"turns":3},{"damage":13,"enemies":"3 Louse","floor":14,"turns":2}],"seed_played":"751256714669141819","potions_obtained":[{"floor":4,"key":"FearPotion"},{"floor":10,"key":"SteroidPotion"},{"floor":12,"key":"PowerPotion"}],"is_trial":false,"path_per_floor":["M","M","?","M","?","R","M","R","T","M","M","M","?","M"],"character_chosen":"IRONCLAD","items_purchased":[],"campfire_rested":1,"item_purchase_floors":[],"current_hp_per_floor":[80,80,47,45,34,58,48,48,48,40,30,9,9,0],"gold":282,"neow_bonus":"","is_prod":false,"is_daily":false,"chose_seed":false,"campfire_upgraded":1,"win_rate":0.0,"timestamp":1556322822,"path_taken":["M","M","?","M","?","R","M","R","T","M","M","M","?","?"],"build_version":"2019-01-23","purchased_purges":0,"victory":false,"max_hp_per_floor":[80,80,80,80,80,80,80,80,80,80,80,80,80,80],"card_choices":[{"not_picked":["Clothesline","Flame Barrier"],"picked":"Perfected Strike","floor":1},{"not_picked":["Second Wind","Perfected Strike"],"picked":"Whirlwind","floor":2},{"not_picked":["Feel No Pain","Infernal Blade"],"picked":"Dropkick","floor":4},{"not_picked":["Anger","Brutality"],"picked":"Cleave","floor":7},{"not_picked":["Uppercut","Flex"],"picked":"Thunderclap","floor":10},{"not_picked":["Blood for Blood","Reckless Charge"],"picked":"Sword Boomerang","floor":11},{"not_picked":["Perfected Strike","Twin Strike"],"picked":"Iron Wave","floor":12}],"player_experience":0,"relics_obtained":[{"floor":9,"key":"Kunai"}],"event_choices":[{"damage_healed":0,"gold_gain":0,"player_choice":"Success","damage_taken":33,"relics_obtained":["Paper Frog"],"max_hp_gain":0,"max_hp_loss":0,"event_name":"Scrap Ooze","floor":3,"gold_loss":0},{"damage_healed":0,"gold_gain":75,"player_choice":"Gather Gold","damage_taken":11,"max_hp_gain":0,"max_hp_loss":0,"event_name":"World of Goop","floor":5,"gold_loss":0},{"damage_healed":0,"gold_gain":0,"player_choice":"Ignored","damage_taken":0,"max_hp_gain":0,"max_hp_loss":0,"event_name":"Liars Game","floor":13,"gold_loss":0}],"is_beta":false,"boss_relics":[],"items_purged_floors":[],"is_endless":false,"potions_floor_spawned":[4,10,12],"killed_by":"3 Louse","ascension_level":0}