{"gold_per_floor":[109,109,119,119,138,138,154,165,165,165,165],"floor_reached":11,"playtime":307,"items_purged":[],"score":94,"play_id":"ba6bd926-3464-49d8-8a22-03543af447cd","local_time":"20190419190504","is_ascension_mode":true,"campfire_choices":[{"data":"Catalyst","floor":6,"key":"SMITH"},{"floor":10,"key":"REST"}],"neow_cost":"NONE","seed_source_timestamp":83222826986934,"circlet_count":0,"master_deck":["Defend_G+1","Defend_G","Defend_G","Defend_G","Defend_G","Strike_G","Strike_G+1","Strike_G","Strike_G","Survivor","Neutralize","Accuracy","Deflect","Catalyst+1","PiercingWail","Catalyst"],"relics":["Ring of the Snake","NeowsBlessing","Singing Bowl"],"potions_floor_usage":[11],"damage_taken":[{"damage":0,"enemies":"Small Slimes","floor":1,"turns":1},{"damage":0,"enemies":"Jaw Worm","floor":3,"turns":1},{"damage":0,"enemies":"Cultist","floor":5,"turns":1},{"damage":11,"enemies":"Looter","floor":7,"turns":5},{"damage":18,"enemies":"Lots of Slimes","floor":8,"turns":10},{"damage":44,"enemies":"3 Sentries","floor":11,"turns":11}],"seed_played":"8658683789227267884","potions_obtained":[{"floor":3,"key":"PowerPotion"},{"floor":8,"key":"Energy Potion"}],"is_trial":false,"path_per_floor":["M","?","M","?","M","R","M","M","T","R","E"],"character_chosen":"THE_SILENT","items_purchased":[],"campfire_rested":1,"item_purchase_floors":[],"current_hp_per_floor":[63,49,49,49,49,49,38,20,20,41,0],"gold":165,"neow_bonus":"THREE_ENEMY_KILL","is_prod":false,"is_daily":false,"chose_seed":false,"campfire_upgraded":1,"win_rate":0,"timestamp":1555718704,"path_taken":["M","?","M","?","M","R","M","M","T","R","E"],"build_version":"2019-01-23","purchased_purges":0,"victory":false,"max_hp_per_floor":[70,70,70,70,70,70,70,70,70,70,70],"card_choices":[{"not_picked":["Deflect","Outmaneuver"],"picked":"Accuracy","floor":1},{"not_picked":["Reflex","Bane"],"picked":"Deflect","floor":3},{"not_picked":["Backstab","After Image"],"picked":"Catalyst","floor":5},{"not_picked":["Quick Slash","Sucker Punch"],"picked":"PiercingWail","floor":7},{"not_picked":["Slice","Cloak And Dagger"],"picked":"Catalyst","floor":8}],"player_experience":449641,"relics_obtained":[{"floor":9,"key":"Singing Bowl"}],"event_choices":[{"damage_healed":0,"gold_gain":0,"player_choice":"Entered Light","damage_taken":14,"max_hp_gain":0,"max_hp_loss":0,"event_name":"Shining Light","floor":2,"gold_loss":0,"cards_upgraded":["Strike_G","Defend_G"]},{"cards_removed":["Strike_G"],"damage_healed":0,"gold_gain":0,"player_choice":"Offered Basic","damage_taken":0,"max_hp_gain":0,"max_hp_loss":0,"event_name":"Bonfire Elementals","floor":4,"gold_loss":0}],"is_beta":false,"boss_relics":[],"items_purged_floors":[],"is_endless":false,"potions_floor_spawned":[3,8],"killed_by":"3 Sentries","ascension_level":9}