{"gold_per_floor":[117,117,117,117,127,157,157,219,219,232,232],"floor_reached":11,"playtime":327,"items_purged":[],"score":134,"play_id":"4b03d7fa-5a62-4b5a-b74a-d2d5ff5b26db","local_time":"20190303195036","is_ascension_mode":true,"campfire_choices":[{"floor":7,"key":"REST"}],"neow_cost":"PERCENT_DAMAGE","seed_source_timestamp":255592427193548,"circlet_count":0,"master_deck":["Defend_G","Defend_G","Defend_G","Defend_G","Defend_G","Strike_G","Strike_G","Strike_G","Strike_G","Strike_G","Survivor","Neutralize+1","Deadly Poison","Footwork","Sucker Punch+1","Poisoned Stab+1"],"relics":["Ring of the Snake","Molten Egg 2","Tiny Chest","Singing Bowl"],"potions_floor_usage":[11],"damage_taken":[{"damage":0,"enemies":"Small Slimes","floor":1,"turns":4},{"damage":0,"enemies":"2 Louse","floor":5,"turns":4},{"damage":35,"enemies":"Lagavulin","floor":6,"turns":10},{"damage":39,"enemies":"3 Sentries","floor":8,"turns":12},{"damage":7,"enemies":"Jaw Worm","floor":10,"turns":4},{"damage":6,"enemies":"Gremlin Gang","floor":11,"turns":2}],"seed_played":"3962445768585237493","potions_obtained":[{"floor":6,"key":"Poison Potion"},{"floor":10,"key":"Dexterity Potion"}],"is_trial":false,"path_per_floor":["M","?","?","$","M","E","R","E","T","M","M"],"character_chosen":"THE_SILENT","items_purchased":[],"campfire_rested":1,"item_purchase_floors":[],"current_hp_per_floor":[59,59,59,59,59,24,49,10,10,5,0],"gold":232,"neow_bonus":"TWENTY_PERCENT_HP_BONUS","is_prod":false,"is_daily":false,"chose_seed":false,"campfire_upgraded":0,"win_rate":0,"timestamp":1551664236,"path_taken":["M","?","?","?","M","E","R","E","T","M","?"],"build_version":"2019-01-23","purchased_purges":0,"victory":false,"max_hp_per_floor":[84,84,84,84,84,84,84,84,84,86,86],"card_choices":[{"not_picked":["Underhanded Strike","Deflect"],"picked":"Deadly Poison","floor":1},{"not_picked":["PiercingWail","Dagger Spray"],"picked":"Footwork","floor":5},{"not_picked":["Blur","Flying Knee"],"picked":"Sucker Punch","floor":6},{"not_picked":["Prepared","Dagger Throw+1"],"picked":"Poisoned Stab+1","floor":8},{"not_picked":["Infinite Blades","Choke+1","Concentrate"],"picked":"Singing Bowl","floor":10}],"player_experience":244709,"relics_obtained":[{"floor":6,"key":"Molten Egg 2"},{"floor":8,"key":"Tiny Chest"},{"floor":9,"key":"Singing Bowl"}],"event_choices":[{"damage_healed":0,"gold_gain":0,"player_choice":"Ignored","damage_taken":0,"max_hp_gain":0,"max_hp_loss":0,"event_name":"Golden Wing","floor":2,"gold_loss":0},{"damage_healed":0,"gold_gain":0,"player_choice":"Grow","damage_taken":0,"max_hp_gain":0,"max_hp_loss":0,"event_name":"Living Wall","floor":3,"gold_loss":0,"cards_upgraded":["Neutralize"]}],"is_beta":false,"boss_relics":[],"items_purged_floors":[],"is_endless":false,"potions_floor_spawned":[6,10],"killed_by":"Gremlin Gang","ascension_level":7}