{"gold_per_floor":[114,114,134,152,77,77,103,103,130,142,185,209,232,271,283,368,380,402,339,339,351,351,351,371,371,371,385,385,385,310,320,320,320],"floor_reached":33,"playtime":1671,"items_purged":["Pain"],"score":504,"play_id":"cbde1a59-ae62-4778-a45f-059d6381952f","local_time":"20190213043428","is_ascension_mode":true,"campfire_choices":[{"data":"Zap","floor":6.0,"key":"SMITH"},{"data":"Barrage","floor":8.0,"key":"SMITH"},{"floor":10.0,"key":"REST"},{"floor":15.0,"key":"REST"},{"data":"Capacitor","floor":23.0,"key":"SMITH"},{"floor":25.0,"key":"REST"},{"data":"Consume","floor":29.0,"key":"SMITH"},{"floor":32.0,"key":"REST"}],"neow_cost":"NONE","seed_source_timestamp":0,"circlet_count":0,"master_deck":["AscendersBane","Strike_B","Strike_B","Strike_B","Defend_B","Defend_B","Defend_B","Defend_B","Zap+1","Dualcast","White Noise","Barrage+1","Cold Snap","Capacitor+1","Biased Cognition","Blizzard","Self Repair","Loop+1","Consume+1"],"special_seed":0,"relics":["FrozenCore","NeowsBlessing","WarpedTongs","PreservedInsect","MawBank","Blood Vial","Bottled Flame","NlothsMask"],"potions_floor_usage":[],"damage_taken":[{"damage":0.0,"enemies":"Small Slimes","floor":1.0,"turns":1.0},{"damage":0.0,"enemies":"Cultist","floor":3.0,"turns":1.0},{"damage":0.0,"enemies":"2 Louse","floor":4.0,"turns":1.0},{"damage":28.0,"enemies":"Gremlin Nob","floor":7.0,"turns":4.0},{"damage":16.0,"enemies":"3 Sentries","floor":11.0,"turns":5.0},{"damage":0.0,"enemies":"Red Slaver","floor":12.0,"turns":2.0},{"damage":17.0,"enemies":"3 Louse","floor":13.0,"turns":3.0},{"damage":14.0,"enemies":"Lagavulin","floor":14.0,"turns":6.0},{"damage":7.0,"enemies":"Slime Boss","floor":16.0,"turns":7.0},{"damage":25.0,"enemies":"Chosen","floor":18.0,"turns":6.0},{"damage":17.0,"enemies":"Shell Parasite","floor":21.0,"turns":7.0},{"damage":34.0,"enemies":"Chosen and Byrds","floor":24.0,"turns":8.0},{"damage":5.0,"enemies":"Sentry and Sphere","floor":27.0,"turns":8.0},{"damage":21.0,"enemies":"Shelled Parasite and Fungi","floor":31.0,"turns":7.0},{"damage":40,"enemies":"Automaton","floor":33,"turns":6}],"seed_played":"8986614554097848814","potions_obtained":[{"floor":1.0,"key":"FocusPotion"},{"floor":4.0,"key":"SpeedPotion"},{"floor":11.0,"key":"SkillPotion"},{"floor":13.0,"key":"PowerPotion"},{"floor":21.0,"key":"Poison Potion"},{"floor":24.0,"key":"Weak Potion"}],"is_trial":false,"path_per_floor":["M","?","M","M","$","R","E","R","T","R","E","M","M","E","R","B",null,"M","$","?","M","?","R","M","R","T","M","?","R","?","M","R","B"],"character_chosen":"DEFECT","items_purchased":["Self Repair"],"campfire_rested":4,"item_purchase_floors":[19],"current_hp_per_floor":[64,64,64,64,64,64,36,36,36,57,41,43,28,16,37,32,61,38,38,38,33,33,33,1,22,22,29,29,29,29,17,38,0],"gold":320,"neow_bonus":"THREE_ENEMY_KILL","is_prod":false,"is_daily":false,"chose_seed":false,"campfire_upgraded":4,"win_rate":0,"timestamp":1550021668,"path_taken":["M","?","M","?","$","R","E","R","T","R","E","M","M","E","R","BOSS","M","$","?","?","?","R","M","R","T","M","?","R","?","M","R","BOSS"],"build_version":"2019-01-23","purchased_purges":1,"victory":false,"max_hp_per_floor":[71,71,71,71,71,71,71,71,71,71,71,71,71,71,71,71,71,71,71,71,71,71,71,71,71,71,71,71,71,71,71,71,71],"card_choices":[{"not_picked":["Go for the Eyes","FTL"],"picked":"White Noise","floor":1.0},{"not_picked":["Turbo","Steam","Double Energy"],"picked":"SKIP","floor":3.0},{"not_picked":["Blizzard","Stack"],"picked":"Barrage","floor":4.0},{"not_picked":["Stack","Turbo"],"picked":"Cold Snap","floor":7.0},{"not_picked":["Chaos","Amplify","FTL"],"picked":"SKIP","floor":11.0},{"not_picked":["Recycle","Gash"],"picked":"Capacitor","floor":12.0},{"not_picked":["Rebound","Sunder","Redo"],"picked":"SKIP","floor":13.0},{"not_picked":["Go for the Eyes","Beam Cell","Gash"],"picked":"SKIP","floor":14.0},{"not_picked":["Machine Learning","Hyperbeam"],"picked":"Biased Cognition","floor":16.0},{"not_picked":["Leap","Coolheaded"],"picked":"Blizzard","floor":18.0},{"not_picked":["Turbo","Gash","Streamline"],"picked":"SKIP","floor":21.0},{"not_picked":["Scrape","Doom and Gloom+1"],"picked":"Loop+1","floor":24.0},{"not_picked":["Doom and Gloom","Compile Driver","Cold Snap"],"picked":"SKIP","floor":27.0},{"not_picked":["Sweeping Beam","Turbo","Streamline"],"picked":"SKIP","floor":31.0}],"player_experience":950456,"relics_obtained":[{"floor":7.0,"key":"PreservedInsect"},{"floor":9.0,"key":"MawBank"},{"floor":11.0,"key":"Blood Vial"},{"floor":14.0,"key":"Bottled Flame"}],"event_choices":[{"damage_healed":0.0,"max_hp_gain":0.0,"max_hp_loss":0.0,"gold_gain":0.0,"event_name":"Accursed Blacksmith","player_choice":"Rummage","floor":2.0,"gold_loss":0.0,"damage_taken":0.0,"relics_obtained":["WarpedTongs"],"cards_obtained":["Pain"]},{"damage_healed":0.0,"max_hp_gain":0.0,"max_hp_loss":0.0,"gold_gain":0.0,"event_name":"FaceTrader","player_choice":"Trade","floor":20.0,"gold_loss":0.0,"damage_taken":0.0,"relics_obtained":["NlothsMask"]},{"damage_healed":0.0,"max_hp_gain":0.0,"max_hp_loss":0.0,"gold_gain":0.0,"event_name":"Cursed Tome","player_choice":"Ignored","floor":22.0,"gold_loss":0.0,"damage_taken":0.0},{"damage_healed":0.0,"max_hp_gain":0.0,"max_hp_loss":0.0,"gold_gain":0.0,"event_name":"The Library","player_choice":"Read","floor":28.0,"gold_loss":0.0,"damage_taken":0.0,"cards_obtained":["Consume"]},{"cards_removed":["Strike_B"],"damage_healed":0.0,"max_hp_gain":0.0,"max_hp_loss":0.0,"gold_gain":0.0,"event_name":"Beggar","player_choice":"Gave Gold","floor":30.0,"gold_loss":75.0,"damage_taken":0.0}],"is_beta":false,"boss_relics":[{"not_picked":["White Beast Statue","Runic Pyramid"],"picked":"FrozenCore"}],"items_purged_floors":[5],"is_endless":false,"potions_floor_spawned":[1,4,11,13,21,24],"killed_by":"Automaton","ascension_level":18}