{"gold_per_floor":[214,214,21,1,17,58,5,28,54,92,112,112,127,146,146,146],"floor_reached":16,"playtime":845,"items_purged":[],"score":112,"play_id":"2ed96938-3077-4047-ba87-101543cc034a","local_time":"20190428223651","is_ascension_mode":false,"campfire_choices":[{"floor":12,"key":"REST"},{"data":"Zap","floor":15,"key":"SMITH"}],"neow_cost":"NONE","seed_source_timestamp":894668379444800,"circlet_count":0,"master_deck":["Strike_B","Strike_B","Strike_B","Strike_B","Defend_B","Defend_B","Defend_B","Defend_B","Zap+1","Dualcast","Steam","Scrape","BootSequence","Redo","Gash","Gash"],"relics":["Cracked Core","Golden Idol","Sling","Dream Catcher","Art of War","Bottled Lightning"],"potions_floor_usage":[6,10,14,16,16],"damage_taken":[{"damage":0,"enemies":"Jaw Worm","floor":1,"turns":4},{"damage":0,"enemies":"2 Louse","floor":5,"turns":2},{"damage":9,"enemies":"Gremlin Nob","floor":6,"turns":3},{"damage":0,"enemies":"Small Slimes","floor":8,"turns":3},{"damage":29,"enemies":"Lagavulin","floor":10,"turns":6},{"damage":6,"enemies":"Exordium Wildlife","floor":11,"turns":5},{"damage":3,"enemies":"3 Louse","floor":13,"turns":3},{"damage":12,"enemies":"Large Slime","floor":14,"turns":5},{"damage":46,"enemies":"The Guardian","floor":16,"turns":9}],"seed_played":"-5553974718650538486","potions_obtained":[{"floor":5,"key":"PowerPotion"},{"floor":6,"key":"Dexterity Potion"},{"floor":10,"key":"GamblersBrew"},{"floor":13,"key":"Regen Potion"},{"floor":14,"key":"SkillPotion"}],"is_trial":false,"path_per_floor":["M","?","$","?","M","E","$","M","T","E","M","R","M","M","R","B"],"character_chosen":"DEFECT","items_purchased":["Sling","Redo"],"campfire_rested":1,"item_purchase_floors":[3,7],"current_hp_per_floor":[75,69,69,69,69,60,60,60,60,31,25,45,42,44,44,0],"gold":146,"neow_bonus":"HUNDRED_GOLD","is_prod":false,"is_daily":false,"chose_seed":false,"campfire_upgraded":1,"win_rate":0.0,"timestamp":1556509011,"path_taken":["M","?","$","?","M","E","$","M","T","E","M","R","M","M","R","BOSS"],"build_version":"2019-01-23","purchased_purges":0,"victory":false,"max_hp_per_floor":[75,69,69,69,69,69,69,69,69,69,69,69,69,69,69,69],"card_choices":[{"not_picked":["Turbo","Coolheaded"],"picked":"Steam","floor":1},{"not_picked":["Loop","Stack"],"picked":"Scrape","floor":5},{"not_picked":["Meteor Strike","Sunder"],"picked":"BootSequence","floor":6},{"not_picked":["Defragment","Compile Driver","Conserve Battery"],"picked":"SKIP","floor":8},{"not_picked":["Barrage","Hologram","Undo"],"picked":"SKIP","floor":10},{"not_picked":["Stack","Ball Lightning"],"picked":"Gash","floor":11},{"not_picked":["Aggregate","Leap"],"picked":"Gash","floor":12},{"not_picked":["Redo","Aggregate","Double Energy"],"picked":"SKIP","floor":13},{"not_picked":["Ball Lightning","Coolheaded","Turbo"],"picked":"SKIP","floor":14}],"player_experience":50362,"relics_obtained":[{"floor":6,"key":"Dream Catcher"},{"floor":9,"key":"Art of War"},{"floor":10,"key":"Bottled Lightning"}],"event_choices":[{"damage_healed":0,"gold_gain":0,"player_choice":"Lose Max HP","damage_taken":0,"relics_obtained":["Golden Idol"],"max_hp_gain":0,"max_hp_loss":6,"event_name":"Golden Idol","floor":2,"gold_loss":0},{"damage_healed":0,"gold_gain":0,"player_choice":"Left Gold","damage_taken":0,"max_hp_gain":0,"max_hp_loss":0,"event_name":"World of Goop","floor":4,"gold_loss":20}],"is_beta":false,"boss_relics":[],"items_purged_floors":[],"is_endless":false,"potions_floor_spawned":[5,6,10,13,14],"killed_by":"The Guardian","ascension_level":0}