{"gold_per_floor":[115,132,57,57,70,70,21,54,124,141,141,141,241,270,270,370,370,389,405,424,436,140,140],"floor_reached":23,"playtime":2226,"items_purged":["Strike_R","Strike_R"],"score":201,"play_id":"1c7d80e6-1d6b-47ba-8379-05728d7f72b6","local_time":"20190609093731","is_ascension_mode":false,"campfire_choices":[{"data":"Berserk","floor":6,"key":"SMITH"},{"floor":12,"key":"REST"},{"floor":15,"key":"REST"}],"neow_cost":"NONE","seed_source_timestamp":2412763668061742,"circlet_count":0,"master_deck":["Strike_R","Strike_R","Strike_R","Defend_R+1","Defend_R","Defend_R","Defend_R","Bash","Berserk+1","Body Slam","Infernal Blade+1","Sword Boomerang","Shrug It Off","Barricade+1","Double Tap","Burning Pact","Metallicize+1","Headbutt","Battle Trance+1","Magnetism+1"],"relics":["Burning Blood","Centennial Puzzle","Oddly Smooth Stone","Frozen Egg 2","War Paint","Cursed Key"],"potions_floor_usage":[5,14,16,16],"damage_taken":[{"damage":7,"enemies":"2 Louse","floor":1,"turns":3},{"damage":5,"enemies":"Small Slimes","floor":2,"turns":4},{"damage":8,"enemies":"Cultist","floor":5,"turns":4},{"damage":49,"enemies":"Gremlin Nob","floor":8,"turns":5},{"damage":15,"enemies":"Looter","floor":10,"turns":3},{"damage":23,"enemies":"3 Sentries","floor":14,"turns":11},{"damage":27,"enemies":"The Guardian","floor":16,"turns":10},{"damage":6,"enemies":"Chosen","floor":18,"turns":5},{"damage":15,"enemies":"Shell Parasite","floor":19,"turns":5},{"damage":16,"enemies":"Snecko","floor":20,"turns":6},{"damage":31,"enemies":"3 Cultists","floor":21,"turns":5},{"damage":37,"enemies":"Slavers","floor":23,"turns":3}],"seed_played":"-3966383812548182989","potions_obtained":[{"floor":0,"key":"SneckoOil"},{"floor":0,"key":"Energy Potion"},{"floor":0,"key":"AttackPotion"},{"floor":1,"key":"SmokeBomb"},{"floor":5,"key":"Dexterity Potion"},{"floor":14,"key":"AttackPotion"},{"floor":19,"key":"SteroidPotion"}],"is_trial":false,"path_per_floor":["M","M","$","?","M","R","?","E","T","M","?","R","?","E","R","B",null,"M","M","M","M","$","E"],"character_chosen":"IRONCLAD","items_purchased":["Magnetism+1"],"campfire_rested":2,"item_purchase_floors":[22],"current_hp_per_floor":[79,80,80,68,66,66,66,23,23,14,14,38,38,21,45,24,80,80,71,61,36,36,0],"gold":140,"neow_bonus":"THREE_SMALL_POTIONS","is_prod":false,"is_daily":false,"chose_seed":false,"campfire_upgraded":1,"win_rate":0,"timestamp":1560098251,"path_taken":["M","M","$","?","M","R","?","E","T","M","?","R","?","E","R","BOSS","M","M","M","M","$","E"],"build_version":"2019-01-23","purchased_purges":2,"victory":false,"max_hp_per_floor":[80,80,80,80,80,80,80,80,80,80,80,80,80,80,80,80,80,80,80,80,80,80,80],"card_choices":[{"not_picked":["Iron Wave","Sword Boomerang"],"picked":"Berserk","floor":1},{"not_picked":["Combust","Blood for Blood"],"picked":"Body Slam","floor":2},{"not_picked":["Fire Breathing","Thunderclap"],"picked":"Infernal Blade","floor":5},{"not_picked":["Perfected Strike","Hemokinesis"],"picked":"Sword Boomerang","floor":8},{"not_picked":["Twin Strike","Rampage"],"picked":"Shrug It Off","floor":10},{"not_picked":["Cleave","Shrug It Off"],"picked":"Barricade+1","floor":14},{"not_picked":["Reaper","Limit Break"],"picked":"Double Tap","floor":16},{"not_picked":["Clash","Thunderclap"],"picked":"Burning Pact","floor":18},{"not_picked":["Pommel Strike","Body Slam"],"picked":"Metallicize+1","floor":19},{"not_picked":["Clothesline","Burning Pact+1"],"picked":"Headbutt","floor":20},{"not_picked":["Body Slam+1","Iron Wave"],"picked":"Battle Trance+1","floor":21}],"player_experience":61451,"relics_obtained":[{"floor":8,"key":"Oddly Smooth Stone"},{"floor":9,"key":"Frozen Egg 2"},{"floor":14,"key":"War Paint"}],"event_choices":[{"damage_healed":0,"gold_gain":0,"player_choice":"Success","damage_taken":12,"relics_obtained":["Centennial Puzzle"],"max_hp_gain":0,"max_hp_loss":0,"event_name":"Scrap Ooze","floor":4,"gold_loss":0},{"damage_healed":0,"gold_gain":0,"player_choice":"Left Gold","damage_taken":0,"max_hp_gain":0,"max_hp_loss":0,"event_name":"World of Goop","floor":7,"gold_loss":49},{"damage_healed":0,"gold_gain":0,"player_choice":"Ignored","damage_taken":0,"max_hp_gain":0,"max_hp_loss":0,"event_name":"Golden Idol","floor":11,"gold_loss":0},{"damage_healed":0,"gold_gain":100,"player_choice":"Pray","damage_taken":0,"max_hp_gain":0,"max_hp_loss":0,"event_name":"Golden Shrine","floor":13,"gold_loss":0}],"is_beta":false,"boss_relics":[{"not_picked":["Tiny House","Snecko Eye"],"picked":"Cursed Key"}],"items_purged_floors":[3,22],"is_endless":false,"potions_floor_spawned":[1,5,14,19],"killed_by":"Slavers","ascension_level":0}