{"gold_per_floor":[110,120,136,153,153,153,167,180,206,35,35,35,52,7,7,109,109,129,0,0,0,0,0,18,18,42,60,78,88,13,13],"floor_reached":31,"playtime":2210,"items_purged":["Shame"],"score":229,"play_id":"a9950e94-f5f9-4da7-9ff5-dd9dfc376da5","local_time":"20190426225958","is_ascension_mode":false,"campfire_choices":[{"data":"Quick Slash","floor":6,"key":"SMITH"},{"floor":11,"key":"REST"},{"floor":15,"key":"REST"},{"data":"Well Laid Plans","floor":23,"key":"SMITH"},{"floor":25,"key":"REST"}],"neow_cost":"NONE","seed_source_timestamp":721867777428300,"circlet_count":0,"master_deck":["Defend_G","Defend_G","Strike_G","Strike_G","Strike_G","Strike_G","Survivor","Neutralize","Acrobatics","Acrobatics","Quick Slash+1","Outmaneuver","Blur","Neutralize","Escape Plan","Flying Knee","Flash of Steel","Endless Agony","Flying Knee","Tools of the Trade","Unload+1","Choke+1","Predator+1","Well Laid Plans+1","Quick Slash","Outmaneuver","Eviscerate","Die Die Die","Bane"],"relics":["Ring of the Snake","Bag of Marbles","Snake Skull","Astrolabe","Bag of Preparation"],"potions_floor_usage":[4,16,16,27,29,31],"damage_taken":[{"damage":0,"enemies":"2 Louse","floor":1,"turns":3},{"damage":6,"enemies":"Cultist","floor":2,"turns":4},{"damage":0,"enemies":"Small Slimes","floor":3,"turns":3},{"damage":27,"enemies":"Exordium Thugs","floor":4,"turns":5},{"damage":7,"enemies":"Looter","floor":7,"turns":4},{"damage":12,"enemies":"3 Louse","floor":8,"turns":4},{"damage":4,"enemies":"Blue Slaver","floor":13,"turns":3},{"damage":38,"enemies":"Slime Boss","floor":16,"turns":16},{"damage":6,"enemies":"Chosen","floor":18,"turns":3},{"damage":23,"enemies":"3 Byrds","floor":24,"turns":5},{"damage":37,"enemies":"Shelled Parasite and Fungi","floor":27,"turns":4},{"damage":13,"enemies":"Snecko","floor":28,"turns":4},{"damage":12,"enemies":"Centurion and Healer","floor":29,"turns":4},{"damage":12,"enemies":"Snake Plant","floor":31,"turns":2}],"seed_played":"4342657545028197894","potions_obtained":[{"floor":2,"key":"Explosive Potion"},{"floor":4,"key":"Weak Potion"},{"floor":8,"key":"Dexterity Potion"},{"floor":24,"key":"Strength Potion"},{"floor":27,"key":"FearPotion"},{"floor":28,"key":"SpeedPotion"}],"is_trial":false,"path_per_floor":["M","M","M","M","?","R","M","M","T","$","R","?","M","$","R","B",null,"M","?","?","?","$","R","M","R","T","M","M","M","?","M"],"character_chosen":"THE_SILENT","items_purchased":["Flash of Steel","Flying Knee"],"campfire_rested":3,"item_purchase_floors":[10,14],"current_hp_per_floor":[77,71,71,44,44,44,37,25,25,25,48,48,44,44,67,29,77,71,71,71,71,71,71,48,71,71,34,21,9,9,0],"gold":13,"neow_bonus":"TEN_PERCENT_HP_BONUS","is_prod":false,"is_daily":false,"chose_seed":false,"campfire_upgraded":2,"win_rate":0.0,"timestamp":1556337598,"path_taken":["M","M","M","M","?","R","M","?","T","$","R","?","M","?","R","BOSS","M","?","?","?","?","R","M","R","T","M","M","M","?","M"],"build_version":"2019-01-23","purchased_purges":1,"victory":false,"max_hp_per_floor":[77,77,77,77,77,77,77,77,77,77,77,77,77,77,77,77,77,77,77,77,77,77,77,77,77,77,77,77,77,77,77],"card_choices":[{"not_picked":["Blade Dance","Dodge and Roll"],"picked":"Acrobatics","floor":1},{"not_picked":["Backstab","Escape Plan"],"picked":"Acrobatics","floor":2},{"not_picked":["Prepared","Poisoned Stab"],"picked":"Quick Slash","floor":3},{"not_picked":["Dash","Deadly Poison"],"picked":"Outmaneuver","floor":4},{"not_picked":["Bouncing Flask","Dodge and Roll"],"picked":"Escape Plan","floor":7},{"not_picked":["Sucker Punch","Blade Dance"],"picked":"Flying Knee","floor":8},{"not_picked":["Catalyst","Venomology"],"picked":"Endless Agony","floor":13},{"not_picked":["Phantasmal Killer","Venomology"],"picked":"Tools of the Trade","floor":16},{"not_picked":["Slice","Reflex"],"picked":"Well Laid Plans","floor":18},{"not_picked":["Infinite Blades","Poisoned Stab+1"],"picked":"Outmaneuver","floor":24},{"not_picked":["PiercingWail","Deadly Poison+1"],"picked":"Eviscerate","floor":27},{"not_picked":["Caltrops+1","Sucker Punch+1"],"picked":"Die Die Die","floor":28},{"not_picked":["Well Laid Plans","Blade Dance"],"picked":"Bane","floor":29}],"player_experience":11834,"relics_obtained":[{"floor":9,"key":"Bag of Marbles"},{"floor":12,"key":"Snake Skull"},{"floor":26,"key":"Bag of Preparation"}],"event_choices":[{"damage_healed":0,"gold_gain":0,"player_choice":"3 cards matched","damage_taken":0,"max_hp_gain":0,"max_hp_loss":0,"event_name":"Match and Keep!","floor":5,"gold_loss":0,"cards_obtained":["Blur","Neutralize","Shame"]},{"damage_healed":0,"gold_gain":0,"player_choice":"Relic","damage_taken":0,"max_hp_gain":0,"max_hp_loss":0,"event_name":"Wheel of Change","floor":12,"gold_loss":0},{"damage_healed":0,"gold_gain":0,"player_choice":"Paid Fearfully","damage_taken":0,"max_hp_gain":0,"max_hp_loss":0,"event_name":"Masked Bandits","floor":19,"gold_loss":129},{"damage_healed":0,"gold_gain":0,"player_choice":"Read","damage_taken":0,"max_hp_gain":0,"max_hp_loss":0,"event_name":"The Library","floor":20,"gold_loss":0,"cards_obtained":["Quick Slash"]},{"damage_healed":0,"gold_gain":0,"player_choice":"Ignored","damage_taken":0,"max_hp_gain":0,"max_hp_loss":0,"event_name":"Ghosts","floor":21,"gold_loss":0},{"cards_removed":["Strike_G"],"damage_healed":0,"gold_gain":0,"player_choice":"Gave Gold","damage_taken":0,"max_hp_gain":0,"max_hp_loss":0,"event_name":"Beggar","floor":30,"gold_loss":75}],"is_beta":false,"boss_relics":[{"not_picked":["Ectoplasm","Black Star"],"picked":"Astrolabe"}],"items_purged_floors":[10],"is_endless":false,"potions_floor_spawned":[2,4,8,24,27,28],"killed_by":"Snake Plant","ascension_level":0}