{"gold_per_floor":[119,119,129,142,142,142,173,173,196,196,211,211,211,225,225,302,302,302],"floor_reached":18,"playtime":1835,"items_purged":[],"score":399,"play_id":"4c7dd1ce-6e88-4f3f-b991-4f59b764de31","local_time":"20181215054749","is_ascension_mode":true,"campfire_choices":[{"data":"Well Laid Plans","floor":6,"key":"SMITH"},{"floor":8,"key":"REST"},{"floor":10,"key":"REST"},{"data":"Bullet Time","floor":15,"key":"SMITH"}],"neow_cost":"TEN_PERCENT_HP_LOSS","seed_source_timestamp":52347783499769,"circlet_count":0,"master_deck":["AscendersBane","Defend_G","Defend_G","Defend_G","Defend_G","Defend_G","Strike_G","Survivor","Neutralize","Predator","Well Laid Plans+1","Backflip","Escape Plan","Bullet Time+1","Burst"],"relics":["Ring of the Snake","GremlinMask","Strawberry","Anchor","Runic Pyramid"],"potions_floor_usage":[14,18],"damage_taken":[{"damage":4,"enemies":"Jaw Worm","floor":1,"turns":4},{"damage":0,"enemies":"Cultist","floor":3,"turns":3},{"damage":1,"enemies":"2 Louse","floor":4,"turns":3},{"damage":52,"enemies":"Lagavulin","floor":7,"turns":8},{"damage":11,"enemies":"Large Slime","floor":11,"turns":8},{"damage":8,"enemies":"Gremlin Gang","floor":14,"turns":6},{"damage":0,"enemies":"The Guardian","floor":16,"turns":14},{"damage":61,"enemies":"Chosen","floor":18,"turns":10}],"seed_played":"-1037951623823302238","potions_obtained":[{"floor":4,"key":"Swift Potion"},{"floor":7,"key":"Fire Potion"}],"is_trial":false,"path_per_floor":["M","$","M","M","?","R","E","R","T","R","M","?","?","M","R","B",null,"M"],"character_chosen":"THE_SILENT","items_purchased":[],"campfire_rested":2,"item_purchase_floors":[],"current_hp_per_floor":[55,55,55,54,54,54,9,29,29,49,38,38,38,30,30,30,58,0],"gold":302,"neow_bonus":"TRANSFORM_TWO_CARDS","is_prod":false,"is_daily":false,"chose_seed":false,"campfire_upgraded":2,"win_rate":0,"timestamp":1544842069,"path_taken":["M","$","M","M","?","R","E","R","T","R","?","?","?","M","R","BOSS","M"],"build_version":"2018-12-13","purchased_purges":0,"victory":false,"max_hp_per_floor":[60,60,60,60,60,60,67,67,67,67,67,67,67,67,67,67,67,67],"card_choices":[{"not_picked":["Blade Dance","Prepared","Tactician"],"picked":"SKIP","floor":1},{"not_picked":["Catalyst","Sucker Punch"],"picked":"Backflip","floor":3},{"not_picked":["Underhanded Strike","Riddle With Holes","All Out Attack"],"picked":"SKIP","floor":4},{"not_picked":["Cloak And Dagger","Prepared"],"picked":"Escape Plan","floor":7},{"not_picked":["Heel Hook","Flying Knee","Prepared"],"picked":"SKIP","floor":11},{"not_picked":["Underhanded Strike","Terror"],"picked":"Bullet Time","floor":14},{"not_picked":["Corpse Explosion","Malaise"],"picked":"Burst","floor":16}],"player_experience":887530,"relics_obtained":[{"floor":7,"key":"Strawberry"},{"floor":9,"key":"Anchor"}],"event_choices":[{"damage_healed":0,"gold_gain":0,"player_choice":"Trade","damage_taken":0,"relics_obtained":["GremlinMask"],"max_hp_gain":0,"max_hp_loss":0,"event_name":"FaceTrader","floor":5,"gold_loss":0},{"cards_removed":["Strike_G"],"damage_healed":0,"gold_gain":0,"player_choice":"Forget","damage_taken":0,"max_hp_gain":0,"max_hp_loss":0,"event_name":"Living Wall","floor":12,"gold_loss":0},{"cards_removed":["Strike_G"],"damage_healed":0,"gold_gain":0,"player_choice":"Purged","damage_taken":0,"max_hp_gain":0,"max_hp_loss":0,"event_name":"Purifier","floor":13,"gold_loss":0}],"is_beta":false,"boss_relics":[{"not_picked":["Busted Crown","Lizard Tail"],"picked":"Runic Pyramid"}],"items_purged_floors":[],"is_endless":false,"potions_floor_spawned":[4,7],"killed_by":"Chosen","ascension_level":18}