{"gold_per_floor":[119,137,312,330,344,344,375,375,375,375,340,340,369,0,0,104,104,115,128,128,128,138,138,163,88,115,115,115,140,157,184,184,279,279,294,294,304,314,414,442,442,473,473,486,518,428,440,459,459,459,459,459,13,43,43],"floor_reached":56,"playtime":3075,"items_purged":["Strike_R","Defend_R"],"score":1924,"play_id":"69a13813-56e9-4a9f-aba8-b349633046df","local_time":"20190524220335","is_ascension_mode":true,"campfire_choices":[{"data":"Fiend Fire","floor":6.0,"key":"SMITH"},{"data":"Bash","floor":8.0,"key":"SMITH"},{"floor":15,"key":"REST"},{"data":"Feel No Pain","floor":23,"key":"SMITH"},{"floor":28,"key":"REST"},{"floor":32,"key":"REST"},{"floor":41,"key":"REST"},{"floor":49,"key":"RECALL"},{"floor":52,"key":"REST"}],"neow_cost":"TEN_PERCENT_HP_LOSS","seed_source_timestamp":457234146340900,"circlet_count":0,"master_deck":["Defend_R","Bash+1","Fiend Fire+1","Wild Strike+1","Iron Wave+1","Headbutt","Feel No Pain+1","Shockwave","Feed","Sever Soul","Warcry","Warcry+1","Spot Weakness","Seeing Red+1","Infernal Blade+1","Fiend Fire+1","Immolate+1","Limit Break+1","Exhume+1","Battle Trance+1","Infernal Blade+1","Fiend Fire","Warcry+1"],"special_seed":0,"relics":["Burning Blood","Singing Bowl","Question Card","Shuriken","Art of War","Dead Branch","Snecko Eye","Self Forming Clay","Charon\u0027s Ashes","Juzu Bracelet","Red Skull","Astrolabe","Calipers","Whetstone","Strawberry","Mercury Hourglass","Anchor","OrangePellets","Vajra"],"potions_floor_usage":[13,16,24,29,29,29,31,31,31,31,33,33,39,45,50,55,55],"damage_taken":[{"damage":6.0,"enemies":"2 Louse","floor":1.0,"turns":3.0},{"damage":10.0,"enemies":"Small Slimes","floor":2.0,"turns":3.0},{"damage":6.0,"enemies":"Cultist","floor":4.0,"turns":3.0},{"damage":1.0,"enemies":"Large Slime","floor":5.0,"turns":5.0},{"damage":25.0,"enemies":"3 Sentries","floor":7.0,"turns":5.0},{"damage":20,"enemies":"Lagavulin","floor":13,"turns":4},{"damage":0,"enemies":"Slime Boss","floor":16,"turns":2},{"damage":0,"enemies":"Spheric Guardian","floor":18,"turns":2},{"damage":0,"enemies":"Chosen","floor":19,"turns":2},{"damage":2,"enemies":"3 Cultists","floor":22,"turns":5},{"damage":62,"enemies":"Gremlin Leader","floor":24,"turns":6},{"damage":15,"enemies":"Slavers","floor":29,"turns":3},{"damage":0,"enemies":"Snecko","floor":30,"turns":1},{"damage":6,"enemies":"Gremlin Leader","floor":31,"turns":3},{"damage":0,"enemies":"Collector","floor":33,"turns":4},{"damage":8,"enemies":"3 Darklings","floor":35,"turns":3},{"damage":0,"enemies":"Orb Walker","floor":37,"turns":2},{"damage":0,"enemies":"3 Darklings","floor":38,"turns":2},{"damage":14,"enemies":"Mind Bloom Boss Battle","floor":39,"turns":7},{"damage":29,"enemies":"Reptomancer","floor":40,"turns":4},{"damage":12,"enemies":"Giant Head","floor":42,"turns":2},{"damage":6,"enemies":"4 Shapes","floor":44,"turns":1},{"damage":0,"enemies":"Nemesis","floor":45,"turns":1},{"damage":0,"enemies":"Maw","floor":47,"turns":4},{"damage":3,"enemies":"Sphere and 2 Shapes","floor":48,"turns":2},{"damage":67,"enemies":"Time Eater","floor":50,"turns":5},{"damage":6,"enemies":"Shield and Spear","floor":54,"turns":2},{"damage":3,"enemies":"The Heart","floor":55,"turns":5}],"seed_played":"1332814747825849052","potions_obtained":[{"floor":2.0,"key":"FearPotion"},{"floor":7.0,"key":"GamblersBrew"},{"floor":13,"key":"SteroidPotion"},{"floor":16,"key":"EssenceOfSteel"},{"floor":18,"key":"EntropicBrew"},{"floor":19,"key":"Explosive Potion"},{"floor":30,"key":"BloodPotion"},{"floor":31,"key":"Weak Potion"},{"floor":38,"key":"SkillPotion"},{"floor":40,"key":"FearPotion"},{"floor":44,"key":"GamblersBrew"},{"floor":47,"key":"Dexterity Potion"}],"is_trial":false,"path_per_floor":["M","M","?","M","M","R","E","R","T","?","?","?","E","$","R","B",null,"M","M","?","?","M","R","E","?","T","?","R","E","M","E","R","B",null,"M","?","M","M","?","E","R","E","T","M","E","?","M","M","R","B",null,"R","$","E","B",null],"character_chosen":"IRONCLAD","items_purchased":["Dead Branch","OrangePellets","Fiend Fire"],"campfire_rested":5,"item_purchase_floors":[14,53,53],"current_hp_per_floor":[72,68,68,68,72,72,55,55,55,37,55,55,41,41,63,69,73,74,79,79,79,79,79,23,23,23,23,46,37,43,50,73,79,79,79,79,83,85,79,58,84,87,87,87,95,95,102,102,102,41,87,102,102,102,102],"gold":43,"neow_bonus":"THREE_RARE_CARDS","is_prod":false,"is_daily":false,"chose_seed":false,"campfire_upgraded":3,"win_rate":0,"timestamp":1558753415,"path_taken":["M","M","?","M","M","R","E","R","T","?","?","?","E","$","R","BOSS","M","M","?","?","M","R","E","?","T","?","R","E","M","E","R","BOSS","M","?","M","M","?","E","R","E","T","M","E","?","M","M","R","BOSS","R","$","E","BOSS"],"build_version":"2019-01-23","purchased_purges":2,"victory":true,"max_hp_per_floor":[72,72,72,72,72,72,74,74,74,74,74,74,74,74,74,74,74,74,79,79,79,79,79,79,79,79,79,79,79,79,79,79,79,79,81,81,83,85,87,89,89,98,98,98,100,100,102,102,102,102,102,102,102,102,102],"card_choices":[{"not_picked":["Barricade","Brutality"],"picked":"Fiend Fire","floor":0.0},{"not_picked":["Blood for Blood","True Grit"],"picked":"Wild Strike","floor":1.0},{"not_picked":["Intimidate","Evolve"],"picked":"Iron Wave","floor":2.0},{"not_picked":["Hemokinesis","Flex"],"picked":"Headbutt","floor":4.0},{"not_picked":["Anger","Perfected Strike"],"picked":"Feel No Pain","floor":5.0},{"not_picked":["Fire Breathing","Twin Strike","Headbutt"],"picked":"Singing Bowl","floor":7.0},{"not_picked":["Wild Strike","Combust","True Grit"],"picked":"Shockwave","floor":13},{"not_picked":["Reaper","Demon Form","Brutality"],"picked":"Feed","floor":16},{"not_picked":["Iron Wave","Thunderclap+1","Power Through+1"],"picked":"Sever Soul","floor":18},{"not_picked":["Pommel Strike","Iron Wave+1","Thunderclap","Ghostly Armor"],"picked":"Singing Bowl","floor":19},{"not_picked":["Combust+1","Cleave","Perfected Strike+1"],"picked":"Warcry","floor":22},{"not_picked":["Burning Pact","Rage","Sever Soul"],"picked":"Warcry","floor":24},{"not_picked":["Feel No Pain+1","Clothesline+1","Fire Breathing"],"picked":"Spot Weakness","floor":29},{"not_picked":["True Grit+1","Shockwave","Flex"],"picked":"Seeing Red+1","floor":30},{"not_picked":["Havoc","Hemokinesis","Rage"],"picked":"Infernal Blade+1","floor":31},{"not_picked":["Barricade","Dark Embrace","Double Tap"],"picked":"Fiend Fire","floor":33},{"not_picked":["Thunderclap","Cleave+1","Heavy Blade","Havoc"],"picked":"Singing Bowl","floor":35},{"not_picked":["Iron Wave","Armaments+1","Shrug It Off+1","Rampage"],"picked":"Singing Bowl","floor":37},{"not_picked":["Rupture+1","Havoc","True Grit","Clothesline"],"picked":"Singing Bowl","floor":38},{"not_picked":["Shockwave","Pommel Strike","Thunderclap+1","Wild Strike+1"],"picked":"Singing Bowl","floor":39},{"not_picked":["Body Slam","Limit Break","Pommel Strike+1","Fire Breathing+1"],"picked":"Singing Bowl","floor":40},{"not_picked":["Rupture","Ghostly Armor+1","Inflame","Burning Pact+1"],"picked":"Singing Bowl","floor":42},{"not_picked":["Twin Strike","Thunderclap","Anger"],"picked":"Battle Trance+1","floor":44},{"not_picked":["Armaments+1","Clash+1","Pommel Strike+1","Carnage+1"],"picked":"Singing Bowl","floor":45},{"not_picked":["Cleave","Bloodletting+1","Body Slam+1","Rage"],"picked":"Singing Bowl","floor":47},{"not_picked":["Heavy Blade+1","Pummel+1","Warcry"],"picked":"Infernal Blade+1","floor":48},{"not_picked":["Flex+1","Heavy Blade+1","Bludgeon"],"picked":"Warcry+1","floor":54}],"player_experience":241931,"relics_obtained":[{"floor":7.0,"key":"Singing Bowl"},{"floor":9.0,"key":"Question Card"},{"floor":13,"key":"Art of War"},{"floor":24,"key":"Charon\u0027s Ashes"},{"floor":29,"key":"Juzu Bracelet"},{"floor":31,"key":"Red Skull"},{"floor":39,"key":"Calipers"},{"floor":40,"key":"Whetstone"},{"floor":42,"key":"Strawberry"},{"floor":43,"key":"Mercury Hourglass"},{"floor":45,"key":"Anchor"},{"floor":54,"key":"Vajra"}],"event_choices":[{"damage_healed":0.0,"max_hp_gain":0.0,"max_hp_loss":0.0,"gold_gain":175.0,"event_name":"Liars Game","player_choice":"AGREE","floor":3.0,"gold_loss":0.0,"damage_taken":0.0,"cards_obtained":["Doubt"]},{"damage_healed":0.0,"max_hp_gain":0.0,"max_hp_loss":0.0,"gold_gain":0.0,"event_name":"Scrap Ooze","player_choice":"Success","floor":10.0,"gold_loss":0.0,"damage_taken":18.0,"relics_obtained":["Shuriken"]},{"damage_healed":18.0,"max_hp_gain":0.0,"max_hp_loss":0.0,"gold_gain":0.0,"event_name":"The Cleric","player_choice":"Healed","floor":11.0,"gold_loss":35.0,"damage_taken":0.0},{"damage_healed":0.0,"max_hp_gain":0.0,"max_hp_loss":0.0,"gold_gain":0.0,"event_name":"Upgrade Shrine","player_choice":"Upgraded","floor":12.0,"gold_loss":0.0,"damage_taken":0.0,"cards_upgraded":["Wild Strike"]},{"cards_removed":["Strike_R"],"damage_healed":0,"gold_gain":0,"player_choice":"Elegance","damage_taken":0,"max_hp_gain":0,"max_hp_loss":0,"event_name":"Back to Basics","floor":20,"gold_loss":0},{"damage_healed":0,"gold_gain":0,"player_choice":"Opened","damage_taken":0,"relics_obtained":["Self Forming Clay"],"max_hp_gain":0,"max_hp_loss":0,"event_name":"The Mausoleum","floor":21,"gold_loss":0},{"cards_removed":["Strike_R"],"damage_healed":0,"gold_gain":0,"player_choice":"Gave Gold","damage_taken":0,"max_hp_gain":0,"max_hp_loss":0,"event_name":"Beggar","floor":25,"gold_loss":75},{"damage_healed":0,"gold_gain":0,"player_choice":"Ignored","damage_taken":0,"max_hp_gain":0,"max_hp_loss":0,"event_name":"Ghosts","floor":27,"gold_loss":0},{"cards_removed":["Defend_R"],"damage_healed":0,"gold_gain":0,"player_choice":"Purged","damage_taken":0,"max_hp_gain":0,"max_hp_loss":0,"event_name":"Purifier","floor":36,"gold_loss":0},{"damage_healed":0,"gold_gain":0,"player_choice":"Fight","damage_taken":0,"max_hp_gain":0,"max_hp_loss":0,"event_name":"MindBloom","floor":39,"gold_loss":0},{"cards_removed":["Doubt"],"damage_healed":0,"gold_gain":0,"player_choice":"Upgrade and Remove","damage_taken":0,"max_hp_gain":0,"max_hp_loss":0,"event_name":"Designer","floor":46,"gold_loss":90,"cards_upgraded":["Warcry"]}],"is_beta":false,"boss_relics":[{"not_picked":["Mark of Pain","Velvet Choker"],"picked":"Snecko Eye"},{"not_picked":["Philosopher\u0027s Stone","Pandora\u0027s Box"],"picked":"Astrolabe"}],"items_purged_floors":[14,53],"is_endless":false,"potions_floor_spawned":[2,7,13,16,18,19,30,31,38,40,44,47,48],"ascension_level":7}