{"gold_per_floor":[215,165,165,185,360,360,390,390,462,16,16,47,58,85,85,185,185,205,205,55,69,69,69,98,110,122,26,58,74,74,106,106,211,211,223,275,290,290],"floor_reached":38,"playtime":2368,"items_purged":["Strike_B","Doubt"],"score":495,"play_id":"9c61d4ac-1515-4e44-813f-74876bbb4aa6","local_time":"20190504202856","is_ascension_mode":true,"campfire_choices":[{"data":"Dualcast","floor":6,"key":"SMITH"},{"data":"Scrape","floor":8,"key":"SMITH"},{"floor":15,"key":"REST"},{"data":"RitualDagger","floor":23,"key":"SMITH"},{"floor":25,"key":"REST"},{"data":"Redo","floor":30,"key":"SMITH"},{"data":"Steam","floor":32,"key":"SMITH"}],"neow_cost":"NONE","seed_source_timestamp":1403975502473200,"circlet_count":0,"master_deck":["Strike_B","Defend_B+1","Defend_B","Defend_B","Zap+1","Dualcast+1","Scrape+1","Streamline","Chill","Go for the Eyes","Redo+1","Stack","Redo+1","Skim","Turbo","Core Surge","Redo+1","Go for the Eyes","All For One","Steam+1","RitualDagger+1","Sunder","Ball Lightning","Beam Cell","Biased Cognition","Go for the Eyes","Steam"],"relics":["Cracked Core","Vajra","Pear","Cables","The Courier","Kunai","Empty Cage","MutagenicStrength","MawBank","Calipers","Omamori","Art of War","Black Star","StoneCalendar"],"potions_floor_usage":[12,14,14,33,36,38,38,38,38],"damage_taken":[{"damage":7,"enemies":"Small Slimes","floor":1,"turns":4},{"damage":0,"enemies":"Jaw Worm","floor":4,"turns":3},{"damage":37,"enemies":"Gremlin Nob","floor":7,"turns":4},{"damage":10,"enemies":"3 Sentries","floor":12,"turns":7},{"damage":0,"enemies":"2 Louse","floor":13,"turns":2},{"damage":9,"enemies":"Lagavulin","floor":14,"turns":5},{"damage":32,"enemies":"Hexaghost","floor":16,"turns":11},{"damage":4,"enemies":"3 Byrds","floor":18,"turns":6},{"damage":1,"enemies":"Shell Parasite","floor":21,"turns":3},{"damage":47,"enemies":"Gremlin Leader","floor":24,"turns":10},{"damage":17,"enemies":"Slavers","floor":28,"turns":5},{"damage":4,"enemies":"3 Cultists","floor":29,"turns":6},{"damage":0,"enemies":"Gremlin Leader","floor":31,"turns":4},{"damage":25,"enemies":"Champ","floor":33,"turns":9},{"damage":8,"enemies":"Orb Walker","floor":35,"turns":2},{"damage":46,"enemies":"2 Orb Walkers","floor":36,"turns":4},{"damage":1,"enemies":"3 Darklings","floor":37,"turns":4},{"damage":34,"enemies":"Sphere and 2 Shapes","floor":38,"turns":5}],"seed_played":"3529936447801568687","potions_obtained":[{"floor":1,"key":"Fire Potion"},{"floor":12,"key":"Strength Potion"},{"floor":13,"key":"Regen Potion"},{"floor":14,"key":"Ancient Potion"},{"floor":31,"key":"AttackPotion"},{"floor":33,"key":"Block Potion"},{"floor":36,"key":"EntropicBrew"}],"is_trial":false,"path_per_floor":["M","?","?","M","?","R","E","R","T","$","?","E","M","E","R","B",null,"M","?","$","M","?","R","E","R","T","$","E","M","R","E","R","B",null,"M","?","M","M"],"character_chosen":"DEFECT","items_purchased":["Go for the Eyes","Redo","Stack","Cables","Go for the Eyes","All For One","Sunder"],"campfire_rested":2,"item_purchase_floors":[10,10,10,10,20,20,27],"current_hp_per_floor":[68,68,53,53,53,53,16,16,26,26,26,16,16,21,46,14,85,81,81,81,80,74,74,27,52,52,52,35,31,31,31,31,6,85,77,31,30,0],"gold":290,"neow_bonus":"HUNDRED_GOLD","is_prod":false,"is_daily":false,"chose_seed":false,"campfire_upgraded":5,"win_rate":0,"timestamp":1557019736,"path_taken":["M","?","?","M","?","R","E","R","T","$","?","E","M","E","R","BOSS","M","?","$","M","?","R","E","R","T","?","E","M","R","E","R","BOSS","M","?","M","M"],"build_version":"2019-01-23","purchased_purges":2,"victory":false,"max_hp_per_floor":[75,75,75,75,75,75,75,75,85,85,85,85,85,85,85,85,85,85,85,85,85,85,85,85,85,85,85,85,85,85,85,85,85,85,85,85,85,85],"card_choices":[{"not_picked":["Tempest","Steam"],"picked":"Scrape","floor":1},{"not_picked":["Doom and Gloom","Recycle"],"picked":"Streamline","floor":4},{"not_picked":["Glacier","Doom and Gloom"],"picked":"Chill","floor":7},{"not_picked":["Compile Driver","Streamline"],"picked":"Redo","floor":12},{"not_picked":["Coolheaded","Blizzard"],"picked":"Skim","floor":13},{"not_picked":["Sweeping Beam","Static Discharge"],"picked":"Turbo","floor":14},{"not_picked":["Fission","Meteor Strike"],"picked":"Core Surge","floor":16},{"not_picked":["Scrape+1","Skim"],"picked":"Redo+1","floor":18},{"not_picked":["Streamline","Double Energy+1"],"picked":"Steam","floor":21},{"not_picked":["Cold Snap","Stack","Redo"],"picked":"SKIP","floor":24},{"not_picked":["Stack+1","Melter+1"],"picked":"Ball Lightning","floor":28},{"not_picked":["Conserve Battery","Hologram"],"picked":"Beam Cell","floor":29},{"not_picked":["Conserve Battery","Storm+1","Undo"],"picked":"SKIP","floor":31},{"not_picked":["Hyperbeam","Multi-Cast"],"picked":"Biased Cognition","floor":33},{"not_picked":["Sweeping Beam","Coolheaded","Self Repair"],"picked":"SKIP","floor":35},{"not_picked":["Doom and Gloom+1","Ball Lightning"],"picked":"Go for the Eyes","floor":36},{"not_picked":["Stack+1","Echo Form"],"picked":"Steam","floor":37}],"player_experience":111314,"relics_obtained":[{"floor":7,"key":"Vajra"},{"floor":9,"key":"Pear"},{"floor":12,"key":"The Courier"},{"floor":14,"key":"Kunai"},{"floor":24,"key":"MawBank"},{"floor":26,"key":"Calipers"},{"floor":28,"key":"Omamori"},{"floor":31,"key":"Art of War"},{"floor":36,"key":"StoneCalendar"}],"event_choices":[{"cards_removed":["Strike_B"],"damage_healed":0,"gold_gain":0,"player_choice":"Card Removal","damage_taken":0,"max_hp_gain":0,"max_hp_loss":0,"event_name":"The Cleric","floor":2,"gold_loss":50},{"damage_healed":0,"gold_gain":0,"player_choice":"Entered Light","damage_taken":15,"max_hp_gain":0,"max_hp_loss":0,"event_name":"Shining Light","floor":3,"gold_loss":0,"cards_upgraded":["Zap","Defend_B"]},{"damage_healed":0,"gold_gain":175,"player_choice":"AGREE","damage_taken":0,"max_hp_gain":0,"max_hp_loss":0,"event_name":"Liars Game","floor":5,"gold_loss":0,"cards_obtained":["Doubt"]},{"damage_healed":0,"gold_gain":0,"player_choice":"Grow","damage_taken":0,"max_hp_gain":0,"max_hp_loss":0,"event_name":"Living Wall","floor":11,"gold_loss":0,"cards_upgraded":["Redo"]},{"damage_healed":0,"gold_gain":0,"player_choice":"Inject Mutagens","damage_taken":0,"relics_obtained":["MutagenicStrength"],"max_hp_gain":0,"max_hp_loss":0,"event_name":"Drug Dealer","floor":19,"gold_loss":0},{"damage_healed":0,"gold_gain":0,"player_choice":"Joined the Cult","damage_taken":6,"max_hp_gain":0,"max_hp_loss":0,"event_name":"Nest","floor":22,"gold_loss":0,"cards_obtained":["RitualDagger"]},{"damage_healed":0,"gold_gain":0,"player_choice":"Fight","damage_taken":0,"max_hp_gain":0,"max_hp_loss":0,"event_name":"Mysterious Sphere","floor":36,"gold_loss":0}],"is_beta":false,"boss_relics":[{"not_picked":["Velvet Choker","Lizard Tail"],"picked":"Empty Cage"},{"not_picked":["White Beast Statue","Inserter"],"picked":"Black Star"}],"items_purged_floors":[10,27],"is_endless":false,"potions_floor_spawned":[1,12,13,14,31,33,36],"killed_by":"Sphere and 2 Shapes","ascension_level":1}