{"gold_per_floor":[115,129,144,160,123,152,152,152,175,216,228,390,402,427,439,525,537,568,598,535,546,221,247,267,267,267,294,311,322,338,350,350,350],"floor_reached":33,"playtime":2431,"items_purged":["Doubt"],"score":542,"play_id":"6307dddd-2dda-4186-8112-fd29a0ac7aec","local_time":"20181129073931","is_ascension_mode":true,"campfire_choices":[{"floor":7,"key":"REST"},{"floor":11,"key":"REST"},{"data":"Inflame","floor":15,"key":"SMITH"},{"floor":25,"key":"REST"},{"floor":32,"key":"REST"}],"neow_cost":"NONE","seed_source_timestamp":749420139478,"circlet_count":0,"master_deck":["AscendersBane","Strike_R","Strike_R","Strike_R","Strike_R","Defend_R","Defend_R+1","Defend_R","Defend_R+1","Bash","Inflame+1","Anger","Dropkick","Uppercut","Metallicize","Flame Barrier","Dual Wield","Immolate","Rage","Shrug It Off","Spot Weakness","Armaments+1","Headbutt","Heavy Blade+1"],"relics":["Burning Blood","Vajra","MawBank","War Paint","Sozu","Omamori","Bag of Preparation","Shuriken","Question Card","Torii"],"potions_floor_usage":[13,16,16,16,24],"damage_taken":[{"damage":6,"enemies":"Cultist","floor":1,"turns":3},{"damage":4,"enemies":"Jaw Worm","floor":2,"turns":4},{"damage":12,"enemies":"Small Slimes","floor":3,"turns":3},{"damage":20,"enemies":"Gremlin Gang","floor":4,"turns":5},{"damage":45,"enemies":"3 Sentries","floor":6,"turns":9},{"damage":30,"enemies":"Lagavulin","floor":10,"turns":5},{"damage":6,"enemies":"Large Slime","floor":14,"turns":6},{"damage":30,"enemies":"The Guardian","floor":16,"turns":10},{"damage":0,"enemies":"Chosen","floor":18,"turns":4},{"damage":22,"enemies":"3 Byrds","floor":19,"turns":6},{"damage":13,"enemies":"3 Cultists","floor":21,"turns":5},{"damage":24,"enemies":"Book of Stabbing","floor":23,"turns":5},{"damage":15,"enemies":"Centurion and Healer","floor":24,"turns":6},{"damage":14,"enemies":"Gremlin Leader","floor":27,"turns":5},{"damage":24,"enemies":"Chosen and Byrds","floor":28,"turns":5},{"damage":8,"enemies":"Snake Plant","floor":29,"turns":4},{"damage":9,"enemies":"Snecko","floor":30,"turns":5},{"damage":0,"enemies":"Cultist and Chosen","floor":31,"turns":4},{"damage":72,"enemies":"Automaton","floor":33,"turns":6}],"seed_played":"-1968351458704419956","potions_obtained":[{"floor":1,"key":"SpeedPotion"},{"floor":6,"key":"Ancient Potion"},{"floor":13,"key":"Fruit Juice"},{"floor":13,"key":"EntropicBrew"},{"floor":14,"key":"Dexterity Potion"}],"is_trial":false,"path_per_floor":["M","M","M","M","$","E","R","?","T","E","R","?","?","M","R","B",null,"M","M","$","M","$","E","M","R","T","E","M","M","M","M","R","B"],"character_chosen":"IRONCLAD","items_purchased":["Uppercut","Omamori","Bag of Preparation"],"campfire_rested":4,"item_purchase_floors":[5,22,22],"current_hp_per_floor":[75,77,71,57,57,18,42,35,35,11,35,35,40,40,40,16,69,75,59,59,52,52,34,25,51,51,43,25,23,20,26,52,0],"gold":350,"neow_bonus":"TEN_PERCENT_HP_BONUS","is_prod":false,"is_daily":false,"chose_seed":false,"campfire_upgraded":1,"win_rate":0,"timestamp":1543466371,"path_taken":["M","M","M","?","?","E","R","?","T","E","R","?","?","M","R","BOSS","M","M","$","?","$","E","M","R","T","E","?","M","M","M","R","BOSS"],"build_version":"2018-11-15","purchased_purges":1,"victory":false,"max_hp_per_floor":[82,82,82,82,82,82,82,82,82,82,82,82,87,87,87,87,87,87,87,87,87,87,87,87,87,87,87,87,87,87,87,87,87],"card_choices":[{"not_picked":["Pommel Strike","Body Slam"],"picked":"Inflame","floor":1},{"not_picked":["Entrench","Wild Strike"],"picked":"Anger","floor":2},{"not_picked":["Anger","Intimidate","Sentinel"],"picked":"SKIP","floor":3},{"not_picked":["Clash","Flex"],"picked":"Dropkick","floor":4},{"not_picked":["Shockwave","Entrench"],"picked":"Metallicize","floor":6},{"not_picked":["Thunderclap","Anger"],"picked":"Flame Barrier","floor":10},{"not_picked":["Anger","Iron Wave"],"picked":"Dual Wield","floor":14},{"not_picked":["Double Tap","Dark Embrace"],"picked":"Immolate","floor":16},{"not_picked":["Dual Wield+1","Combust"],"picked":"Rage","floor":18},{"not_picked":["Iron Wave","Bloodletting"],"picked":"Shrug It Off","floor":19},{"not_picked":["Searing Blow","Wild Strike","Exhume"],"picked":"SKIP","floor":21},{"not_picked":["Flex+1","Rage"],"picked":"Spot Weakness","floor":23},{"not_picked":["Corruption","Body Slam","Perfected Strike"],"picked":"SKIP","floor":24},{"not_picked":["Flex","Feel No Pain","Uppercut","Warcry"],"picked":"SKIP","floor":27},{"not_picked":["Spot Weakness","Clash","Ghostly Armor"],"picked":"Armaments+1","floor":28},{"not_picked":["Cleave+1","Perfected Strike","Disarm"],"picked":"Headbutt","floor":29},{"not_picked":["Carnage","Infernal Blade","Wild Strike","Feed"],"picked":"SKIP","floor":30},{"not_picked":["Cleave","Havoc","Armaments+1"],"picked":"Heavy Blade+1","floor":31}],"player_experience":783296,"relics_obtained":[{"floor":6,"key":"Vajra"},{"floor":9,"key":"MawBank"},{"floor":10,"key":"War Paint"},{"floor":23,"key":"Shuriken"},{"floor":26,"key":"Question Card"},{"floor":27,"key":"Torii"}],"event_choices":[{"cards_removed":["Strike_R"],"damage_healed":0,"gold_gain":0,"player_choice":"Card Removal","damage_taken":7,"max_hp_gain":0,"max_hp_loss":0,"event_name":"Golden Wing","floor":8,"gold_loss":0},{"damage_healed":0,"gold_gain":150,"player_choice":"AGREE","damage_taken":0,"max_hp_gain":0,"max_hp_loss":0,"event_name":"Liars Game","floor":12,"gold_loss":0,"cards_obtained":["Doubt"]},{"damage_healed":0,"gold_gain":0,"player_choice":"Got Potions","damage_taken":0,"max_hp_gain":0,"max_hp_loss":0,"event_name":"Lab","floor":13,"gold_loss":0}],"is_beta":false,"boss_relics":[{"not_picked":["Black Star","Philosopher\u0027s Stone"],"picked":"Sozu"}],"items_purged_floors":[20],"is_endless":false,"potions_floor_spawned":[1,6,14,18,27,28,30],"killed_by":"Automaton","ascension_level":16}