{"gold_per_floor":[113,132,147,147,147,178,178,192,192,219,234,35,35,69,69,145,145,156,139,61,61,74,74],"floor_reached":23,"playtime":1999,"items_purged":[],"score":369,"play_id":"66217e71-0b5d-4eea-bb1d-98921521f323","local_time":"20181126010653","is_ascension_mode":true,"campfire_choices":[{"data":"Zap","floor":7,"key":"SMITH"},{"floor":13,"key":"REST"},{"floor":15,"key":"REST"}],"neow_cost":"NONE","seed_source_timestamp":31693369013541,"circlet_count":0,"master_deck":["AscendersBane","Strike_B+1","Strike_B+1","Strike_B+1","Strike_B+1","Defend_B+1","Defend_B+1","Defend_B+1","Defend_B+1","Zap+1","Dualcast","Auto Shields","Cold Snap","Ball Lightning","Defragment","Creative AI","Conserve Battery","Defragment","Turbo"],"relics":["Cracked Core","Lantern","Pear","Anchor","Mercury Hourglass","Tiny Chest","Happy Flower","Cursed Key"],"potions_floor_usage":[16],"damage_taken":[{"damage":4,"enemies":"Small Slimes","floor":1,"turns":3},{"damage":2,"enemies":"2 Louse","floor":2,"turns":2},{"damage":8,"enemies":"Jaw Worm","floor":3,"turns":5},{"damage":26,"enemies":"Gremlin Nob","floor":6,"turns":4},{"damage":0,"enemies":"Exordium Wildlife","floor":8,"turns":4},{"damage":26,"enemies":"3 Sentries","floor":10,"turns":10},{"damage":3,"enemies":"Blue Slaver","floor":11,"turns":3},{"damage":24,"enemies":"Lagavulin","floor":14,"turns":4},{"damage":23,"enemies":"The Guardian","floor":16,"turns":10},{"damage":13,"enemies":"Shell Parasite","floor":18,"turns":7},{"damage":10,"enemies":"2 Thieves","floor":19,"turns":4},{"damage":29,"enemies":"Snake Plant","floor":22,"turns":5},{"damage":23,"enemies":"Book of Stabbing","floor":23,"turns":4}],"seed_played":"7729490173049485519","potions_obtained":[{"floor":1,"key":"SkillPotion"},{"floor":10,"key":"SpeedPotion"},{"floor":16,"key":"Energy Potion"}],"is_trial":false,"path_per_floor":["M","M","M","?","?","E","R","M","T","E","M","$","R","E","R","B",null,"M","M","$","?","M","E"],"character_chosen":"DEFECT","items_purchased":["Tiny Chest","Defragment","Defragment"],"campfire_rested":2,"item_purchase_floors":[12,12,20],"current_hp_per_floor":[67,65,57,57,57,41,41,41,41,15,12,12,38,14,40,17,70,57,47,47,47,18,0],"gold":74,"neow_bonus":"TEN_PERCENT_HP_BONUS","is_prod":false,"is_daily":false,"chose_seed":false,"campfire_upgraded":1,"win_rate":0,"timestamp":1543183613,"path_taken":["M","M","M","?","?","E","R","M","T","E","M","?","R","E","R","BOSS","M","M","$","?","M","E"],"build_version":"2018-11-15","purchased_purges":0,"victory":false,"max_hp_per_floor":[78,78,78,78,78,88,88,88,88,88,88,88,88,88,88,88,88,88,88,88,88,88,88],"card_choices":[{"not_picked":["Darkness","Leap","Cold Snap"],"picked":"SKIP","floor":1},{"not_picked":["Force Field","Chaos"],"picked":"Auto Shields","floor":2},{"not_picked":["Gash","Beam Cell"],"picked":"Cold Snap","floor":3},{"not_picked":["Lockon","Multi-Cast","Gash"],"picked":"SKIP","floor":6},{"not_picked":["Lockon","Multi-Cast","Gash"],"picked":"SKIP","floor":6},{"not_picked":["Go for the Eyes","Steam"],"picked":"Ball Lightning","floor":8},{"not_picked":["Beam Cell","Fission","Ball Lightning"],"picked":"SKIP","floor":10},{"not_picked":["Steam Power","Heatsinks","Leap"],"picked":"SKIP","floor":11},{"not_picked":["Hologram","Undo","Go for the Eyes"],"picked":"SKIP","floor":14},{"not_picked":["Multi-Cast","Hyperbeam"],"picked":"Creative AI","floor":16},{"not_picked":["Auto Shields","Leap+1","Coolheaded"],"picked":"SKIP","floor":18},{"not_picked":["Sweeping Beam","Go for the Eyes"],"picked":"Conserve Battery","floor":19},{"not_picked":["Gash","Conserve Battery"],"picked":"Turbo","floor":22}],"player_experience":741986,"relics_obtained":[{"floor":6,"key":"Pear"},{"floor":9,"key":"Anchor"},{"floor":10,"key":"Mercury Hourglass"},{"floor":14,"key":"Happy Flower"}],"event_choices":[{"damage_healed":0,"gold_gain":0,"player_choice":"Box","damage_taken":0,"relics_obtained":["Lantern"],"max_hp_gain":0,"max_hp_loss":0,"event_name":"Big Fish","floor":4,"gold_loss":0,"cards_obtained":["Regret"]},{"cards_removed":["Regret"],"damage_healed":0,"gold_gain":0,"player_choice":"Forget","damage_taken":0,"max_hp_gain":0,"max_hp_loss":0,"event_name":"Living Wall","floor":5,"gold_loss":0},{"damage_healed":0,"gold_gain":0,"player_choice":"Simplicity","damage_taken":0,"max_hp_gain":0,"max_hp_loss":0,"event_name":"Back to Basics","floor":21,"gold_loss":0,"cards_upgraded":["Strike_B","Strike_B","Strike_B","Strike_B","Defend_B","Defend_B","Defend_B","Defend_B"]}],"is_beta":false,"boss_relics":[{"not_picked":["Fusion Hammer","Orrery"],"picked":"Cursed Key"}],"items_purged_floors":[],"is_endless":false,"potions_floor_spawned":[1,10,11,16,18,22],"killed_by":"Book of Stabbing","ascension_level":15}