{"gold_per_floor":[109,127,127,127,142,177,177,192,217,217,50,76,86,261,261,359,359,378,392,406,416,331,331,331,666,692,707,416,246,264,283,283,382,382,397,244,262,275,288,288],"floor_reached":40,"playtime":2025,"items_purged":[],"score":472,"play_id":"2777c01c-6eb1-4a9a-9b00-66e8c2038006","local_time":"20190403211707","is_ascension_mode":false,"campfire_choices":[{"data":"Neutralize","floor":7,"key":"SMITH"},{"floor":10,"key":"REST"},{"data":"Footwork","floor":15,"key":"SMITH"},{"data":"Doubt","floor":23,"key":"PURGE"},{"data":"Strike_G","floor":32,"key":"PURGE"}],"neow_cost":"NONE","seed_source_timestamp":8420731316775,"circlet_count":0,"master_deck":["Defend_G+1","Defend_G","Defend_G","Defend_G","Defend_G","Strike_G","Strike_G","Survivor","Neutralize+1","Distraction+1","Well Laid Plans","Footwork+1","Quick Slash","Dagger Spray","Noxious Fumes","Swift Strike","Acrobatics","Sucker Punch","Corpse Explosion","PiercingWail","Bouncing Flask","Acrobatics","PiercingWail","Dagger Spray","Leg Sweep+1","Crippling Poison+1","Bane","Footwork","Heel Hook","Dark Shackles","Sadistic Nature","Acrobatics","Bane","Tools of the Trade","Backstab","Escape Plan","Calculated Gamble+1","Well Laid Plans"],"relics":["Ring of the Snake","NeowsBlessing","War Paint","Orichalcum","Regal Pillow","Orrery","Peace Pipe","Old Coin","Anchor","Lee\u0027s Waffle","Empty Cage","PreservedInsect"],"potions_floor_usage":[6,6,16,35,37,40],"damage_taken":[{"damage":0,"enemies":"Small Slimes","floor":1,"turns":1},{"damage":0,"enemies":"Jaw Worm","floor":2,"turns":1},{"damage":0,"enemies":"Cultist","floor":5,"turns":1},{"damage":48,"enemies":"Gremlin Nob","floor":6,"turns":8},{"damage":0,"enemies":"Exordium Wildlife","floor":8,"turns":3},{"damage":5,"enemies":"3 Sentries","floor":12,"turns":7},{"damage":3,"enemies":"2 Fungi Beasts","floor":13,"turns":3},{"damage":40,"enemies":"Slime Boss","floor":16,"turns":13},{"damage":19,"enemies":"Spheric Guardian","floor":18,"turns":5},{"damage":8,"enemies":"Shell Parasite","floor":19,"turns":7},{"damage":2,"enemies":"Snecko","floor":20,"turns":7},{"damage":14,"enemies":"Centurion and Healer","floor":21,"turns":6},{"damage":17,"enemies":"Gremlin Leader","floor":25,"turns":6},{"damage":9,"enemies":"Snake Plant","floor":27,"turns":6},{"damage":11,"enemies":"Shelled Parasite and Fungi","floor":30,"turns":6},{"damage":3,"enemies":"3 Cultists","floor":31,"turns":5},{"damage":44,"enemies":"Champ","floor":33,"turns":17},{"damage":2,"enemies":"3 Darklings","floor":35,"turns":9},{"damage":0,"enemies":"3 Shapes","floor":37,"turns":1},{"damage":22,"enemies":"Sphere and 2 Shapes","floor":38,"turns":7},{"damage":2,"enemies":"3 Darklings","floor":39,"turns":3},{"damage":59,"enemies":"Reptomancer","floor":40,"turns":8}],"seed_played":"-7725404555468568478","potions_obtained":[{"floor":1,"key":"Weak Potion"},{"floor":5,"key":"Weak Potion"},{"floor":8,"key":"Weak Potion"},{"floor":13,"key":"FearPotion"},{"floor":20,"key":"Poison Potion"},{"floor":27,"key":"Fire Potion"},{"floor":38,"key":"Explosive Potion"}],"is_trial":false,"path_per_floor":["M","M","?","$","M","E","R","M","T","R","$","E","M","?","R","B",null,"M","M","M","M","?","R","?","E","T","M","$","$","M","M","R","B",null,"M","$","M","M","M","E"],"character_chosen":"THE_SILENT","items_purchased":["Noxious Fumes","Swift Strike","Lee\u0027s Waffle","Dark Shackles","Sadistic Nature","PreservedInsect"],"campfire_rested":1,"item_purchase_floors":[11,11,28,28,29,36],"current_hp_per_floor":[70,70,75,75,75,27,27,27,27,49,49,44,41,41,41,1,75,56,48,46,32,32,32,32,15,15,6,82,82,71,68,68,24,82,80,80,80,58,56,0],"gold":288,"neow_bonus":"THREE_ENEMY_KILL","is_prod":false,"is_daily":false,"chose_seed":false,"campfire_upgraded":2,"win_rate":0,"timestamp":1554344227,"path_taken":["M","M","?","?","M","E","R","?","T","R","$","E","M","?","R","BOSS","M","M","M","M","?","R","?","E","T","M","?","$","M","M","R","BOSS","M","$","M","M","M","E"],"build_version":"2019-01-23","purchased_purges":0,"victory":false,"max_hp_per_floor":[70,70,75,75,75,75,75,75,75,75,75,75,75,75,75,75,75,75,75,75,75,75,75,75,75,75,75,82,82,82,82,82,82,82,82,82,82,82,82,82],"card_choices":[{"not_picked":["Dodge and Roll","Dagger Throw"],"picked":"Distraction","floor":1},{"not_picked":["Acrobatics","Backflip"],"picked":"Well Laid Plans","floor":2},{"not_picked":["Terror","Skewer"],"picked":"Footwork","floor":5},{"not_picked":["Outmaneuver","Expertise"],"picked":"Quick Slash","floor":6},{"not_picked":["Cloak And Dagger","Dodge and Roll"],"picked":"Dagger Spray","floor":8},{"not_picked":["Cloak And Dagger","Endless Agony"],"picked":"Acrobatics","floor":12},{"not_picked":["Bullet Time","Cloak And Dagger"],"picked":"Sucker Punch","floor":13},{"not_picked":["Phantasmal Killer","Burst"],"picked":"Corpse Explosion","floor":16},{"not_picked":["Dodge and Roll","Quick Slash"],"picked":"PiercingWail","floor":17},{"not_picked":["Outmaneuver","Underhanded Strike"],"picked":"Bouncing Flask","floor":17},{"not_picked":["Slice","Masterful Stab"],"picked":"Acrobatics","floor":17},{"not_picked":["Deflect","Poisoned Stab"],"picked":"PiercingWail","floor":17},{"not_picked":["Quick Slash","Flechettes"],"picked":"Dagger Spray","floor":17},{"not_picked":["Eviscerate","Dagger Spray","Accuracy"],"picked":"SKIP","floor":18},{"not_picked":["Blade Dance+1","Predator+1"],"picked":"Leg Sweep+1","floor":19},{"not_picked":["Outmaneuver+1","Finisher+1"],"picked":"Crippling Poison+1","floor":20},{"not_picked":["Concentrate","Dagger Spray+1"],"picked":"Bane","floor":21},{"not_picked":["Backflip","All Out Attack+1"],"picked":"Footwork","floor":25},{"not_picked":["Prepared","Noxious Fumes"],"picked":"Heel Hook","floor":27},{"not_picked":["Storm of Steel","Slice+1"],"picked":"Acrobatics","floor":30},{"not_picked":["Underhanded Strike","Heel Hook+1"],"picked":"Bane","floor":31},{"not_picked":["Grand Finale","Venomology"],"picked":"Tools of the Trade","floor":33},{"not_picked":["Endless Agony","Dagger Throw+1"],"picked":"Backstab","floor":35},{"not_picked":["Cloak And Dagger","Underhanded Strike+1"],"picked":"Escape Plan","floor":37},{"not_picked":["Acrobatics","Cloak And Dagger"],"picked":"Calculated Gamble+1","floor":38},{"not_picked":["Acrobatics+1","Dagger Throw"],"picked":"Well Laid Plans","floor":39}],"player_experience":377347,"relics_obtained":[{"floor":6,"key":"War Paint"},{"floor":9,"key":"Orichalcum"},{"floor":12,"key":"Regal Pillow"},{"floor":25,"key":"Old Coin"},{"floor":26,"key":"Anchor"}],"event_choices":[{"damage_healed":0,"gold_gain":0,"player_choice":"Donut","damage_taken":0,"max_hp_gain":5,"max_hp_loss":0,"event_name":"Big Fish","floor":3,"gold_loss":0},{"damage_healed":0,"gold_gain":175,"player_choice":"AGREE","damage_taken":0,"max_hp_gain":0,"max_hp_loss":0,"event_name":"Liars Game","floor":14,"gold_loss":0,"cards_obtained":["Doubt"]},{"damage_healed":0,"gold_gain":0,"player_choice":"Obtained Relic","damage_taken":0,"relics_obtained":["Peace Pipe"],"max_hp_gain":0,"max_hp_loss":0,"event_name":"Addict","floor":22,"gold_loss":85},{"damage_healed":0,"gold_gain":0,"player_choice":"Ignored","damage_taken":0,"max_hp_gain":0,"max_hp_loss":0,"event_name":"Ghosts","floor":24,"gold_loss":0}],"is_beta":false,"boss_relics":[{"not_picked":["Snecko Eye","Runic Dome"],"picked":"Orrery"},{"not_picked":["Sozu","Cursed Key"],"picked":"Empty Cage"}],"items_purged_floors":[],"is_endless":false,"potions_floor_spawned":[1,5,8,13,20,27,30,31,38],"killed_by":"Reptomancer","ascension_level":0}