{"gold_per_floor":[112,112,131,142,160,189,189,224,224,187,187,218,281,281,281,377,377,393,393,412,426,426],"floor_reached":22,"playtime":875,"items_purged":[],"score":296,"play_id":"40ddb2f5-4b60-41b2-a23b-d94c05a6a2ac","local_time":"20190412172630","is_ascension_mode":true,"campfire_choices":[{"floor":7,"key":"REST"},{"floor":11,"key":"REST"},{"floor":15,"key":"REST"}],"neow_cost":"NONE","seed_source_timestamp":83087517759596,"circlet_count":0,"master_deck":["Defend_G","Defend_G","Defend_G","Defend_G","Defend_G","Strike_G","Strike_G+1","Strike_G","Strike_G","Strike_G+1","Survivor","Neutralize","Sucker Punch","Grand Finale","Cloak And Dagger","Backflip","Footwork","Dash","Infinite Blades","Accuracy","Sucker Punch","After Image","Normality","Shame","Writhe","Acrobatics+1","Backstab+1","Leg Sweep+1"],"relics":["Ring of the Snake","Vajra","Blood Vial","Bag of Preparation","Ninja Scroll","Calling Bell","Bag of Marbles","Shuriken","Tough Bandages"],"potions_floor_usage":[6,16,20,22],"damage_taken":[{"damage":13,"enemies":"Jaw Worm","floor":1,"turns":7},{"damage":1,"enemies":"Cultist","floor":3,"turns":5},{"damage":7,"enemies":"Small Slimes","floor":4,"turns":4},{"damage":4,"enemies":"Blue Slaver","floor":5,"turns":7},{"damage":39,"enemies":"Lagavulin","floor":6,"turns":13},{"damage":20,"enemies":"3 Sentries","floor":8,"turns":15},{"damage":18,"enemies":"Gremlin Nob","floor":12,"turns":5},{"damage":24,"enemies":"Slime Boss","floor":16,"turns":14},{"damage":16,"enemies":"Spheric Guardian","floor":18,"turns":5},{"damage":12,"enemies":"Chosen","floor":20,"turns":6},{"damage":32,"enemies":"Snake Plant","floor":21,"turns":4},{"damage":7,"enemies":"Snecko","floor":22,"turns":3}],"seed_played":"-2625225647148837026","potions_obtained":[{"floor":1,"key":"Energy Potion"},{"floor":4,"key":"AttackPotion"},{"floor":6,"key":"Energy Potion"},{"floor":8,"key":"LiquidBronze"},{"floor":12,"key":"Poison Potion"},{"floor":18,"key":"EssenceOfSteel"},{"floor":21,"key":"SteroidPotion"}],"is_trial":false,"path_per_floor":["M","?","M","M","M","E","R","E","T","$","R","E","?","?","R","B",null,"M","?","M","M","M"],"character_chosen":"THE_SILENT","items_purchased":["Accuracy"],"campfire_rested":3,"item_purchase_floors":[10],"current_hp_per_floor":[57,57,56,49,45,6,29,9,9,9,32,16,16,1,24,2,58,44,44,34,4,0],"gold":426,"neow_bonus":"TEN_PERCENT_HP_BONUS","is_prod":false,"is_daily":false,"chose_seed":false,"campfire_upgraded":0,"win_rate":0,"timestamp":1555107990,"path_taken":["M","?","M","M","?","E","R","E","T","$","R","E","?","?","R","BOSS","M","?","?","M","M"],"build_version":"2019-01-23","purchased_purges":0,"victory":false,"max_hp_per_floor":[77,77,77,77,77,77,77,77,77,77,77,77,77,77,77,77,77,77,77,77,77,77],"card_choices":[{"not_picked":["Reflex","Flying Knee"],"picked":"Sucker Punch","floor":1},{"not_picked":["Bane","Slice"],"picked":"Cloak And Dagger","floor":3},{"not_picked":["Dagger Spray","Bane"],"picked":"Backflip","floor":4},{"not_picked":["Backstab","Finisher"],"picked":"Footwork","floor":5},{"not_picked":["Dagger Throw","Distraction"],"picked":"Dash","floor":6},{"not_picked":["Acrobatics","A Thousand Cuts"],"picked":"Infinite Blades","floor":8},{"not_picked":["Bane","Outmaneuver"],"picked":"Sucker Punch","floor":12},{"not_picked":["Die Die Die","Phantasmal Killer"],"picked":"After Image","floor":16},{"not_picked":["Concentrate","Flying Knee"],"picked":"Acrobatics+1","floor":18},{"not_picked":["Cloak And Dagger","Prepared+1"],"picked":"Backstab+1","floor":20},{"not_picked":["Sucker Punch","Finisher"],"picked":"Leg Sweep+1","floor":21}],"player_experience":424586,"relics_obtained":[{"floor":6,"key":"Vajra"},{"floor":8,"key":"Blood Vial"},{"floor":9,"key":"Bag of Preparation"},{"floor":12,"key":"Ninja Scroll"},{"floor":17,"key":"Bag of Marbles"},{"floor":17,"key":"Shuriken"},{"floor":17,"key":"Tough Bandages"}],"event_choices":[{"damage_healed":0,"gold_gain":0,"player_choice":"1 cards matched","damage_taken":0,"max_hp_gain":0,"max_hp_loss":0,"event_name":"Match and Keep!","floor":2,"gold_loss":0,"cards_obtained":["Grand Finale"]},{"damage_healed":0,"gold_gain":63,"player_choice":"Gained Gold","damage_taken":0,"max_hp_gain":0,"max_hp_loss":0,"event_name":"Golden Wing","floor":13,"gold_loss":0},{"damage_healed":0,"gold_gain":0,"player_choice":"Entered Light","damage_taken":15,"max_hp_gain":0,"max_hp_loss":0,"event_name":"Shining Light","floor":14,"gold_loss":0,"cards_upgraded":["Strike_G","Strike_G"]},{"damage_healed":0,"gold_gain":0,"player_choice":"Got Potions","damage_taken":0,"max_hp_gain":0,"max_hp_loss":0,"event_name":"Lab","floor":19,"gold_loss":0}],"is_beta":false,"boss_relics":[{"not_picked":["Velvet Choker","Coffee Dripper"],"picked":"Calling Bell"}],"items_purged_floors":[],"is_endless":false,"potions_floor_spawned":[1,4,6,8,12,18,21],"killed_by":"Snecko","ascension_level":9}