{"gold_per_floor":[111,122,72,147,163,163,34,63,63,98,98,108,108,34,34,134,134,153,153,153,167,178,178,204,224,249,249,267,292,166,177,177,280,330,350,350,55,74,94,129,129,129],"floor_reached":42,"playtime":2665,"items_purged":["Strike_B","Defend_B","Defend_B"],"score":500,"play_id":"29e24c6f-7031-483c-a02d-c174b8e61176","local_time":"20190506140650","is_ascension_mode":true,"campfire_choices":[{"data":"Consume","floor":6,"key":"SMITH"},{"data":"Self Repair","floor":11,"key":"SMITH"},{"data":"Loop","floor":13,"key":"SMITH"},{"data":"Zap","floor":15,"key":"SMITH"},{"data":"Storm","floor":23,"key":"SMITH"},{"data":"Seek","floor":32,"key":"SMITH"},{"data":"Creative AI","floor":41,"key":"SMITH"}],"neow_cost":"NONE","seed_source_timestamp":1553571780907700,"circlet_count":0,"master_deck":["Defend_B+1","Zap+1","Dualcast","Cold Snap","Consume+1","Ball Lightning+1","Loop+1","Self Repair+1","Go for the Eyes","Coolheaded","Storm+1","Sunder","Beam Cell+1","Amplify+1","Rebound","Cold Snap+1","Seek+1","Compile Driver+1","Go for the Eyes+1","Leap","Glacier","Blizzard","Creative AI+1","BootSequence","Loop+1","Turbo","Steam","Zap+1","Darkness+1","Capacitor+1"],"relics":["Cracked Core","Matryoshka","Pen Nib","Smiling Mask","PreservedInsect","Empty Cage","Whetstone","Centennial Puzzle","Anchor","Tiny House","DollysMirror","Strawberry"],"potions_floor_usage":[8,8,24,24,25,29,33,33],"damage_taken":[{"damage":0,"enemies":"Small Slimes","floor":1,"turns":3},{"damage":0,"enemies":"Cultist","floor":2,"turns":3},{"damage":2,"enemies":"2 Louse","floor":5,"turns":3},{"damage":12,"enemies":"3 Sentries","floor":8,"turns":8},{"damage":3,"enemies":"Lagavulin","floor":10,"turns":6},{"damage":0,"enemies":"Large Slime","floor":12,"turns":4},{"damage":19,"enemies":"The Guardian","floor":16,"turns":8},{"damage":28,"enemies":"Chosen","floor":18,"turns":5},{"damage":22,"enemies":"Shell Parasite","floor":21,"turns":6},{"damage":6,"enemies":"Snecko","floor":22,"turns":6},{"damage":18,"enemies":"Gremlin Leader","floor":24,"turns":5},{"damage":14,"enemies":"Centurion and Healer","floor":25,"turns":5},{"damage":15,"enemies":"Chosen and Byrds","floor":28,"turns":4},{"damage":39,"enemies":"Slavers","floor":29,"turns":5},{"damage":11,"enemies":"Snecko","floor":31,"turns":4},{"damage":21,"enemies":"Collector","floor":33,"turns":10},{"damage":0,"enemies":"Orb Walker","floor":35,"turns":3},{"damage":7,"enemies":"3 Shapes","floor":38,"turns":3},{"damage":39,"enemies":"3 Darklings","floor":39,"turns":6},{"damage":36,"enemies":"Giant Head","floor":40,"turns":8},{"damage":32,"enemies":"Spire Growth","floor":42,"turns":3}],"seed_played":"-1641015429335685258","potions_obtained":[{"floor":1,"key":"Energy Potion"},{"floor":5,"key":"Fire Potion"},{"floor":20,"key":"Explosive Potion"},{"floor":20,"key":"Weak Potion"},{"floor":20,"key":"FearPotion"},{"floor":21,"key":"PowerPotion"},{"floor":24,"key":"PowerPotion"},{"floor":29,"key":"Poison Potion"},{"floor":31,"key":"Swift Potion"},{"floor":33,"key":"Poison Potion"},{"floor":34,"key":"FearPotion"}],"is_trial":false,"path_per_floor":["M","M","?","?","M","R","$","E","T","E","R","M","R","$","R","B",null,"M","?","?","M","M","R","E","M","T","?","M","E","$","M","R","B",null,"M","?","$","M","M","E","R","M"],"character_chosen":"DEFECT","items_purchased":["Self Repair","Go for the Eyes","Beam Cell","Blizzard","Steam","DollysMirror"],"campfire_rested":0,"item_purchase_floors":[7,7,14,30,37,37],"current_hp_per_floor":[75,75,75,68,66,66,66,61,61,65,65,75,75,75,75,66,75,67,67,67,55,69,69,71,75,75,75,75,46,46,55,55,44,80,80,80,80,80,61,32,32,0],"gold":129,"neow_bonus":"THREE_CARDS","is_prod":false,"is_daily":false,"chose_seed":false,"campfire_upgraded":7,"win_rate":0,"timestamp":1557169610,"path_taken":["M","M","?","?","?","R","$","E","T","E","R","M","R","?","R","BOSS","M","?","?","?","M","R","E","M","T","?","?","E","$","M","R","BOSS","M","?","$","M","M","E","R","?"],"build_version":"2019-01-23","purchased_purges":3,"victory":false,"max_hp_per_floor":[75,75,75,75,75,75,75,75,75,75,75,75,75,75,75,75,75,75,75,75,75,75,75,75,75,75,75,75,75,75,75,75,75,80,80,80,80,80,80,87,87,87],"card_choices":[{"not_picked":["Gash","Genetic Algorithm"],"picked":"Cold Snap","floor":0},{"not_picked":["Lockon","Force Field"],"picked":"Consume","floor":1},{"not_picked":["Leap","Recycle"],"picked":"Ball Lightning","floor":2},{"not_picked":["Go for the Eyes","Sweeping Beam"],"picked":"Loop","floor":5},{"not_picked":["Static Discharge","Sweeping Beam"],"picked":"Coolheaded","floor":8},{"not_picked":["Force Field","Double Energy"],"picked":"Storm","floor":10},{"not_picked":["Chaos","Stack"],"picked":"Sunder","floor":12},{"not_picked":["Core Surge","Multi-Cast"],"picked":"Amplify","floor":16},{"not_picked":["Consume","Scrape"],"picked":"Rebound","floor":18},{"not_picked":["Rebound+1","Streamline"],"picked":"Cold Snap+1","floor":21},{"not_picked":["Conserve Battery","Cold Snap"],"picked":"Seek","floor":22},{"not_picked":["Redo","Consume"],"picked":"Compile Driver+1","floor":24},{"not_picked":["Beam Cell","Ball Lightning"],"picked":"Go for the Eyes+1","floor":25},{"not_picked":["Cold Snap","Aggregate+1"],"picked":"Leap","floor":28},{"not_picked":["Genetic Algorithm","Reinforced Body"],"picked":"Glacier","floor":29},{"not_picked":["Beam Cell","Auto Shields","Reinforced Body"],"picked":"SKIP","floor":31},{"not_picked":["Reboot","Biased Cognition"],"picked":"Creative AI","floor":33},{"not_picked":["Turbo","Hologram"],"picked":"BootSequence","floor":34},{"not_picked":["Redo+1","Hologram"],"picked":"Loop+1","floor":35},{"not_picked":["Tempest","Double Energy","Sweeping Beam+1"],"picked":"SKIP","floor":38},{"not_picked":["Hello World","Ball Lightning"],"picked":"Darkness+1","floor":39},{"not_picked":["Lockon","Streamline+1"],"picked":"Capacitor+1","floor":40}],"player_experience":127642,"relics_obtained":[{"floor":8,"key":"Matryoshka"},{"floor":9,"key":"Pen Nib"},{"floor":9,"key":"Smiling Mask"},{"floor":10,"key":"PreservedInsect"},{"floor":24,"key":"Whetstone"},{"floor":26,"key":"Centennial Puzzle"},{"floor":29,"key":"Anchor"},{"floor":40,"key":"Strawberry"}],"event_choices":[{"cards_removed":["Strike_B"],"damage_healed":0,"gold_gain":0,"player_choice":"Card Removal","damage_taken":0,"max_hp_gain":0,"max_hp_loss":0,"event_name":"The Cleric","floor":3,"gold_loss":50},{"damage_healed":0,"gold_gain":75,"player_choice":"Touch","damage_taken":7,"max_hp_gain":0,"max_hp_loss":0,"event_name":"FaceTrader","floor":4,"gold_loss":0},{"damage_healed":0,"gold_gain":0,"player_choice":"Ignored","damage_taken":0,"max_hp_gain":0,"max_hp_loss":0,"event_name":"Ghosts","floor":19,"gold_loss":0},{"damage_healed":0,"gold_gain":0,"player_choice":"Got Potions","damage_taken":0,"max_hp_gain":0,"max_hp_loss":0,"event_name":"Lab","floor":20,"gold_loss":0},{"damage_healed":0,"gold_gain":0,"player_choice":"Forge","damage_taken":0,"max_hp_gain":0,"max_hp_loss":0,"event_name":"Accursed Blacksmith","floor":27,"gold_loss":0,"cards_upgraded":["Amplify"]},{"damage_healed":0,"gold_gain":0,"cards_transformed":["Defend_B"],"player_choice":"Transformed","damage_taken":0,"max_hp_gain":0,"max_hp_loss":0,"event_name":"Transmorgrifier","floor":36,"gold_loss":0,"cards_obtained":["Turbo"]}],"is_beta":false,"boss_relics":[{"not_picked":["Ectoplasm","Fusion Hammer"],"picked":"Empty Cage"},{"not_picked":["FrozenCore","Runic Dome"],"picked":"Tiny House"}],"items_purged_floors":[14,30,37],"is_endless":false,"potions_floor_spawned":[1,5,21,24,29,31,33],"killed_by":"Spire Growth","ascension_level":1}