{"gold_per_floor":[113,127,127,227,237,263,281,281,281,281,281,297,324,336,336,440,440,451,451,133,143,159,193,213,213,238,266,266,291,48,58,58,153,153,166,246,265,67,77,77],"floor_reached":40,"playtime":2594,"items_purged":["Strike_R","Strike_R","Defend_R"],"score":556,"play_id":"d81d5797-9f95-40c0-bfa8-f4c9ee5914a2","local_time":"20190504185046","is_ascension_mode":true,"campfire_choices":[{"data":"Inflame","floor":8,"key":"SMITH"},{"data":"Bash","floor":11,"key":"SMITH"},{"data":"Shrug It Off","floor":15,"key":"SMITH"},{"data":"Havoc","floor":25,"key":"SMITH"},{"floor":32,"key":"REST"}],"neow_cost":"NONE","seed_source_timestamp":1397859099396000,"circlet_count":0,"master_deck":["Defend_R","Defend_R","Defend_R","Bash+1","Havoc+1","Inflame+1","Anger","Armaments","Rampage","Clash","Shrug It Off+1","Offering","Heavy Blade+1","Clash","Demon Form","True Grit+1","Exhume","Clothesline+1","Shockwave"],"relics":["Burning Blood","Vajra","Meat on the Bone","Singing Bowl","Gambling Chip","Runic Cube","Bottled Flame","Matryoshka","Blood Vial","Molten Egg 2","Orichalcum","Peace Pipe","MawBank","Bag of Marbles","Empty Cage","Bottled Lightning"],"potions_floor_usage":[2,6,12,16,18,22,27,33,40,40],"damage_taken":[{"damage":4,"enemies":"Small Slimes","floor":1,"turns":4},{"damage":1,"enemies":"Cultist","floor":2,"turns":4},{"damage":4,"enemies":"Jaw Worm","floor":5,"turns":3},{"damage":55,"enemies":"Gremlin Nob","floor":6,"turns":6},{"damage":15,"enemies":"2 Fungi Beasts","floor":7,"turns":3},{"damage":0,"enemies":"Exordium Wildlife","floor":12,"turns":3},{"damage":8,"enemies":"Lagavulin","floor":13,"turns":3},{"damage":11,"enemies":"Exordium Thugs","floor":14,"turns":5},{"damage":9,"enemies":"The Guardian","floor":16,"turns":9},{"damage":7,"enemies":"Spheric Guardian","floor":18,"turns":3},{"damage":0,"enemies":"Chosen","floor":21,"turns":3},{"damage":22,"enemies":"Centurion and Healer","floor":22,"turns":6},{"damage":41,"enemies":"Book of Stabbing","floor":23,"turns":5},{"damage":15,"enemies":"3 Cultists","floor":24,"turns":6},{"damage":33,"enemies":"Slavers","floor":27,"turns":6},{"damage":14,"enemies":"Book of Stabbing","floor":29,"turns":4},{"damage":25,"enemies":"Snake Plant","floor":31,"turns":3},{"damage":15,"enemies":"Champ","floor":33,"turns":7},{"damage":22,"enemies":"Orb Walker","floor":35,"turns":4},{"damage":33,"enemies":"3 Darklings","floor":37,"turns":9},{"damage":15,"enemies":"Jaw Worm Horde","floor":39,"turns":3},{"damage":75,"enemies":"Nemesis","floor":40,"turns":8}],"seed_played":"7259093205774098655","potions_obtained":[{"floor":1,"key":"AttackPotion"},{"floor":2,"key":"Fruit Juice"},{"floor":7,"key":"AttackPotion"},{"floor":14,"key":"Swift Potion"},{"floor":16,"key":"AttackPotion"},{"floor":21,"key":"Dexterity Potion"},{"floor":24,"key":"PowerPotion"},{"floor":31,"key":"Strength Potion"},{"floor":35,"key":"GamblersBrew"},{"floor":39,"key":"Fire Potion"}],"is_trial":false,"path_per_floor":["M","M","?","?","M","E","M","R","T","T","R","M","E","M","R","B",null,"M","?","$","M","M","E","M","R","T","E","T","E","$","M","R","B",null,"M","T","M","$","M","E"],"character_chosen":"IRONCLAD","items_purchased":["Bottled Flame","Bag of Marbles","Shockwave"],"campfire_rested":1,"item_purchase_floors":[20,30,38],"current_hp_per_floor":[80,80,85,85,85,41,32,32,32,32,32,50,62,57,57,54,92,91,73,73,79,63,40,45,45,45,34,34,42,42,39,70,63,105,91,91,66,66,73,0],"gold":77,"neow_bonus":"TRANSFORM_CARD","is_prod":false,"is_daily":false,"chose_seed":false,"campfire_upgraded":4,"win_rate":0,"timestamp":1557013846,"path_taken":["M","M","?","?","?","E","M","R","T","?","R","M","E","M","R","BOSS","M","?","$","M","M","E","M","R","T","E","?","E","$","?","R","BOSS","M","?","M","$","M","E"],"build_version":"2019-01-23","purchased_purges":3,"victory":false,"max_hp_per_floor":[80,80,85,85,85,90,90,90,90,90,90,90,92,92,92,92,92,92,97,97,97,97,97,99,99,99,101,101,103,103,105,105,105,105,107,107,107,107,109,109],"card_choices":[{"not_picked":["Carnage","Pommel Strike"],"picked":"Inflame","floor":1},{"not_picked":["Warcry","Entrench"],"picked":"Anger","floor":2},{"not_picked":["Clash","Twin Strike"],"picked":"Armaments","floor":5},{"not_picked":["Evolve","Intimidate"],"picked":"Rampage","floor":6},{"not_picked":["Armaments","Intimidate","Dual Wield"],"picked":"SKIP","floor":7},{"not_picked":["Dropkick","Armaments"],"picked":"Clash","floor":12},{"not_picked":["Sentinel","Thunderclap","Body Slam"],"picked":"Singing Bowl","floor":13},{"not_picked":["Body Slam","Flex"],"picked":"Shrug It Off","floor":14},{"not_picked":["Impervious","Dark Embrace"],"picked":"Offering","floor":16},{"not_picked":["Blood for Blood","Headbutt"],"picked":"Heavy Blade+1","floor":18},{"not_picked":["Thunderclap","Dual Wield"],"picked":"Clash","floor":21},{"not_picked":["Carnage","Thunderclap"],"picked":"Demon Form","floor":22},{"not_picked":["Shrug It Off","Hemokinesis"],"picked":"True Grit+1","floor":23},{"not_picked":["Seeing Red","Dual Wield","True Grit"],"picked":"Singing Bowl","floor":24},{"not_picked":["Havoc","Barricade","Reckless Charge"],"picked":"Singing Bowl","floor":27},{"not_picked":["Body Slam+1","Sword Boomerang+1","Corruption+1"],"picked":"Singing Bowl","floor":29},{"not_picked":["Sever Soul+1","Bloodletting+1","Havoc"],"picked":"Singing Bowl","floor":31},{"not_picked":["Impervious","Brutality"],"picked":"Exhume","floor":33},{"not_picked":["Perfected Strike+1","Body Slam+1","Dual Wield"],"picked":"Singing Bowl","floor":35},{"not_picked":["Rampage+1","Cleave+1"],"picked":"Clothesline+1","floor":37},{"not_picked":["Sword Boomerang+1","Heavy Blade+1","Demon Form"],"picked":"Singing Bowl","floor":39}],"player_experience":108720,"relics_obtained":[{"floor":6,"key":"Vajra"},{"floor":9,"key":"Meat on the Bone"},{"floor":10,"key":"Singing Bowl"},{"floor":13,"key":"Gambling Chip"},{"floor":23,"key":"Matryoshka"},{"floor":26,"key":"Blood Vial"},{"floor":27,"key":"Molten Egg 2"},{"floor":28,"key":"Orichalcum"},{"floor":28,"key":"Peace Pipe"},{"floor":29,"key":"MawBank"},{"floor":36,"key":"Bottled Lightning"}],"event_choices":[{"damage_healed":0,"gold_gain":0,"player_choice":"Donut","damage_taken":0,"max_hp_gain":5,"max_hp_loss":0,"event_name":"Big Fish","floor":3,"gold_loss":0},{"damage_healed":0,"gold_gain":100,"player_choice":"Pray","damage_taken":0,"max_hp_gain":0,"max_hp_loss":0,"event_name":"Golden Shrine","floor":4,"gold_loss":0},{"damage_healed":0,"gold_gain":0,"player_choice":"Shed Blood","damage_taken":23,"max_hp_gain":5,"max_hp_loss":0,"event_name":"Forgotten Altar","floor":19,"gold_loss":0}],"is_beta":false,"boss_relics":[{"not_picked":["Fusion Hammer","Philosopher\u0027s Stone"],"picked":"Runic Cube"},{"not_picked":["White Beast Statue","Runic Dome"],"picked":"Empty Cage"}],"items_purged_floors":[20,30,38],"is_endless":false,"potions_floor_spawned":[1,2,7,14,16,21,24,31,35,39],"killed_by":"Nemesis","ascension_level":2}