{"gold_per_floor":[14,25,25,44,19,19,53,53,76,76,76,92,109,141,141,216,216,227,227],"floor_reached":19,"playtime":547,"items_purged":[],"score":354,"play_id":"139f3c42-08d3-48fd-a216-d72e7d90d1b2","local_time":"20190405114634","is_ascension_mode":true,"campfire_choices":[{"data":"White Noise","floor":6,"key":"SMITH"},{"floor":10,"key":"REST"},{"data":"Consume","floor":15,"key":"SMITH"}],"neow_cost":"NO_GOLD","seed_source_timestamp":1327442127430,"circlet_count":0,"master_deck":["AscendersBane","Strike_B","Strike_B","Strike_B","Strike_B","Defend_B","Defend_B","Defend_B","Defend_B","Zap","Dualcast","Ball Lightning","Conserve Battery","White Noise+1","Conserve Battery","Go for the Eyes","Pain","Consume+1","Conserve Battery","Leap","Echo Form"],"relics":["Cracked Core","StoneCalendar","Regal Pillow","Mummified Hand","Orichalcum","WarpedTongs","Pantograph","Fusion Hammer"],"potions_floor_usage":[14],"damage_taken":[{"damage":2,"enemies":"Cultist","floor":1,"turns":4},{"damage":2,"enemies":"Jaw Worm","floor":2,"turns":3},{"damage":0,"enemies":"Small Slimes","floor":4,"turns":3},{"damage":26,"enemies":"Lagavulin","floor":7,"turns":7},{"damage":13,"enemies":"Exordium Thugs","floor":12,"turns":3},{"damage":3,"enemies":"Looter","floor":13,"turns":2},{"damage":31,"enemies":"Gremlin Nob","floor":14,"turns":4},{"damage":35,"enemies":"Hexaghost","floor":16,"turns":9},{"damage":41,"enemies":"Chosen","floor":18,"turns":6},{"damage":0,"enemies":"3 Byrds","floor":19,"turns":1}],"seed_played":"-8409357071204893214","potions_obtained":[{"floor":2,"key":"Swift Potion"}],"is_trial":false,"path_per_floor":["M","M","?","M","$","R","E","$","T","R","?","M","M","E","R","B",null,"M","M"],"character_chosen":"DEFECT","items_purchased":["Conserve Battery"],"campfire_rested":1,"item_purchase_floors":[5],"current_hp_per_floor":[62,60,49,49,49,49,23,23,23,59,59,46,43,12,12,2,54,13,13],"gold":227,"neow_bonus":"ONE_RARE_RELIC","is_prod":false,"is_daily":false,"chose_seed":false,"campfire_upgraded":2,"win_rate":0,"timestamp":1554457594,"path_taken":["M","?","?","M","$","R","E","?","T","R","?","M","M","E","R","BOSS","M","M"],"build_version":"2019-04-04","purchased_purges":0,"victory":false,"max_hp_per_floor":[71,71,71,71,71,71,71,71,71,71,71,71,71,71,71,71,71,71,71],"card_choices":[{"not_picked":["Fusion","Stack"],"picked":"Ball Lightning","floor":1},{"not_picked":["Compile Driver","Sweeping Beam"],"picked":"Conserve Battery","floor":2},{"not_picked":["Leap","Turbo"],"picked":"White Noise","floor":4},{"not_picked":["Aggregate","Skim"],"picked":"Go for the Eyes","floor":7},{"not_picked":["Turbo","Hyperbeam"],"picked":"Consume","floor":12},{"not_picked":["Rebound","Gash"],"picked":"Conserve Battery","floor":13},{"not_picked":["Auto Shields","Steam"],"picked":"Leap","floor":14},{"not_picked":["Creative AI","Biased Cognition"],"picked":"Echo Form","floor":16},{"not_picked":["Compile Driver","Hologram","Rebound"],"picked":"SKIP","floor":18}],"player_experience":1066484,"relics_obtained":[{"floor":7,"key":"Mummified Hand"},{"floor":9,"key":"Orichalcum"},{"floor":14,"key":"Pantograph"}],"event_choices":[{"damage_healed":0,"gold_gain":0,"player_choice":"Success","damage_taken":11,"relics_obtained":["Regal Pillow"],"max_hp_gain":0,"max_hp_loss":0,"event_name":"Scrap Ooze","floor":3,"gold_loss":0},{"damage_healed":0,"gold_gain":0,"player_choice":"Rummage","damage_taken":0,"relics_obtained":["WarpedTongs"],"max_hp_gain":0,"max_hp_loss":0,"event_name":"Accursed Blacksmith","floor":11,"gold_loss":0,"cards_obtained":["Pain"]}],"is_beta":true,"boss_relics":[{"not_picked":["Coffee Dripper","FrozenCore"],"picked":"Fusion Hammer"}],"items_purged_floors":[],"is_endless":false,"potions_floor_spawned":[2],"killed_by":"3 Byrds","ascension_level":20}