{"path_per_floor":["M","?","M","M","$","E","R","M","T","M","?","?","R","?","R","B",null,"M","M","$","?"],"character_chosen":"IRONCLAD","items_purchased":["Ghostly Armor","Red Skull"],"gold_per_floor":[16,16,26,44,8,37,37,53,53,69,144,144,144,144,144,264,264,277,292,49,49],"floor_reached":22,"campfire_rested":2,"playtime":1743,"current_hp_per_floor":[90,90,93,87,87,57,57,57,57,46,35,23,51,51,79,54,96,50,17,17,17],"items_purged":[],"gold":49,"score":218,"play_id":"d42c7c6b-4ec5-4f0b-8490-a5dfe7d4b543","local_time":"20180315111653","is_prod":false,"is_daily":false,"is_ascension_mode":true,"campfire_upgraded":1,"timestamp":1521109013,"path_taken":["M","?","M","M","$","E","R","M","T","?","?","?","R","?","R","BOSS","M","M","$","?","M"],"build_version":"2018-03-09","purchased_purges":0,"victory":false,"master_deck":["Strike_R+1","Strike_R+1","Strike_R+1","Strike_R+1","Strike_R+1","Defend_R+1","Defend_R+1","Defend_R+1","Defend_R+1","Bash","Thunderclap","Shrug It Off+1","Ghostly Armor","Sword Boomerang+1","Pommel Strike","Injury","Feed","Iron Wave","Body Slam"],"max_hp_per_floor":[96,96,96,96,96,96,96,96,96,96,96,96,96,96,96,96,96,99,99,99,99],"relics":["Burning Blood","Art of War","Whetstone","The Courier","Golden Idol","Black Star","Red Skull"],"card_choices":[{"not_picked":["Rupture","Entrench"],"picked":"Thunderclap"},{"not_picked":["Battle Trance","Thunderclap"],"picked":"Shrug It Off"},{"not_picked":["Burning Pact","Cleave"],"picked":"Sword Boomerang"},{"not_picked":["Blood for Blood","Warcry"],"picked":"Pommel Strike"},{"not_picked":["Offering","Demon Form"],"picked":"Feed"},{"not_picked":["Sword Boomerang","Heavy Blade"],"picked":"Iron Wave"},{"not_picked":["Perfected Strike","True Grit"],"picked":"Body Slam"}],"player_experience":133246,"potions_floor_usage":[16,16,16,18,19],"damage_taken":[{"damage":12,"enemies":"Small Slimes","floor":1,"turns":5},{"damage":3,"enemies":"Jaw Worm","floor":3,"turns":4},{"damage":12,"enemies":"Cultist","floor":4,"turns":5},{"damage":36,"enemies":"Gremlin Nob","floor":6,"turns":5},{"damage":6,"enemies":"Looter","floor":8,"turns":4},{"damage":17,"enemies":"Exordium Thugs","floor":10,"turns":7},{"damage":31,"enemies":"Slime Boss","floor":16,"turns":15},{"damage":55,"enemies":"Shell Parasite","floor":18,"turns":9},{"damage":54,"enemies":"Spheric Guardian","floor":19,"turns":10},{"damage":17,"enemies":"3 Cultists","floor":22,"turns":3}],"event_choices":[{"event_name":"Golden Wing","player_choice":"Ignored","floor":2,"damage_taken":0},{"event_name":"World of Goop","player_choice":"Gather Gold","floor":11,"damage_taken":0},{"event_name":"Scrap Ooze","player_choice":"success","floor":12,"damage_taken":12},{"event_name":"Golden Idol","player_choice":"Take Wound","floor":14,"damage_taken":0},{"event_name":"Back to Basics","player_choice":"Simplicity","floor":21,"damage_taken":0}],"boss_relics":[{"not_picked":["Mark of Pain","Question Card"],"picked":"Black Star"}],"potions_floor_spawned":[1,4,10,16,18],"seed_played":"-3779350672004509263","killed_by":"3 Cultists","ascension_level":1,"is_trial":false}