{"gold_per_floor":[117,117,127,145,156,156,168,180,180,11,11,27,27,38,38,138,138,158,158,158,108,124,154,154,170,194,204,204],"floor_reached":28,"playtime":2457,"items_purged":[],"score":324,"play_id":"fff6a42c-3487-4533-becb-4d8b79f3d9b3","local_time":"20190411224250","is_ascension_mode":true,"campfire_choices":[{"floor":6,"key":"REST"},{"data":"True Grit","floor":11,"key":"SMITH"},{"floor":15,"key":"REST"},{"data":"Apotheosis","floor":24,"key":"SMITH"}],"neow_cost":"PERCENT_DAMAGE","seed_source_timestamp":93142114298138,"circlet_count":0,"master_deck":["Strike_R","Strike_R","Strike_R","Defend_R","Defend_R","Defend_R","Defend_R","Bash","Barricade","True Grit+1","Shrug It Off","Body Slam","Rampage","Headbutt","Apotheosis+1","Pommel Strike","Juggernaut","Rage+1","Cleave+1","Metallicize","Feel No Pain+1","Disarm"],"relics":["Burning Blood","Runic Pyramid","PreservedInsect","Mummified Hand","Ancient Tea Set"],"potions_floor_usage":[4,5,14,23,25],"damage_taken":[{"damage":18,"enemies":"Jaw Worm","floor":1,"turns":4},{"damage":39,"enemies":"Cultist","floor":3,"turns":8},{"damage":3,"enemies":"2 Louse","floor":4,"turns":2},{"damage":1,"enemies":"Exordium Thugs","floor":5,"turns":7},{"damage":9,"enemies":"Looter","floor":7,"turns":4},{"damage":9,"enemies":"Blue Slaver","floor":8,"turns":5},{"damage":13,"enemies":"3 Louse","floor":12,"turns":4},{"damage":10,"enemies":"Lots of Slimes","floor":14,"turns":4},{"damage":25,"enemies":"Hexaghost","floor":16,"turns":9},{"damage":30,"enemies":"Shell Parasite","floor":18,"turns":9},{"damage":3,"enemies":"Chosen","floor":22,"turns":6},{"damage":0,"enemies":"Gremlin Leader","floor":23,"turns":8},{"damage":23,"enemies":"Centurion and Healer","floor":25,"turns":7},{"damage":9,"enemies":"Snake Plant","floor":27,"turns":4},{"damage":34,"enemies":"Slavers","floor":28,"turns":2}],"seed_played":"-4013402332422424746","potions_obtained":[{"floor":3,"key":"Block Potion"},{"floor":4,"key":"AttackPotion"},{"floor":8,"key":"SkillPotion"},{"floor":16,"key":"AttackPotion"},{"floor":22,"key":"LiquidBronze"},{"floor":27,"key":"SneckoOil"}],"is_trial":false,"path_per_floor":["M","?","M","M","M","R","M","M","T","$","R","M","$","M","R","B",null,"M","?","T","?","M","E","R","M","T","M","E"],"character_chosen":"IRONCLAD","items_purchased":["Apotheosis"],"campfire_rested":2,"item_purchase_floors":[10],"current_hp_per_floor":[44,44,11,14,19,43,40,37,37,37,37,30,30,26,50,31,68,44,44,44,44,47,53,53,36,36,33,0],"gold":204,"neow_bonus":"THREE_RARE_CARDS","is_prod":false,"is_daily":false,"chose_seed":false,"campfire_upgraded":2,"win_rate":0,"timestamp":1555040570,"path_taken":["M","?","M","M","M","R","M","?","T","$","R","M","?","M","R","BOSS","M","?","?","?","?","E","R","M","T","M","E"],"build_version":"2019-01-23","purchased_purges":0,"victory":false,"max_hp_per_floor":[80,80,80,80,80,80,80,80,80,80,80,80,80,80,80,80,80,80,80,80,80,80,80,80,80,80,80,80],"card_choices":[{"not_picked":["Exhume","Fiend Fire"],"picked":"Barricade","floor":0},{"not_picked":["Armaments","Uppercut"],"picked":"True Grit","floor":1},{"not_picked":["Flex","Wild Strike","Perfected Strike"],"picked":"SKIP","floor":3},{"not_picked":["Entrench","Sword Boomerang"],"picked":"Shrug It Off","floor":4},{"not_picked":["Shrug It Off","Battle Trance"],"picked":"Body Slam","floor":5},{"not_picked":["Sentinel","Perfected Strike"],"picked":"Rampage","floor":7},{"not_picked":["Berserk","Twin Strike"],"picked":"Headbutt","floor":8},{"not_picked":["Rupture","True Grit"],"picked":"Pommel Strike","floor":12},{"not_picked":["Sword Boomerang","Whirlwind","Dropkick"],"picked":"SKIP","floor":14},{"not_picked":["Brutality","Bludgeon"],"picked":"Juggernaut","floor":16},{"not_picked":["Wild Strike","Thunderclap"],"picked":"Rage+1","floor":18},{"not_picked":["Clash","Sword Boomerang"],"picked":"Cleave+1","floor":22},{"not_picked":["Entrench","Carnage"],"picked":"Metallicize","floor":23},{"not_picked":["Power Through","Armaments"],"picked":"Feel No Pain+1","floor":25},{"not_picked":["Fiend Fire","Thunderclap"],"picked":"Disarm","floor":27}],"player_experience":272913,"relics_obtained":[{"floor":20,"key":"PreservedInsect"},{"floor":23,"key":"Mummified Hand"},{"floor":26,"key":"Ancient Tea Set"}],"event_choices":[{"cards_removed":["Strike_R"],"damage_healed":0,"gold_gain":0,"player_choice":"Offered Basic","damage_taken":0,"max_hp_gain":0,"max_hp_loss":0,"event_name":"Bonfire Elementals","floor":2,"gold_loss":0},{"cards_removed":["Strike_R"],"damage_healed":0,"gold_gain":0,"player_choice":"Elegance","damage_taken":0,"max_hp_gain":0,"max_hp_loss":0,"event_name":"Back to Basics","floor":19,"gold_loss":0},{"damage_healed":0,"gold_gain":0,"player_choice":"Bet on Owner","damage_taken":0,"max_hp_gain":0,"max_hp_loss":0,"event_name":"The Joust","floor":21,"gold_loss":50}],"is_beta":false,"boss_relics":[{"not_picked":["Ectoplasm","Coffee Dripper"],"picked":"Runic Pyramid"}],"items_purged_floors":[],"is_endless":false,"potions_floor_spawned":[3,4,8,16,22,27],"killed_by":"Slavers","ascension_level":5}