{"gold_per_floor":[115,190,190,213,57,57,90,90,138,217,233,278,313,337,337,436,436,461,482,482,498,570,570],"floor_reached":23,"playtime":698,"items_purged":["Strike_B"],"score":448,"play_id":"ec02c33a-25a9-41ea-8a46-737bce0e05d7","local_time":"20190403233400","is_ascension_mode":true,"campfire_choices":[{"data":"Sunder","floor":6.0,"key":"SMITH"},{"data":"Zap","floor":8.0,"key":"SMITH"},{"data":"Rainbow","floor":15.0,"key":"SMITH"}],"neow_cost":"NONE","seed_source_timestamp":34443244029644,"circlet_count":0,"master_deck":["AscendersBane","Strike_B","Strike_B","Strike_B","Defend_B","Defend_B","Defend_B","Defend_B","Zap+1","Dualcast","Capacitor","Conserve Battery","Sunder+1","Self Repair","Rainbow+1","Conserve Battery","Buffer","Defragment","Creative AI","Conserve Battery"],"special_seed":0,"relics":["Cracked Core","NeowsBlessing","Golden Idol","Potion Belt","Blood Vial","Orichalcum","Velvet Choker","Pear"],"potions_floor_usage":[23],"damage_taken":[{"damage":0.0,"enemies":"2 Louse","floor":1.0,"turns":1.0},{"damage":0.0,"enemies":"Jaw Worm","floor":4.0,"turns":1.0},{"damage":0.0,"enemies":"3 Sentries","floor":7.0,"turns":2.0},{"damage":0.0,"enemies":"Small Slimes","floor":11.0,"turns":3.0},{"damage":14.0,"enemies":"Lagavulin","floor":13.0,"turns":7.0},{"damage":6.0,"enemies":"Looter","floor":14.0,"turns":3.0},{"damage":56.0,"enemies":"Hexaghost","floor":16.0,"turns":10.0},{"damage":0,"enemies":"Chosen","floor":18,"turns":5},{"damage":37,"enemies":"3 Byrds","floor":19,"turns":6},{"damage":39,"enemies":"Cultist and Chosen","floor":21,"turns":9},{"damage":12,"enemies":"Book of Stabbing","floor":23,"turns":4}],"seed_played":"2989080728923469917","potions_obtained":[{"floor":4.0,"key":"SneckoOil"},{"floor":11.0,"key":"Regen Potion"},{"floor":16.0,"key":"Dexterity Potion"},{"floor":19,"key":"Fire Potion"},{"floor":21,"key":"Strength Potion"}],"is_trial":false,"path_per_floor":["M","?","?","M","$","R","E","R","T","?","M","T","E","M","R","B",null,"M","M","?","M","T","E"],"character_chosen":"DEFECT","items_purchased":["Sunder"],"campfire_rested":0,"item_purchase_floors":[5],"current_hp_per_floor":[64,53,53,53,53,53,53,53,53,53,62,62,57,53,53,11,51,60,32,45,15,25,15],"gold":570,"neow_bonus":"THREE_ENEMY_KILL","is_prod":false,"is_daily":false,"chose_seed":false,"campfire_upgraded":3,"win_rate":0,"timestamp":1554327240,"path_taken":["M","?","?","M","$","R","E","R","T","?","M","?","E","M","R","BOSS","M","M","?","M","?","E"],"build_version":"2019-03-15","purchased_purges":1,"victory":false,"max_hp_per_floor":[71,71,64,64,64,64,64,64,64,64,64,64,64,64,64,64,64,64,64,64,64,74,74],"card_choices":[{"not_picked":["Conserve Battery","Stack"],"picked":"Capacitor","floor":1.0},{"not_picked":["Turbo","Darkness"],"picked":"Conserve Battery","floor":4.0},{"not_picked":["Darkness","Undo"],"picked":"Self Repair","floor":7.0},{"not_picked":["Cold Snap","Steam"],"picked":"Rainbow","floor":11.0},{"not_picked":["Gash","Steam Power","Chaos"],"picked":"SKIP","floor":13.0},{"not_picked":["Auto Shields","Turbo"],"picked":"Conserve Battery","floor":14.0},{"not_picked":["All For One","Meteor Strike"],"picked":"Buffer","floor":16.0},{"not_picked":["Sweeping Beam","Barrage"],"picked":"Defragment","floor":18},{"not_picked":["Hologram+1","Self Repair"],"picked":"Creative AI","floor":19},{"not_picked":["Ball Lightning","Compile Driver"],"picked":"Conserve Battery","floor":21}],"player_experience":1058843,"relics_obtained":[{"floor":7.0,"key":"Potion Belt"},{"floor":9.0,"key":"Blood Vial"},{"floor":13.0,"key":"Orichalcum"},{"floor":22,"key":"Pear"}],"event_choices":[{"damage_healed":0.0,"max_hp_gain":0.0,"max_hp_loss":0.0,"gold_gain":75.0,"event_name":"World of Goop","player_choice":"Gather Gold","floor":2.0,"gold_loss":0.0,"damage_taken":11.0},{"damage_healed":0.0,"max_hp_gain":0.0,"max_hp_loss":7.0,"gold_gain":0.0,"event_name":"Golden Idol","player_choice":"Lose Max HP","floor":3.0,"gold_loss":0.0,"damage_taken":0.0,"relics_obtained":["Golden Idol"]},{"damage_healed":0.0,"max_hp_gain":0.0,"max_hp_loss":0.0,"gold_gain":79.0,"event_name":"Golden Wing","player_choice":"Gained Gold","floor":10.0,"gold_loss":0.0,"damage_taken":0.0},{"damage_healed":13,"gold_gain":0,"player_choice":"Heal","damage_taken":0,"max_hp_gain":0,"max_hp_loss":0,"event_name":"The Library","floor":20,"gold_loss":0}],"is_beta":true,"boss_relics":[{"not_picked":["Runic Pyramid","Orrery"],"picked":"Velvet Choker"}],"items_purged_floors":[5],"is_endless":false,"potions_floor_spawned":[4,11,16,19,21],"killed_by":"Book of Stabbing","ascension_level":20}