{"gold_per_floor":[113,113,27,38,9,9,37,37,111,111,111,145,155,188,188,265,265,283,283,298,309,319,346,361,393,441,469,519,519,519,530,530,530],"floor_reached":33,"playtime":1696,"items_purged":[],"score":696,"play_id":"17e68559-a610-40e4-8b76-aff56fdc5aa7","local_time":"20190401030913","is_ascension_mode":true,"campfire_choices":[{"data":"Self Repair","floor":6.0,"key":"SMITH"},{"data":"Biased Cognition","floor":8.0,"key":"SMITH"},{"data":"Conserve Battery","floor":10.0,"key":"SMITH"},{"data":"BootSequence","floor":15.0,"key":"SMITH"},{"floor":29,"key":"RECALL"},{"floor":32,"key":"REST"}],"neow_cost":"NONE","seed_source_timestamp":32926429608442,"circlet_count":0,"master_deck":["AscendersBane","Zap+1","Dualcast","Conserve Battery+1","Self Repair+1","BootSequence+1","Cold Snap","Biased Cognition+1","Chill+1","Tempest+1","Double Energy+1","Buffer+1","Scrape","Loop+1","Hyperbeam","Undo+1","Capacitor+1","Coolheaded+1","Multi-Cast+1","Chaos+1","Leap+1","Hologram+1","Leap+1","Coolheaded+1","Reinforced Body+1","Doom and Gloom+1","Stack+1"],"special_seed":0,"relics":["Cracked Core","NeowsBlessing","Toxic Egg 2","Anchor","Frozen Egg 2","Pandora\u0027s Box","Ginger","Unceasing Top","Bag of Marbles","Omamori","Bottled Tornado"],"potions_floor_usage":[25,27,33],"damage_taken":[{"damage":0.0,"enemies":"2 Louse","floor":1.0,"turns":1.0},{"damage":0.0,"enemies":"Cultist","floor":4.0,"turns":1.0},{"damage":0.0,"enemies":"3 Sentries","floor":7.0,"turns":1.0},{"damage":32.0,"enemies":"Gremlin Nob","floor":12.0,"turns":4.0},{"damage":0.0,"enemies":"Small Slimes","floor":13.0,"turns":4.0},{"damage":4.0,"enemies":"Lagavulin","floor":14.0,"turns":7.0},{"damage":49.0,"enemies":"Hexaghost","floor":16.0,"turns":10.0},{"damage":0.0,"enemies":"2 Thieves","floor":18.0,"turns":3.0},{"damage":0.0,"enemies":"Spheric Guardian","floor":20.0,"turns":4.0},{"damage":4.0,"enemies":"Snecko","floor":21.0,"turns":5.0},{"damage":0.0,"enemies":"Chosen and Byrds","floor":22.0,"turns":5.0},{"damage":45.0,"enemies":"Gremlin Leader","floor":23.0,"turns":7.0},{"damage":1.0,"enemies":"Sentry and Sphere","floor":24.0,"turns":8.0},{"damage":13,"enemies":"Slavers","floor":25,"turns":6},{"damage":29,"enemies":"Book of Stabbing","floor":27,"turns":10},{"damage":10,"enemies":"Centurion and Healer","floor":31,"turns":7},{"damage":61,"enemies":"Collector","floor":33,"turns":8}],"seed_played":"6211849603012398750","potions_obtained":[{"floor":12.0,"key":"FearPotion"},{"floor":13.0,"key":"AttackPotion"},{"floor":21.0,"key":"SteroidPotion"},{"floor":23.0,"key":"PowerPotion"},{"floor":24.0,"key":"Regen Potion"},{"floor":27,"key":"Strength Potion"},{"floor":31,"key":"Block Potion"}],"is_trial":false,"path_per_floor":["M","?","$","M","$","R","E","R","T","R","?","E","M","E","R","B",null,"M","?","M","M","M","E","M","E","T","E","?","R","T","M","R","B"],"character_chosen":"DEFECT","items_purchased":["Self Repair","Cold Snap"],"campfire_rested":1,"item_purchase_floors":[3,5],"current_hp_per_floor":[64,64,64,64,64,64,64,64,64,64,57,35,45,51,51,12,56,66,66,71,71,71,36,45,42,42,38,38,38,38,38,59,0],"gold":530,"neow_bonus":"THREE_ENEMY_KILL","is_prod":false,"is_daily":false,"chose_seed":false,"campfire_upgraded":4,"win_rate":0,"timestamp":1554080953,"path_taken":["M","?","?","M","$","R","E","R","T","R","?","E","M","E","R","BOSS","M","?","M","M","M","E","M","E","T","E","?","R","?","?","R","BOSS"],"build_version":"2019-03-15","purchased_purges":0,"victory":false,"max_hp_per_floor":[71,71,71,71,71,71,71,71,71,71,71,71,71,71,71,71,71,71,71,71,71,71,71,71,71,71,71,71,71,71,71,71,71],"card_choices":[{"not_picked":["Barrage","Turbo"],"picked":"Conserve Battery","floor":1.0},{"not_picked":["Ball Lightning","Coolheaded"],"picked":"BootSequence","floor":4.0},{"not_picked":["Rebound","Aggregate"],"picked":"Biased Cognition","floor":7.0},{"not_picked":["Static Discharge","Undo+1"],"picked":"Chill+1","floor":12.0},{"not_picked":["Reprogram+1","Barrage"],"picked":"Tempest+1","floor":13.0},{"not_picked":["Conserve Battery+1","Ball Lightning"],"picked":"Double Energy+1","floor":14.0},{"not_picked":["Reboot+1","Thunder Strike"],"picked":"Buffer+1","floor":16.0},{"not_picked":["Force Field+1","Redo+1"],"picked":"Chaos+1","floor":18.0},{"not_picked":["Recycle+1","Cold Snap"],"picked":"Leap+1","floor":20.0},{"not_picked":["Reprogram+1","Rebound","Go for the Eyes"],"picked":"SKIP","floor":21.0},{"not_picked":["Leap+1","Gash"],"picked":"Hologram+1","floor":22.0},{"not_picked":["Rebound","All For One"],"picked":"Leap+1","floor":23.0},{"not_picked":["Beam Cell","Go for the Eyes"],"picked":"Coolheaded+1","floor":24.0},{"not_picked":["Hologram+1","Redo+1"],"picked":"Reinforced Body+1","floor":25},{"not_picked":["Ball Lightning","Heatsinks+1"],"picked":"Doom and Gloom+1","floor":27},{"not_picked":["Melter","Gash"],"picked":"Stack+1","floor":31}],"player_experience":1048373,"relics_obtained":[{"floor":7.0,"key":"Toxic Egg 2"},{"floor":12.0,"key":"Anchor"},{"floor":14.0,"key":"Frozen Egg 2"},{"floor":23.0,"key":"Ginger"},{"floor":25,"key":"Unceasing Top"},{"floor":26,"key":"Bag of Marbles"},{"floor":27,"key":"Omamori"},{"floor":30,"key":"Bottled Tornado"}],"event_choices":[{"damage_healed":0.0,"max_hp_gain":0.0,"max_hp_loss":0.0,"gold_gain":0.0,"event_name":"Upgrade Shrine","player_choice":"Upgraded","floor":2.0,"gold_loss":0.0,"damage_taken":0.0,"cards_upgraded":["Zap"]},{"cards_removed":["Defend_B"],"damage_healed":0.0,"max_hp_gain":0.0,"max_hp_loss":0.0,"gold_gain":0.0,"event_name":"Golden Wing","player_choice":"Card Removal","floor":11.0,"gold_loss":0.0,"damage_taken":7.0},{"damage_healed":0.0,"max_hp_gain":0.0,"max_hp_loss":0.0,"gold_gain":0.0,"event_name":"Ghosts","player_choice":"Ignored","floor":19.0,"gold_loss":0.0,"damage_taken":0.0},{"damage_healed":0,"gold_gain":50,"player_choice":"Stole From Cult","damage_taken":0,"max_hp_gain":0,"max_hp_loss":0,"event_name":"Nest","floor":28,"gold_loss":0}],"is_beta":true,"boss_relics":[{"not_picked":["Lizard Tail","Tiny House"],"picked":"Pandora\u0027s Box"}],"items_purged_floors":[],"is_endless":false,"potions_floor_spawned":[12,13,21,23,24,27,31],"killed_by":"Collector","ascension_level":20}