{"path_per_floor":["M","$","M","?","M","R","M","R","T","R","M","E","M","M","R","B",null,"M","T","M","?","M"],"character_chosen":"IRONCLAD","items_purchased":["Bandage Up"],"gold_per_floor":[114,23,36,36,56,86,106,106,158,158,169,204,214,226,226,324,324,334,334,344,344,361],"floor_reached":23,"campfire_rested":1,"playtime":1543,"current_hp_per_floor":[38,38,47,47,41,41,18,42,42,42,52,58,64,71,71,24,80,55,55,51,35,18],"items_purged":[],"gold":361,"score":205,"play_id":"77933e7e-0206-443a-8638-92b5be7aa3a4","local_time":"20180312103415","is_prod":false,"is_daily":false,"is_ascension_mode":true,"campfire_upgraded":0,"timestamp":1520847255,"path_taken":["M","$","M","?","M","R","M","R","T","R","?","E","M","?","R","BOSS","M","?","?","?","M","E"],"build_version":"2018-03-09","purchased_purges":0,"victory":false,"master_deck":["Strike_R","Strike_R","Strike_R","Strike_R","Strike_R","Defend_R","Defend_R","Defend_R","Defend_R","Bash","Sword Boomerang","Bandage Up","Armaments","Twin Strike","Entrench","Twin Strike","Impervious","Iron Wave","Armaments","Berserk","Wild Strike","Ghostly Armor","Panacea","Blood for Blood+1"],"max_hp_per_floor":[80,80,80,80,80,80,80,80,80,80,80,80,80,80,80,80,80,80,80,80,80,80],"relics":["Burning Blood","Shovel","Tiny Chest","Vajra","Happy Flower","Peace Pipe","Oddly Smooth Stone","Black Star","Frozen Eye"],"card_choices":[{"not_picked":["True Grit","Cleave"],"picked":"Sword Boomerang"},{"not_picked":["Heavy Blade","Corruption"],"picked":"Armaments"},{"not_picked":["Warcry","Perfected Strike"],"picked":"Twin Strike"},{"not_picked":["Clothesline","Inflame"],"picked":"Entrench"},{"not_picked":["True Grit","Thunderclap"],"picked":"Twin Strike"},{"not_picked":["Sword Boomerang","Shrug It Off"],"picked":"Impervious"},{"not_picked":["Pommel Strike","Corruption"],"picked":"Iron Wave"},{"not_picked":["Intimidate","Clothesline"],"picked":"Armaments"},{"not_picked":["Impervious","Exhume"],"picked":"Berserk"},{"not_picked":["Sword Boomerang","Reckless Charge"],"picked":"Wild Strike"},{"not_picked":["Burning Pact","Clash"],"picked":"Ghostly Armor"},{"not_picked":["Inflame","Headbutt"],"picked":"Blood for Blood"}],"player_experience":82545,"potions_floor_usage":[22,23,23,23],"damage_taken":[{"damage":8.0,"enemies":"2 Louse","floor":1.0,"turns":3.0},{"damage":1.0,"enemies":"Cultist","floor":3.0,"turns":3.0},{"damage":16.0,"enemies":"Jaw Worm","floor":5.0,"turns":4.0},{"damage":33.0,"enemies":"Lots of Slimes","floor":7.0,"turns":6.0},{"damage":0.0,"enemies":"Large Slime","floor":11.0,"turns":3.0},{"damage":4.0,"enemies":"Lagavulin","floor":12.0,"turns":5.0},{"damage":4.0,"enemies":"Blue Slaver","floor":13.0,"turns":5.0},{"damage":3.0,"enemies":"3 Louse","floor":14.0,"turns":3.0},{"damage":57.0,"enemies":"The Guardian","floor":16.0,"turns":17.0},{"damage":35,"enemies":"Chosen","floor":18,"turns":6},{"damage":14,"enemies":"Shell Parasite","floor":20,"turns":7},{"damage":27,"enemies":"Centurion and Healer","floor":22,"turns":6},{"damage":30,"enemies":"Gremlin Leader","floor":23,"turns":5}],"event_choices":[{"event_name":"Golden Wing","player_choice":"Ignored","floor":4.0,"damage_taken":0.0},{"event_name":"Knowing Skull","player_choice":"CARD ","floor":21,"damage_taken":0}],"boss_relics":[],"potions_floor_spawned":[5,11,12,13,16,20,22],"seed_played":"-2214385615387865371","killed_by":"Gremlin Leader","ascension_level":1,"is_trial":false}