{"gold_per_floor":[119,136,136,211,211,211,245,245,245,261,280,298,298,327,327,327],"floor_reached":16,"playtime":384,"items_purged":[],"score":320,"play_id":"dea9f896-87b6-44dd-a237-03c9f0c5405b","local_time":"20190406205433","is_ascension_mode":true,"campfire_choices":[{"data":"Sunder","floor":6,"key":"SMITH"},{"data":"Zap","floor":8,"key":"SMITH"},{"data":"Consume","floor":13,"key":"SMITH"},{"data":"Stack","floor":15,"key":"SMITH"}],"neow_cost":"NONE","seed_source_timestamp":34510102970255,"circlet_count":0,"master_deck":["AscendersBane","Strike_B","Strike_B","Strike_B","Defend_B","Defend_B","Defend_B","Defend_B","Zap+1","Dualcast","Gash","Sunder+1","Consume+1","Steam","Machine Learning","Chill","Stack+1"],"relics":["Cracked Core","NeowsBlessing","Anchor","Strawberry","Ornamental Fan","Juzu Bracelet"],"potions_floor_usage":[16],"damage_taken":[{"damage":0,"enemies":"Cultist","floor":1,"turns":1},{"damage":0,"enemies":"Small Slimes","floor":2,"turns":1},{"damage":0,"enemies":"Lagavulin","floor":7,"turns":1},{"damage":0,"enemies":"2 Louse","floor":10,"turns":2},{"damage":4,"enemies":"Red Slaver","floor":11,"turns":2},{"damage":0,"enemies":"3 Louse","floor":12,"turns":2},{"damage":0,"enemies":"3 Sentries","floor":14,"turns":7},{"damage":41,"enemies":"Hexaghost","floor":16,"turns":7}],"seed_played":"-2872205144839435137","potions_obtained":[{"floor":7,"key":"GamblersBrew"},{"floor":10,"key":"Energy Potion"},{"floor":14,"key":"SteroidPotion"}],"is_trial":false,"path_per_floor":["M","M","?","?","?","R","E","R","T","M","M","M","R","E","R","B"],"character_chosen":"DEFECT","items_purchased":[],"campfire_rested":0,"item_purchase_floors":[],"current_hp_per_floor":[64,64,46,35,35,35,42,42,42,42,38,38,38,38,38,0],"gold":327,"neow_bonus":"THREE_ENEMY_KILL","is_prod":false,"is_daily":false,"chose_seed":false,"campfire_upgraded":4,"win_rate":0,"timestamp":1554576873,"path_taken":["M","?","?","?","?","R","E","R","T","?","M","M","R","E","R","BOSS"],"build_version":"2019-04-04","purchased_purges":0,"victory":false,"max_hp_per_floor":[71,71,71,71,71,71,78,78,78,78,78,78,78,78,78,78],"card_choices":[{"not_picked":["Rebound","Redo"],"picked":"Gash","floor":1},{"not_picked":["Darkness","Sweeping Beam"],"picked":"Sunder","floor":2},{"not_picked":["Static Discharge","Redo"],"picked":"Consume","floor":7},{"not_picked":["Steam Power","Recycle"],"picked":"Steam","floor":10},{"not_picked":["Rebound","Compile Driver"],"picked":"Machine Learning","floor":11},{"not_picked":["Gash","Barrage"],"picked":"Chill","floor":12},{"not_picked":["Stack","Double Energy","Beam Cell"],"picked":"SKIP","floor":14},{"not_picked":["Double Energy","Beam Cell"],"picked":"Stack","floor":14}],"player_experience":1072110,"relics_obtained":[{"floor":7,"key":"Strawberry"},{"floor":9,"key":"Ornamental Fan"},{"floor":14,"key":"Juzu Bracelet"}],"event_choices":[{"damage_healed":0,"gold_gain":0,"player_choice":"Success","damage_taken":18,"relics_obtained":["Anchor"],"max_hp_gain":0,"max_hp_loss":0,"event_name":"Scrap Ooze","floor":3,"gold_loss":0},{"damage_healed":0,"gold_gain":75,"player_choice":"Gather Gold","damage_taken":11,"max_hp_gain":0,"max_hp_loss":0,"event_name":"World of Goop","floor":4,"gold_loss":0},{"cards_removed":["Strike_B"],"damage_healed":0,"gold_gain":0,"player_choice":"Purged","damage_taken":0,"max_hp_gain":0,"max_hp_loss":0,"event_name":"Purifier","floor":5,"gold_loss":0}],"is_beta":true,"boss_relics":[],"items_purged_floors":[],"is_endless":false,"potions_floor_spawned":[7,10,12,14],"killed_by":"Hexaghost","ascension_level":20}