{"gold_per_floor":[112,127,302,28,28,28,28,48,71,88,117,131,56,74,74,173,173,190,170,189,209,109,136,136,136,136,136,11,11,37,53,53,153,153,164,181,181,196,94,127,127,158,458,458,471,486,33,133,133,133,133,133,10,38,38],"floor_reached":56,"playtime":6227,"items_purged":["Doubt","Strike_R","Strike_R"],"score":1333,"play_id":"6d2b4eb5-4f27-419f-b3b2-67a7adf1ca25","local_time":"20190405213053","is_ascension_mode":true,"campfire_choices":[{"data":"1","floor":6.0,"key":"LIFT"},{"data":"Inflame","floor":15.0,"key":"SMITH"},{"data":"2","floor":24.0,"key":"LIFT"},{"data":"3","floor":32.0,"key":"LIFT"},{"floor":41.0,"key":"REST"},{"floor":44.0,"key":"REST"},{"floor":49.0,"key":"RECALL"},{"floor":52.0,"key":"REST"}],"neow_cost":"PERCENT_DAMAGE","seed_source_timestamp":0,"circlet_count":0,"master_deck":["Strike_R","Strike_R","Strike_R","Defend_R","Defend_R","Defend_R","Defend_R","Bash","Shrug It Off","Intimidate","Apotheosis","Inflame+1","Flame Barrier","Bloodletting","Clothesline","Impervious","Pummel","Sword Boomerang+1","Havoc+1","Armaments+1","Inflame+1","Dual Wield","Demon Form+1","Battle Trance+1","Pommel Strike+1","Battle Trance+1","Pummel"],"special_seed":0,"relics":["Burning Blood","Girya","Champion Belt","Centennial Puzzle","Bottled Tornado","Fusion Hammer","Kunai","Boot","Busted Crown","Orichalcum","Gremlin Horn","Old Coin","FossilizedHelix","Lantern","Calipers","Blood Vial"],"potions_floor_usage":[55,55],"damage_taken":[{"damage":2.0,"enemies":"Jaw Worm","floor":1.0,"turns":5.0},{"damage":2.0,"enemies":"Small Slimes","floor":2.0,"turns":5.0},{"damage":0.0,"enemies":"Cultist","floor":8.0,"turns":4.0},{"damage":2.0,"enemies":"3 Louse","floor":10.0,"turns":5.0},{"damage":24.0,"enemies":"Gremlin Nob","floor":11.0,"turns":5.0},{"damage":13.0,"enemies":"Exordium Wildlife","floor":12.0,"turns":4.0},{"damage":6.0,"enemies":"Looter","floor":14.0,"turns":3.0},{"damage":18.0,"enemies":"Slime Boss","floor":16.0,"turns":10.0},{"damage":3.0,"enemies":"3 Byrds","floor":18.0,"turns":4.0},{"damage":3.0,"enemies":"Chosen","floor":20.0,"turns":3.0},{"damage":17.0,"enemies":"Centurion and Healer","floor":21.0,"turns":4.0},{"damage":8.0,"enemies":"Book of Stabbing","floor":23.0,"turns":3.0},{"damage":13.0,"enemies":"Slavers","floor":30.0,"turns":6.0},{"damage":10.0,"enemies":"Snecko","floor":31.0,"turns":4.0},{"damage":54.0,"enemies":"Automaton","floor":33.0,"turns":9.0},{"damage":6.0,"enemies":"Orb Walker","floor":35.0,"turns":2.0},{"damage":7.0,"enemies":"3 Darklings","floor":36.0,"turns":4.0},{"damage":5.0,"enemies":"4 Shapes","floor":38.0,"turns":5.0},{"damage":66.0,"enemies":"Nemesis","floor":40.0,"turns":7.0},{"damage":6.0,"enemies":"Giant Head","floor":42.0,"turns":6.0},{"damage":29.0,"enemies":"Jaw Worm Horde","floor":45.0,"turns":3.0},{"damage":3.0,"enemies":"Sphere and 2 Shapes","floor":46.0,"turns":4.0},{"damage":0.0,"enemies":"Mind Bloom Boss Battle","floor":48.0,"turns":4.0},{"damage":44.0,"enemies":"Donu and Deca","floor":50.0,"turns":10.0},{"damage":15,"enemies":"Shield and Spear","floor":54,"turns":4},{"damage":70,"enemies":"The Heart","floor":55,"turns":6}],"seed_played":"7150692919714782601","potions_obtained":[{"floor":2.0,"key":"PowerPotion"},{"floor":10.0,"key":"Block Potion"},{"floor":14.0,"key":"LiquidBronze"},{"floor":16.0,"key":"Regen Potion"},{"floor":18.0,"key":"Explosive Potion"},{"floor":19.0,"key":"Block Potion"},{"floor":21.0,"key":"SkillPotion"},{"floor":31.0,"key":"Ancient Potion"},{"floor":35.0,"key":"Weak Potion"},{"floor":42.0,"key":"FearPotion"},{"floor":45.0,"key":"Block Potion"}],"is_trial":false,"path_per_floor":["M","M","?","$","?","R","?","M","T","M","E","M","$","M","R","B",null,"M","?","M","M","$","E","R","?","T","$","$","?","E","M","R","B",null,"M","M","?","M","$","E","R","E","T","R","M","M","$","?","R","B",null,"R","$","E","B",null],"character_chosen":"IRONCLAD","items_purchased":["Apotheosis","Inflame","FairyPotion","FossilizedHelix","Lantern","Block Potion","GamblersBrew"],"campfire_rested":3,"item_purchase_floors":[4,4,39,47,47,53,53],"current_hp_per_floor":[60,64,64,64,64,64,52,58,58,62,44,37,37,37,37,25,80,80,80,80,79,79,77,77,77,77,77,77,77,70,66,66,18,80,80,79,79,80,80,20,44,44,44,68,45,48,48,54,54,16,80,80,80,71,9],"gold":38,"neow_bonus":"ONE_RARE_RELIC","is_prod":false,"is_daily":false,"chose_seed":false,"campfire_upgraded":1,"win_rate":0,"timestamp":1554517853,"path_taken":["M","M","?","$","?","R","?","M","T","?","E","M","$","M","R","BOSS","M","?","?","M","$","E","R","?","T","?","$","?","E","M","R","BOSS","M","?","?","M","$","E","R","E","T","R","M","?","$","?","R","BOSS","R","$","E","BOSS"],"build_version":"2019-01-23","purchased_purges":3,"victory":true,"max_hp_per_floor":[80,80,80,80,80,80,80,80,80,80,80,80,80,80,80,80,80,80,80,80,80,80,80,80,80,80,80,80,80,80,80,80,80,80,80,80,80,80,80,80,80,80,80,80,80,80,80,80,80,80,80,80,80,80,80],"card_choices":[{"not_picked":["Body Slam","Flex"],"picked":"Shrug It Off","floor":1.0},{"not_picked":["Feel No Pain","Sword Boomerang"],"picked":"Intimidate","floor":2.0},{"not_picked":["Thunderclap","Intimidate"],"picked":"Flame Barrier","floor":8.0},{"not_picked":["Hemokinesis","Twin Strike"],"picked":"Bloodletting","floor":10.0},{"not_picked":["Wild Strike","Thunderclap"],"picked":"Clothesline","floor":11.0},{"not_picked":["Ghostly Armor","Rage"],"picked":"Impervious","floor":12.0},{"not_picked":["Wild Strike","Havoc"],"picked":"Pummel","floor":14.0},{"not_picked":["Cleave","Twin Strike+1"],"picked":"Sword Boomerang+1","floor":18.0},{"not_picked":["Uppercut","Second Wind"],"picked":"Havoc+1","floor":20.0},{"not_picked":["Heavy Blade","Havoc+1","Iron Wave"],"picked":"SKIP","floor":21.0},{"not_picked":["Feed","Wild Strike"],"picked":"Armaments+1","floor":23.0},{"not_picked":["Clothesline","Wild Strike","Rupture"],"picked":"SKIP","floor":30.0},{"not_picked":["Rage","Perfected Strike"],"picked":"Dual Wield","floor":31.0},{"not_picked":["Bludgeon","Immolate"],"picked":"Demon Form","floor":33.0},{"not_picked":[],"picked":"Battle Trance+1","floor":35.0},{"not_picked":[],"picked":"Pommel Strike+1","floor":36.0},{"not_picked":["Flex"],"picked":"SKIP","floor":38.0},{"not_picked":["Dropkick"],"picked":"SKIP","floor":40.0},{"not_picked":["Fire Breathing+1"],"picked":"SKIP","floor":42.0},{"not_picked":[],"picked":"Battle Trance+1","floor":45.0},{"not_picked":["Iron Wave"],"picked":"SKIP","floor":46.0},{"not_picked":[],"picked":"Pummel","floor":54}],"player_experience":230675,"relics_obtained":[{"floor":9.0,"key":"Centennial Puzzle"},{"floor":11.0,"key":"Bottled Tornado"},{"floor":23.0,"key":"Kunai"},{"floor":30.0,"key":"Boot"},{"floor":40.0,"key":"Orichalcum"},{"floor":42.0,"key":"Gremlin Horn"},{"floor":43.0,"key":"Old Coin"},{"floor":48.0,"key":"Calipers"},{"floor":54,"key":"Blood Vial"}],"event_choices":[{"damage_healed":0.0,"max_hp_gain":0.0,"max_hp_loss":0.0,"gold_gain":175.0,"event_name":"Liars Game","player_choice":"AGREE","floor":3.0,"gold_loss":0.0,"damage_taken":0.0,"cards_obtained":["Doubt"]},{"damage_healed":0.0,"max_hp_gain":0.0,"max_hp_loss":0.0,"gold_gain":0.0,"event_name":"The Cleric","player_choice":"Leave","floor":5.0,"gold_loss":0.0,"damage_taken":0.0},{"damage_healed":0.0,"max_hp_gain":0.0,"max_hp_loss":0.0,"gold_gain":0.0,"event_name":"Scrap Ooze","player_choice":"Success","floor":7.0,"gold_loss":0.0,"damage_taken":12.0,"relics_obtained":["Champion Belt"]},{"damage_healed":0.0,"max_hp_gain":0.0,"max_hp_loss":0.0,"gold_gain":0.0,"event_name":"The Woman in Blue","player_choice":"Bought 1 Potion","floor":19.0,"gold_loss":0.0,"damage_taken":0.0},{"damage_healed":0.0,"max_hp_gain":0.0,"max_hp_loss":0.0,"gold_gain":0.0,"event_name":"Vampires","player_choice":"Ignored","floor":25.0,"gold_loss":0.0,"damage_taken":0.0},{"damage_healed":0.0,"max_hp_gain":0.0,"max_hp_loss":0.0,"gold_gain":0.0,"event_name":"Duplicator","player_choice":"Copied","floor":29.0,"gold_loss":0.0,"damage_taken":0.0,"cards_obtained":["Inflame"]},{"damage_healed":0.0,"max_hp_gain":0.0,"max_hp_loss":0.0,"gold_gain":0.0,"event_name":"Accursed Blacksmith","player_choice":"Forge","floor":37.0,"gold_loss":0.0,"damage_taken":0.0,"cards_upgraded":["Demon Form"]},{"damage_healed":0.0,"max_hp_gain":0.0,"max_hp_loss":0.0,"gold_gain":0.0,"event_name":"MindBloom","player_choice":"Fight","floor":48.0,"gold_loss":0.0,"damage_taken":0.0}],"is_beta":false,"boss_relics":[{"not_picked":["Coffee Dripper","Ectoplasm"],"picked":"Fusion Hammer"},{"not_picked":["Snecko Eye","Lizard Tail"],"picked":"Busted Crown"}],"items_purged_floors":[13,22,28],"is_endless":false,"potions_floor_spawned":[2,10,14,16,18,21,31,35,42,45,54],"ascension_level":3}