{"gold_per_floor":[110,210,222,234,245,279,7,7,7,32,32,44,72,86,86,185,185,196,196,196,196,206,206,234,334,334,334],"floor_reached":27,"playtime":1832,"items_purged":[],"score":402,"play_id":"4ff292f8-91a8-4105-8a85-41cb9f967ea8","local_time":"20180720113730","is_ascension_mode":true,"campfire_choices":[{"floor":11.0,"key":"REST"},{"floor":15.0,"key":"REST"},{"data":"Limit Break","floor":23.0,"key":"SMITH"}],"neow_cost":"","seed_source_timestamp":591774334358504,"circlet_count":0,"master_deck":["Defend_R+1","Defend_R+1","Defend_R+1","Defend_R+1","Bash","AscendersBane","Shrug It Off","Twin Strike","Flex","Limit Break","Limit Break+1","Flex","Iron Wave","Shrug It Off","Rampage","Ghostly Armor","Berserk+1","Fire Breathing+1","Decay","Bite","Bite","Bite","Bite","Bite","Cleave"],"special_seed":0,"relics":["Burning Blood","Pantograph","DollysMirror","Letter Opener","Kunai","Frozen Egg 2","Eternal Feather","Darkstone Periapt","Omamori"],"potions_floor_usage":[24,24,24],"damage_taken":[{"damage":3.0,"enemies":"2 Louse","floor":1.0,"turns":3.0},{"damage":5.0,"enemies":"Cultist","floor":3.0,"turns":6.0},{"damage":2.0,"enemies":"Small Slimes","floor":4.0,"turns":5.0},{"damage":11.0,"enemies":"Exordium Thugs","floor":5.0,"turns":5.0},{"damage":36.0,"enemies":"3 Sentries","floor":6.0,"turns":12.0},{"damage":55.0,"enemies":"Lagavulin","floor":10.0,"turns":8.0},{"damage":4.0,"enemies":"Large Slime","floor":12.0,"turns":7.0},{"damage":21.0,"enemies":"Gremlin Nob","floor":13.0,"turns":4.0},{"damage":6.0,"enemies":"Blue Slaver","floor":14.0,"turns":3.0},{"damage":42.0,"enemies":"The Guardian","floor":16.0,"turns":14.0},{"damage":58.0,"enemies":"Chosen","floor":18.0,"turns":7.0},{"damage":8.0,"enemies":"Spheric Guardian","floor":22.0,"turns":4.0},{"damage":39,"enemies":"Slavers","floor":24,"turns":5},{"damage":33,"enemies":"Chosen and Byrds","floor":27,"turns":6}],"seed_played":"6222821367590241110","potions_obtained":[{"floor":4.0,"key":"Strength Potion"},{"floor":10.0,"key":"GamblersBrew"},{"floor":13.0,"key":"GamblersBrew"},{"floor":16.0,"key":"Explosive Potion"},{"floor":18.0,"key":"Block Potion"},{"floor":22.0,"key":"Energy Potion"}],"is_trial":false,"path_per_floor":["M","?","M","M","M","E","$","?","T","E","R","M","E","M","R","B",null,"M","?","?","?","M","R","E","?","T"],"character_chosen":"IRONCLAD","items_purchased":["DollysMirror","Flex","Iron Wave"],"campfire_rested":2,"item_purchase_floors":[7,7,7],"current_hp_per_floor":[75,75,76,80,75,45,45,71,71,22,46,48,33,33,57,44,71,19,19,19,19,27,42,17,17,17,0],"gold":334,"neow_bonus":"","is_prod":false,"is_daily":false,"chose_seed":false,"campfire_upgraded":1,"win_rate":0,"timestamp":1532079450,"path_taken":["M","?","M","M","M","E","$","?","T","E","R","M","E","M","R","BOSS","M","?","?","?","M","R","E","?","T","?"],"build_version":"2018-07-19","purchased_purges":0,"victory":false,"max_hp_per_floor":[80,80,80,80,80,80,80,80,80,80,80,80,80,80,80,80,80,80,80,80,56,56,56,56,56,56,56],"card_choices":[{"not_picked":["Evolve","Sword Boomerang"],"picked":"Shrug It Off","floor":1.0},{"not_picked":["Perfected Strike","Combust"],"picked":"Twin Strike","floor":3.0},{"not_picked":["Perfected Strike","Clothesline","Dropkick"],"picked":"SKIP","floor":4.0},{"not_picked":["Fire Breathing","Hemokinesis"],"picked":"Flex","floor":5.0},{"not_picked":["Perfected Strike","Sever Soul"],"picked":"Limit Break","floor":6.0},{"not_picked":["Sword Boomerang","Fire Breathing"],"picked":"Shrug It Off","floor":10.0},{"not_picked":["Clash","Sword Boomerang"],"picked":"Rampage","floor":12.0},{"not_picked":["Spot Weakness","Anger"],"picked":"Ghostly Armor","floor":13.0},{"not_picked":["Dual Wield","Flex","Clothesline"],"picked":"SKIP","floor":14.0},{"not_picked":["Feed","Limit Break"],"picked":"Berserk+1","floor":16.0},{"not_picked":["Body Slam","Flame Barrier"],"picked":"Fire Breathing+1","floor":18.0},{"not_picked":["Carnage","Clash+1"],"picked":"Cleave","floor":22.0},{"not_picked":["Combust+1","Immolate","Anger+1"],"picked":"SKIP","floor":24}],"player_experience":410010,"relics_obtained":[{"floor":6.0,"key":"Pantograph"},{"floor":9.0,"key":"Letter Opener"},{"floor":10.0,"key":"Kunai"},{"floor":13.0,"key":"Frozen Egg 2"},{"floor":24,"key":"Darkstone Periapt"},{"floor":26,"key":"Omamori"}],"event_choices":[{"event_name":"Golden Shrine","player_choice":"Pray","floor":2.0,"damage_taken":0.0},{"event_name":"Big Fish","player_choice":"Banana","floor":8.0,"damage_taken":0.0},{"event_name":"Forgotten Altar","player_choice":"Smashed Altar","floor":19.0,"damage_taken":0.0},{"event_name":"Back to Basics","player_choice":"Simplicity","floor":20.0,"damage_taken":0.0},{"event_name":"Vampires","player_choice":"Became a vampire","floor":21.0,"damage_taken":0.0},{"event_name":"Golden Shrine","player_choice":"Pray","floor":25,"damage_taken":0}],"is_beta":true,"boss_relics":[{"not_picked":["Busted Crown","Runic Pyramid"],"picked":"Eternal Feather"}],"items_purged_floors":[],"is_endless":false,"potions_floor_spawned":[4,10,13,16,18,22],"killed_by":"Chosen and Byrds","ascension_level":10}