{"gold_per_floor":[118,83,101,112,40,73,73,107,131,131,30,30,30,40,40,142,142,158,174,187,10,10,10,38,50,74,94,113,113],"floor_reached":29,"playtime":4801,"items_purged":["Strike_G","Strike_G"],"score":255,"play_id":"368922c0-e347-40f0-84e2-8affe06d4eb1","local_time":"20190320194424","is_ascension_mode":false,"campfire_choices":[{"data":"Noxious Fumes","floor":7.0,"key":"SMITH"},{"data":"Deadly Poison","floor":10.0,"key":"SMITH"},{"data":"Well Laid Plans","floor":13.0,"key":"SMITH"},{"data":"Backflip","floor":15.0,"key":"SMITH"},{"data":"Cloak And Dagger","floor":23.0,"key":"SMITH"}],"neow_cost":"NONE","seed_source_timestamp":0,"circlet_count":0,"master_deck":["Defend_G","Defend_G","Defend_G","Defend_G","Defend_G","Strike_G","Strike_G","Survivor","Neutralize","Well Laid Plans+1","Backflip+1","Dagger Throw","Cloak And Dagger+1","Noxious Fumes+1","Underhanded Strike","Deadly Poison+1","Deflect","Envenom","Prepared+1","Infinite Blades","Bane"],"special_seed":0,"relics":["Ring of the Snake","Anchor","Snake Skull","Potion Belt","Busted Crown","Boot","Happy Flower"],"potions_floor_usage":[29],"damage_taken":[{"damage":9.0,"enemies":"Jaw Worm","floor":1.0,"turns":5.0},{"damage":0.0,"enemies":"2 Louse","floor":3.0,"turns":3.0},{"damage":0.0,"enemies":"Small Slimes","floor":4.0,"turns":3.0},{"damage":3.0,"enemies":"3 Sentries","floor":6.0,"turns":8.0},{"damage":24.0,"enemies":"Gremlin Nob","floor":8.0,"turns":5.0},{"damage":0.0,"enemies":"Exordium Wildlife","floor":14.0,"turns":3.0},{"damage":31.0,"enemies":"Slime Boss","floor":16.0,"turns":11.0},{"damage":16.0,"enemies":"Spheric Guardian","floor":18.0,"turns":6.0},{"damage":10.0,"enemies":"2 Thieves","floor":19.0,"turns":4.0},{"damage":0.0,"enemies":"Cultist and Chosen","floor":20.0,"turns":4.0},{"damage":27.0,"enemies":"Slavers","floor":24.0,"turns":7.0},{"damage":16.0,"enemies":"Centurion and Healer","floor":25.0,"turns":6.0},{"damage":7.0,"enemies":"Snecko","floor":27.0,"turns":6.0},{"damage":0.0,"enemies":"Snake Plant","floor":28.0,"turns":3.0},{"damage":11,"enemies":"Gremlin Leader","floor":29,"turns":3}],"seed_played":"-4482139775477547523","potions_obtained":[{"floor":6.0,"key":"PowerPotion"},{"floor":14.0,"key":"Swift Potion"},{"floor":20.0,"key":"Regen Potion"},{"floor":25.0,"key":"Swift Potion"},{"floor":27.0,"key":"Explosive Potion"}],"is_trial":false,"path_per_floor":["M","?","M","M","$","E","R","E","T","R","$","?","R","M","R","B",null,"M","M","M","$","?","R","E","M","T","M","M","E"],"character_chosen":"THE_SILENT","items_purchased":["Noxious Fumes","Deflect","Infinite Blades"],"campfire_rested":0,"item_purchase_floors":[5,11,21],"current_hp_per_floor":[61,70,70,70,70,67,67,43,43,43,43,43,43,43,43,12,70,54,44,44,44,44,44,32,16,16,9,9,0],"gold":113,"neow_bonus":"TRANSFORM_CARD","is_prod":false,"is_daily":false,"chose_seed":false,"campfire_upgraded":5,"win_rate":0,"timestamp":1553129064,"path_taken":["M","?","M","M","$","E","R","E","T","R","$","?","R","M","R","BOSS","M","M","M","$","?","R","E","M","T","M","M","E"],"build_version":"2019-01-23","purchased_purges":2,"victory":false,"max_hp_per_floor":[70,70,70,70,70,70,70,70,70,70,70,70,70,70,70,70,70,70,70,70,70,70,70,70,70,70,70,70,70],"card_choices":[{"not_picked":["Blade Dance","Cloak And Dagger"],"picked":"Backflip","floor":1.0},{"not_picked":["Sucker Punch","Expertise"],"picked":"Dagger Throw","floor":3.0},{"not_picked":["Slice","Well Laid Plans"],"picked":"Cloak And Dagger","floor":4.0},{"not_picked":["Acrobatics","Cloak And Dagger"],"picked":"Underhanded Strike","floor":6.0},{"not_picked":["Skewer","Flying Knee"],"picked":"Deadly Poison","floor":8.0},{"not_picked":["Distraction","PiercingWail","Storm of Steel"],"picked":"SKIP","floor":14.0},{"not_picked":["Night Terror","Burst"],"picked":"Envenom","floor":16.0},{"not_picked":["Sucker Punch"],"picked":"SKIP","floor":18.0},{"not_picked":["Expertise"],"picked":"SKIP","floor":19.0},{"not_picked":[],"picked":"Prepared+1","floor":20.0},{"not_picked":["Acrobatics"],"picked":"SKIP","floor":24.0},{"not_picked":["Blade Dance"],"picked":"SKIP","floor":25.0},{"not_picked":[],"picked":"Bane","floor":27.0},{"not_picked":["Underhanded Strike"],"picked":"SKIP","floor":28}],"player_experience":84609,"relics_obtained":[{"floor":6.0,"key":"Anchor"},{"floor":8.0,"key":"Snake Skull"},{"floor":9.0,"key":"Potion Belt"},{"floor":24.0,"key":"Boot"},{"floor":26.0,"key":"Happy Flower"}],"event_choices":[{"damage_healed":17.0,"max_hp_gain":0.0,"max_hp_loss":0.0,"gold_gain":0.0,"event_name":"The Cleric","player_choice":"Healed","floor":2.0,"gold_loss":35.0,"damage_taken":0.0},{"damage_healed":0.0,"max_hp_gain":0.0,"max_hp_loss":0.0,"gold_gain":0.0,"event_name":"Liars Game","player_choice":"Ignored","floor":12.0,"gold_loss":0.0,"damage_taken":0.0}],"is_beta":false,"boss_relics":[{"not_picked":["Runic Dome","Ring of the Serpent"],"picked":"Busted Crown"}],"items_purged_floors":[11,21],"is_endless":false,"potions_floor_spawned":[6,14,20,25,27],"killed_by":"Gremlin Leader","ascension_level":0}