{"gold_per_floor":[110,35,35,52,64,95,95,108,131,163,163,163,180,255,255,331,331,346,346,357,357,357,389,405,405,487,179,199,230,241,261,261,335,335,351,351,161,161,21,21,35,35,90,90,103,29,40,70,70,70],"floor_reached":51,"playtime":2527,"items_purged":["Doubt","Pain"],"score":1325,"play_id":"d3c3c250-648c-477c-9304-721272f4b554","local_time":"20190401232341","is_ascension_mode":true,"campfire_choices":[{"floor":7.0,"key":"REST"},{"data":"Deflect","floor":11.0,"key":"SMITH"},{"floor":15.0,"key":"REST"},{"data":"Catalyst","floor":25.0,"key":"SMITH"},{"data":"Deflect","floor":32.0,"key":"SMITH"},{"data":"Apotheosis","floor":40.0,"key":"SMITH"},{"data":"Footwork","floor":42.0,"key":"SMITH"},{"data":"Crippling Poison","floor":49.0,"key":"SMITH"}],"neow_cost":"CURSE","seed_source_timestamp":24228632788398,"circlet_count":0,"master_deck":["AscendersBane","Defend_G","Defend_G","Defend_G","Defend_G","Defend_G","Strike_G","Strike_G","Strike_G","Survivor","Neutralize","Slice","Infinite Blades","Bouncing Flask","Crippling Poison+1","Catalyst+1","Deflect+1","Deflect+1","Corpse Explosion","Caltrops","Deadly Poison","Dagger Throw+1","Dagger Throw+1","Flying Knee+1","Escape Plan","Sucker Punch+1","Tools of the Trade","Slice+1","Madness","Madness","Footwork+1","Apotheosis+1","Flash of Steel+1","Mind Blast+1","Slice+1","Tools of the Trade","Die Die Die+1"],"special_seed":0,"relics":["Ring of the Snake","Bird Faced Urn","Bag of Preparation","Bag of Marbles","Coffee Dripper","Nloth\u0027s Gift","Molten Egg 2","WarpedTongs","Meat on the Bone","Pantograph","Toy Ornithopter","Snake Skull","Eternal Feather","Oddly Smooth Stone","Vajra","Turnip"],"potions_floor_usage":[50,50],"damage_taken":[{"damage":4.0,"enemies":"Small Slimes","floor":1.0,"turns":4.0},{"damage":2.0,"enemies":"Cultist","floor":4.0,"turns":4.0},{"damage":6.0,"enemies":"Jaw Worm","floor":5.0,"turns":6.0},{"damage":27.0,"enemies":"3 Sentries","floor":6.0,"turns":13.0},{"damage":5.0,"enemies":"Red Slaver","floor":8.0,"turns":4.0},{"damage":18.0,"enemies":"Gremlin Nob","floor":10.0,"turns":4.0},{"damage":0.0,"enemies":"3 Louse","floor":13.0,"turns":4.0},{"damage":12.0,"enemies":"The Guardian","floor":16.0,"turns":10.0},{"damage":13.0,"enemies":"3 Byrds","floor":18.0,"turns":3.0},{"damage":9.0,"enemies":"Shell Parasite","floor":20.0,"turns":4.0},{"damage":25.0,"enemies":"Gremlin Leader","floor":23.0,"turns":4.0},{"damage":8.0,"enemies":"Snecko","floor":24.0,"turns":4.0},{"damage":15.0,"enemies":"Snake Plant","floor":28.0,"turns":4.0},{"damage":37.0,"enemies":"Book of Stabbing","floor":29.0,"turns":6.0},{"damage":4.0,"enemies":"Cultist and Chosen","floor":30.0,"turns":5.0},{"damage":19.0,"enemies":"Centurion and Healer","floor":31.0,"turns":6.0},{"damage":30.0,"enemies":"Automaton","floor":33.0,"turns":8.0},{"damage":8.0,"enemies":"Orb Walker","floor":35.0,"turns":4.0},{"damage":7.0,"enemies":"3 Darklings","floor":41.0,"turns":2.0},{"damage":5.0,"enemies":"4 Shapes","floor":45.0,"turns":7.0},{"damage":0.0,"enemies":"Transient","floor":47.0,"turns":5.0},{"damage":57.0,"enemies":"Reptomancer","floor":48.0,"turns":6.0},{"damage":58,"enemies":"Donu and Deca","floor":50,"turns":6}],"seed_played":"-7920099524399037017","potions_obtained":[{"floor":4.0,"key":"GhostInAJar"},{"floor":8.0,"key":"SteroidPotion"},{"floor":10.0,"key":"Weak Potion"},{"floor":23.0,"key":"SteroidPotion"},{"floor":28.0,"key":"Strength Potion"},{"floor":29.0,"key":"LiquidBronze"},{"floor":31.0,"key":"Dexterity Potion"},{"floor":47.0,"key":"Block Potion"},{"floor":48.0,"key":"PowerPotion"}],"is_trial":false,"path_per_floor":["M","$","?","M","M","E","R","M","T","E","R","?","M","?","R","B",null,"M","?","M","T","?","E","M","R","T","$","M","E","M","M","R","B",null,"M","?","$","?","$","R","M","R","T","?","M","$","M","E","R","B",null],"character_chosen":"THE_SILENT","items_purchased":["Toy Ornithopter","Footwork","Oddly Smooth Stone","SkillPotion","Mind Blast+1","Tools of the Trade"],"campfire_rested":2,"item_purchase_floors":[27,37,37,39,39,46],"current_hp_per_floor":[55,55,55,53,49,24,43,40,40,24,24,24,26,15,34,24,56,45,45,40,40,40,19,25,25,25,25,34,18,33,28,28,44,61,59,47,47,42,42,60,55,66,66,66,66,66,66,25,46,31],"gold":70,"neow_bonus":"ONE_RARE_RELIC","is_prod":false,"is_daily":false,"chose_seed":false,"campfire_upgraded":6,"win_rate":0,"timestamp":1554186221,"path_taken":["M","$","?","?","M","E","R","M","T","E","R","?","?","?","R","BOSS","M","?","?","?","?","E","?","R","T","$","M","E","?","M","R","BOSS","M","?","$","?","$","R","M","R","T","?","?","?","M","E","R","BOSS"],"build_version":"2019-01-23","purchased_purges":2,"victory":true,"max_hp_per_floor":[66,66,66,66,66,66,66,66,66,66,66,66,66,66,66,66,66,66,66,66,66,66,66,66,66,66,66,66,66,66,66,66,66,66,66,66,66,66,66,66,66,66,66,66,66,66,66,66,66,66],"card_choices":[{"not_picked":["Catalyst","Concentrate","Terror"],"picked":"SKIP","floor":1.0},{"not_picked":["Underhanded Strike","Choke"],"picked":"Infinite Blades","floor":4.0},{"not_picked":["PiercingWail","Riddle With Holes"],"picked":"Bouncing Flask","floor":5.0},{"not_picked":["Predator","Sucker Punch"],"picked":"Crippling Poison","floor":6.0},{"not_picked":["Blade Dance","Expertise"],"picked":"Catalyst","floor":8.0},{"not_picked":["Leg Sweep","Prepared"],"picked":"Deflect","floor":10.0},{"not_picked":["Riddle With Holes","Flechettes"],"picked":"Deflect","floor":13.0},{"not_picked":["Doppelganger","Grand Finale"],"picked":"Corpse Explosion","floor":16.0},{"not_picked":["PiercingWail","Bane"],"picked":"Caltrops","floor":18.0},{"not_picked":["Reflex+1","Skewer"],"picked":"Deadly Poison","floor":20.0},{"not_picked":["Dodge and Roll","Outmaneuver","PiercingWail"],"picked":"SKIP","floor":23.0},{"not_picked":["Prepared","Setup"],"picked":"Dagger Throw+1","floor":24.0},{"not_picked":["Deflect","Prepared"],"picked":"Dagger Throw+1","floor":28.0},{"not_picked":["Blade Dance","Crippling Poison"],"picked":"Flying Knee+1","floor":29.0},{"not_picked":["Catalyst","Dodge and Roll"],"picked":"Escape Plan","floor":30.0},{"not_picked":["Envenom","Poisoned Stab+1"],"picked":"Sucker Punch+1","floor":31.0},{"not_picked":["Night Terror","Doppelganger"],"picked":"Tools of the Trade","floor":33.0},{"not_picked":["Underhanded Strike+1","Flying Knee+1"],"picked":"Slice+1","floor":35.0},{"not_picked":["Jack Of All Trades","Discovery"],"picked":"Apotheosis","floor":38.0},{"not_picked":["Finesse","Panacea"],"picked":"Flash of Steel+1","floor":38.0},{"not_picked":["Dagger Spray+1","Grand Finale+1"],"picked":"Slice+1","floor":41.0},{"not_picked":["Prepared","Underhanded Strike+1","Sucker Punch+1"],"picked":"SKIP","floor":45.0},{"not_picked":["Expertise+1","Outmaneuver+1","Flying Knee+1"],"picked":"SKIP","floor":47.0},{"not_picked":["Blade Dance+1","Prepared+1"],"picked":"Die Die Die+1","floor":48.0}],"player_experience":679198,"relics_obtained":[{"floor":6.0,"key":"Centennial Puzzle"},{"floor":9.0,"key":"Bag of Preparation"},{"floor":10.0,"key":"Bag of Marbles"},{"floor":21.0,"key":"Molten Egg 2"},{"floor":23.0,"key":"Meat on the Bone"},{"floor":26.0,"key":"Pantograph"},{"floor":29.0,"key":"Snake Skull"},{"floor":43.0,"key":"Vajra"},{"floor":48.0,"key":"Turnip"}],"event_choices":[{"damage_healed":0.0,"max_hp_gain":0.0,"max_hp_loss":0.0,"gold_gain":0.0,"cards_transformed":["Strike_G"],"event_name":"Transmorgrifier","player_choice":"Transformed","floor":3.0,"gold_loss":0.0,"damage_taken":0.0,"cards_obtained":["Slice"]},{"cards_removed":["Strike_G"],"damage_healed":0.0,"max_hp_gain":0.0,"max_hp_loss":0.0,"gold_gain":0.0,"event_name":"Bonfire Elementals","player_choice":"Offered Basic","floor":12.0,"gold_loss":0.0,"damage_taken":0.0},{"damage_healed":0.0,"max_hp_gain":0.0,"max_hp_loss":0.0,"gold_gain":75.0,"event_name":"World of Goop","player_choice":"Gather Gold","floor":14.0,"gold_loss":0.0,"damage_taken":11.0},{"damage_healed":0.0,"max_hp_gain":0.0,"max_hp_loss":0.0,"gold_gain":0.0,"event_name":"N\u0027loth","player_choice":"Traded Relic","floor":19.0,"relics_lost":["Centennial Puzzle"],"gold_loss":0.0,"damage_taken":0.0,"relics_obtained":["Nloth\u0027s Gift"]},{"damage_healed":0.0,"max_hp_gain":0.0,"max_hp_loss":0.0,"gold_gain":0.0,"event_name":"Accursed Blacksmith","player_choice":"Rummage","floor":22.0,"gold_loss":0.0,"damage_taken":0.0,"relics_obtained":["WarpedTongs"],"cards_obtained":["Pain"]},{"damage_healed":0.0,"max_hp_gain":0.0,"max_hp_loss":0.0,"gold_gain":0.0,"event_name":"Winding Halls","player_choice":"Embrace Madness","floor":36.0,"gold_loss":0.0,"damage_taken":12.0,"cards_obtained":["Madness","Madness"]},{"damage_healed":0.0,"max_hp_gain":0.0,"max_hp_loss":0.0,"gold_gain":0.0,"event_name":"SensoryStone","player_choice":"Memory 2","floor":38.0,"gold_loss":0.0,"damage_taken":5.0},{"damage_healed":0.0,"max_hp_gain":0.0,"max_hp_loss":0.0,"gold_gain":0.0,"event_name":"FaceTrader","player_choice":"Leave","floor":44.0,"gold_loss":0.0,"damage_taken":0.0}],"is_beta":false,"boss_relics":[{"not_picked":["Lizard Tail","Empty Cage"],"picked":"Coffee Dripper"},{"not_picked":["White Beast Statue","Philosopher\u0027s Stone"],"picked":"Eternal Feather"}],"items_purged_floors":[2,27],"is_endless":false,"potions_floor_spawned":[4,8,10,16,23,28,29,31,47,48],"ascension_level":15}