{"gold_per_floor":[114,114,114,114,129,160,160,23,23,42,42,42,66,101,101,101],"floor_reached":16,"playtime":315,"items_purged":[],"score":266,"play_id":"1f238fa1-b377-4aa5-982a-785cff7ef540","local_time":"20190410220820","is_ascension_mode":true,"campfire_choices":[{"data":"Zap","floor":12,"key":"SMITH"},{"data":"Conserve Battery","floor":15,"key":"SMITH"}],"neow_cost":"NONE","seed_source_timestamp":30977303549691,"circlet_count":0,"master_deck":["AscendersBane","Strike_B+1","Strike_B","Strike_B+1","Strike_B","Defend_B","Defend_B","Defend_B","Defend_B","Zap+1","Dualcast","Coolheaded","Sunder+1","Conserve Battery+1","Cold Snap","Ball Lightning"],"relics":["Cracked Core","NeowsBlessing","Golden Idol","Letter Opener","Singing Bowl","Matryoshka","Mummified Hand","PreservedInsect"],"potions_floor_usage":[16,16],"damage_taken":[{"damage":0,"enemies":"Jaw Worm","floor":1,"turns":1},{"damage":0,"enemies":"2 Louse","floor":5,"turns":1},{"damage":0,"enemies":"3 Sentries","floor":6,"turns":1},{"damage":0,"enemies":"Cultist","floor":10,"turns":2},{"damage":0,"enemies":"Looter","floor":13,"turns":2},{"damage":28,"enemies":"Lagavulin","floor":14,"turns":6},{"damage":30,"enemies":"Hexaghost","floor":16,"turns":7}],"seed_played":"6599760907934709493","potions_obtained":[{"floor":6,"key":"GamblersBrew"}],"is_trial":false,"path_per_floor":["M","?","?","T","M","E","?","$","T","M","?","R","M","E","R","B"],"character_chosen":"DEFECT","items_purchased":["Regen Potion","Cold Snap"],"campfire_rested":0,"item_purchase_floors":[8,8],"current_hp_per_floor":[64,64,45,45,45,45,45,45,45,47,36,36,38,10,10,0],"gold":101,"neow_bonus":"THREE_ENEMY_KILL","is_prod":false,"is_daily":false,"chose_seed":false,"campfire_upgraded":2,"win_rate":0,"timestamp":1554926900,"path_taken":["M","?","?","?","M","E","?","$","T","M","?","R","?","E","R","BOSS"],"build_version":"2019-04-04","purchased_purges":0,"victory":false,"max_hp_per_floor":[71,64,64,64,64,64,64,64,64,66,66,66,68,68,68,68],"card_choices":[{"not_picked":["Steam","Barrage"],"picked":"Coolheaded","floor":1},{"not_picked":["Steam","Hello World"],"picked":"Sunder","floor":5},{"not_picked":["Heatsinks","Sweeping Beam"],"picked":"Conserve Battery","floor":6},{"not_picked":["Skim","Cold Snap","Gash"],"picked":"Singing Bowl","floor":10},{"not_picked":["Static Discharge","Cold Snap","Coolheaded"],"picked":"Singing Bowl","floor":13},{"not_picked":["Steam Power","Barrage"],"picked":"Ball Lightning","floor":14}],"player_experience":1097852,"relics_obtained":[{"floor":4,"key":"Letter Opener"},{"floor":6,"key":"Singing Bowl"},{"floor":9,"key":"Matryoshka"},{"floor":14,"key":"PreservedInsect"}],"event_choices":[{"damage_healed":0,"gold_gain":0,"player_choice":"Lose Max HP","damage_taken":0,"relics_obtained":["Golden Idol"],"max_hp_gain":0,"max_hp_loss":7,"event_name":"Golden Idol","floor":2,"gold_loss":0},{"damage_healed":0,"gold_gain":0,"player_choice":"Entered Light","damage_taken":19,"max_hp_gain":0,"max_hp_loss":0,"event_name":"Shining Light","floor":3,"gold_loss":0,"cards_upgraded":["Strike_B","Strike_B"]},{"damage_healed":0,"gold_gain":0,"player_choice":"Grow","damage_taken":0,"max_hp_gain":0,"max_hp_loss":0,"event_name":"Living Wall","floor":7,"gold_loss":0,"cards_upgraded":["Sunder"]},{"damage_healed":0,"gold_gain":0,"player_choice":"Success","damage_taken":11,"relics_obtained":["Mummified Hand"],"max_hp_gain":0,"max_hp_loss":0,"event_name":"Scrap Ooze","floor":11,"gold_loss":0}],"is_beta":true,"boss_relics":[],"items_purged_floors":[],"is_endless":false,"potions_floor_spawned":[6],"killed_by":"Hexaghost","ascension_level":20}