{"gold_per_floor":[112,125,200,200,200,225,245,280,292,304,316,328,357,17,17,96,96,111,111,126,126,126,155,155,187,210,210,224,224,250,260,260,337,337,347,365,381,283,293,293,326,346,369,397,414,445,6,21,21,21,21,21,21,21,47,47],"floor_reached":57,"playtime":4788,"items_purged":["Regret","Parasite"],"score":2920,"play_id":"4d44e652-9526-4309-81be-2126c6e86d2b","local_time":"20190411013541","is_ascension_mode":true,"campfire_choices":[{"floor":10.0,"key":"DIG"},{"floor":12.0,"key":"DIG"},{"floor":15.0,"key":"DIG"},{"floor":24.0,"key":"DIG"},{"floor":27.0,"key":"DIG"},{"floor":29.0,"key":"RECALL"},{"data":"Biased Cognition","floor":32.0,"key":"SMITH"},{"floor":40.0,"key":"DIG"},{"floor":49.0,"key":"DIG"},{"floor":53,"key":"DIG"}],"neow_cost":"NONE","seed_source_timestamp":0,"circlet_count":0,"master_deck":["AscendersBane","Strike_B","Strike_B","Defend_B","Defend_B","Defend_B","Defend_B","Zap","Dualcast","Defragment+1","Glacier","Genetic Algorithm","Gash","Doom and Gloom","Self Repair","Echo Form","White Noise+1","Machine Learning","Rainbow+1","Steam+1","Glacier+1","Biased Cognition+1","Compile Driver+1","Core Surge","Capacitor","Coolheaded+1","Blizzard+1","Meteor Strike","Coolheaded+1","Hologram+1"],"special_seed":0,"relics":["Cracked Core","NeowsBlessing","Meat on the Bone","Nunchaku","MawBank","Shovel","PreservedInsect","Ornamental Fan","Gambling Chip","Toxic Egg 2","Bronze Scales","Sozu","Lantern","Centennial Puzzle","StoneCalendar","Oddly Smooth Stone","Regal Pillow","Letter Opener","Runic Pyramid","Potion Belt","Emotion Chip","Strawberry","Ancient Tea Set","Bag of Preparation","Symbiotic Virus","Dead Branch","Blood Vial","Pantograph","Happy Flower"],"potions_floor_usage":[56],"damage_taken":[{"damage":0.0,"enemies":"Small Slimes","floor":1.0,"turns":1.0},{"damage":0.0,"enemies":"2 Louse","floor":2.0,"turns":1.0},{"damage":0.0,"enemies":"3 Sentries","floor":6.0,"turns":1.0},{"damage":3.0,"enemies":"Jaw Worm","floor":7.0,"turns":5.0},{"damage":31.0,"enemies":"Gremlin Nob","floor":8.0,"turns":4.0},{"damage":5.0,"enemies":"2 Fungi Beasts","floor":13.0,"turns":5.0},{"damage":21.0,"enemies":"Slime Boss","floor":16.0,"turns":12.0},{"damage":14.0,"enemies":"3 Byrds","floor":18.0,"turns":3.0},{"damage":0.0,"enemies":"Spheric Guardian","floor":20.0,"turns":4.0},{"damage":0.0,"enemies":"Book of Stabbing","floor":23.0,"turns":5.0},{"damage":16.0,"enemies":"Gremlin Leader","floor":25.0,"turns":6.0},{"damage":7.0,"enemies":"Shelled Parasite and Fungi","floor":28.0,"turns":7.0},{"damage":17.0,"enemies":"Slavers","floor":30.0,"turns":5.0},{"damage":0.0,"enemies":"Snecko","floor":31.0,"turns":5.0},{"damage":4.0,"enemies":"Champ","floor":33.0,"turns":14.0},{"damage":2.0,"enemies":"3 Darklings","floor":35.0,"turns":5.0},{"damage":0.0,"enemies":"Orb Walker","floor":36.0,"turns":5.0},{"damage":5.0,"enemies":"3 Darklings","floor":37.0,"turns":6.0},{"damage":5.0,"enemies":"Jaw Worm Horde","floor":39.0,"turns":5.0},{"damage":1.0,"enemies":"Reptomancer","floor":41.0,"turns":9.0},{"damage":0.0,"enemies":"Maw","floor":42.0,"turns":7.0},{"damage":2.0,"enemies":"Giant Head","floor":44.0,"turns":10.0},{"damage":6.0,"enemies":"Writhing Mass","floor":45.0,"turns":6.0},{"damage":40.0,"enemies":"Reptomancer","floor":46.0,"turns":7.0},{"damage":0.0,"enemies":"Transient","floor":48.0,"turns":6.0},{"damage":33,"enemies":"Awakened One","floor":50,"turns":15},{"damage":26,"enemies":"Time Eater","floor":51,"turns":11},{"damage":12,"enemies":"Shield and Spear","floor":55,"turns":7},{"damage":55,"enemies":"The Heart","floor":56,"turns":8}],"seed_played":"-7888406347117223835","potions_obtained":[{"floor":8.0,"key":"Ancient Potion"}],"is_trial":false,"path_per_floor":["M","M","?","?","?","E","M","E","T","R","?","R","M","$","R","B",null,"M","?","M","?","?","E","R","E","T","R","M","R","E","M","R","B",null,"M","M","M","?","M","R","E","M","T","E","M","E","$","M","R","B","B",null,"R","$","E","B",null],"character_chosen":"DEFECT","items_purchased":["Toxic Egg 2","Dead Branch"],"campfire_rested":0,"item_purchase_floors":[14,47],"current_hp_per_floor":[64,64,53,53,53,53,50,31,31,31,20,20,27,27,27,25,60,60,60,71,71,71,71,71,62,62,62,62,62,59,71,71,71,71,71,71,66,66,71,71,78,78,78,78,78,64,64,71,71,54,49,69,69,69,66,39],"gold":47,"neow_bonus":"THREE_ENEMY_KILL","is_prod":false,"is_daily":false,"chose_seed":false,"campfire_upgraded":1,"win_rate":0,"timestamp":1554939341,"path_taken":["M","M","?","?","?","E","M","E","T","R","?","R","M","$","R","BOSS","M","?","M","?","?","E","R","E","T","R","M","R","E","M","R","BOSS","M","?","M","?","M","R","E","M","T","E","M","E","$","M","R","BOSS","BOSS","R","$","E","BOSS"],"build_version":"2019-04-04","purchased_purges":2,"victory":true,"max_hp_per_floor":[71,71,71,71,71,71,71,71,71,71,71,71,71,71,71,71,71,71,71,71,71,71,71,71,71,71,71,71,71,71,71,71,71,71,71,71,71,71,71,71,78,78,78,78,78,78,75,75,75,75,75,75,75,75,75,75],"card_choices":[{"not_picked":["Conserve Battery","Beam Cell"],"picked":"Defragment","floor":1.0},{"not_picked":["Rebound","Capacitor"],"picked":"Glacier","floor":2.0},{"not_picked":["Aggregate","Streamline"],"picked":"Genetic Algorithm","floor":6.0},{"not_picked":["Go for the Eyes","Beam Cell"],"picked":"Gash","floor":7.0},{"not_picked":["Blizzard","Stack"],"picked":"Doom and Gloom","floor":8.0},{"not_picked":["Streamline","Reprogram"],"picked":"Self Repair","floor":13.0},{"not_picked":["Rainbow+1","Biased Cognition"],"picked":"Echo Form","floor":16.0},{"not_picked":["Leap+1","Streamline"],"picked":"White Noise+1","floor":18.0},{"not_picked":["Compile Driver","Rip and Tear"],"picked":"Steam+1","floor":20.0},{"not_picked":["Auto Shields+1","Cold Snap"],"picked":"Biased Cognition","floor":23.0},{"not_picked":["FTL","Go for the Eyes","Reinforced Body+1"],"picked":"SKIP","floor":25.0},{"not_picked":["Loop","Barrage"],"picked":"Compile Driver+1","floor":28.0},{"not_picked":["Cold Snap","Double Energy+1","Redo+1"],"picked":"SKIP","floor":30.0},{"not_picked":["Redo+1","Double Energy+1","Tempest+1"],"picked":"SKIP","floor":31.0},{"not_picked":["Creative AI","Meteor Strike"],"picked":"Core Surge","floor":33.0},{"not_picked":["Lockon","Leap+1"],"picked":"Capacitor","floor":35.0},{"not_picked":["Genetic Algorithm+1","Ball Lightning"],"picked":"Coolheaded+1","floor":36.0},{"not_picked":["Sweeping Beam+1","Coolheaded+1"],"picked":"Blizzard+1","floor":37.0},{"not_picked":["Steam+1","Reinforced Body+1","Rebound"],"picked":"SKIP","floor":39.0},{"not_picked":["Compile Driver","Barrage"],"picked":"Meteor Strike","floor":41.0},{"not_picked":["Lockon","Stack+1","Undo+1"],"picked":"SKIP","floor":42.0},{"not_picked":["Sunder","Sweeping Beam","Undo+1"],"picked":"SKIP","floor":44.0},{"not_picked":["Streamline","Cold Snap"],"picked":"Coolheaded+1","floor":45.0},{"not_picked":["Undo+1","Thunder Strike"],"picked":"Hologram+1","floor":46.0},{"not_picked":["FTL","Stack+1","Compile Driver+1"],"picked":"SKIP","floor":48.0},{"not_picked":["Steam Power+1","Hello World","Compile Driver"],"picked":"SKIP","floor":55}],"player_experience":1098901,"relics_obtained":[{"floor":6.0,"key":"Nunchaku"},{"floor":8.0,"key":"MawBank"},{"floor":9.0,"key":"Shovel"},{"floor":10.0,"key":"PreservedInsect"},{"floor":12.0,"key":"Gambling Chip"},{"floor":15.0,"key":"Bronze Scales"},{"floor":22.0,"key":"Lantern"},{"floor":23.0,"key":"Centennial Puzzle"},{"floor":24.0,"key":"StoneCalendar"},{"floor":25.0,"key":"Oddly Smooth Stone"},{"floor":27.0,"key":"Regal Pillow"},{"floor":30.0,"key":"Letter Opener"},{"floor":40.0,"key":"Emotion Chip"},{"floor":41.0,"key":"Strawberry"},{"floor":43.0,"key":"Ancient Tea Set"},{"floor":44.0,"key":"Bag of Preparation"},{"floor":46.0,"key":"Symbiotic Virus"},{"floor":49.0,"key":"Blood Vial"},{"floor":53,"key":"Pantograph"},{"floor":55,"key":"Happy Flower"}],"event_choices":[{"damage_healed":0.0,"max_hp_gain":0.0,"max_hp_loss":0.0,"gold_gain":75.0,"event_name":"World of Goop","player_choice":"Gather Gold","floor":3.0,"gold_loss":0.0,"damage_taken":11.0},{"damage_healed":0.0,"max_hp_gain":0.0,"max_hp_loss":0.0,"gold_gain":0.0,"event_name":"Big Fish","player_choice":"Box","floor":4.0,"gold_loss":0.0,"damage_taken":0.0,"relics_obtained":["Meat on the Bone"],"cards_obtained":["Regret"]},{"damage_healed":0.0,"max_hp_gain":0.0,"max_hp_loss":0.0,"gold_gain":0.0,"event_name":"Living Wall","player_choice":"Grow","floor":5.0,"gold_loss":0.0,"damage_taken":0.0,"cards_upgraded":["Defragment"]},{"damage_healed":0.0,"max_hp_gain":0.0,"max_hp_loss":0.0,"gold_gain":0.0,"event_name":"Scrap Ooze","player_choice":"Success","floor":11.0,"gold_loss":0.0,"damage_taken":11.0,"relics_obtained":["Ornamental Fan"]},{"damage_healed":0.0,"max_hp_gain":0.0,"max_hp_loss":0.0,"gold_gain":0.0,"cards_transformed":["Strike_B","Strike_B"],"event_name":"Drug Dealer","player_choice":"Became Test Subject","floor":19.0,"gold_loss":0.0,"damage_taken":0.0,"cards_obtained":["Machine Learning","Rainbow"]},{"damage_healed":0.0,"max_hp_gain":0.0,"max_hp_loss":0.0,"gold_gain":0.0,"event_name":"The Library","player_choice":"Read","floor":21.0,"gold_loss":0.0,"damage_taken":0.0,"cards_obtained":["Glacier"]},{"damage_healed":0.0,"max_hp_gain":0.0,"max_hp_loss":0.0,"gold_gain":0.0,"event_name":"Wheel of Change","player_choice":"Relic","floor":22.0,"gold_loss":0.0,"damage_taken":0.0},{"damage_healed":0.0,"max_hp_gain":0.0,"max_hp_loss":0.0,"gold_gain":0.0,"event_name":"WeMeetAgain","player_choice":"Paid Gold","floor":38.0,"gold_loss":98.0,"damage_taken":0.0,"relics_obtained":["Potion Belt"]}],"is_beta":true,"boss_relics":[{"not_picked":["Nuclear Battery","Inserter"],"picked":"Sozu"},{"not_picked":["Empty Cage","Lizard Tail"],"picked":"Runic Pyramid"}],"items_purged_floors":[14,47],"is_endless":false,"potions_floor_spawned":[8,20,23,30,31,37,44,45,46],"ascension_level":20}