{"gold_per_floor":[116,116,128,147,161,189,189,189,189,201,213,225,281,307,319,462,537,568,599,611,583,616,667,679,716,728,765,777,39,52,72,72,196,196,219,233,256,271,0,0],"floor_reached":40,"playtime":5795,"items_purged":["Defend_G"],"score":472,"play_id":"968f9c35-fcd0-4192-a4b1-af1ca19b2445","local_time":"20190314210743","is_ascension_mode":false,"campfire_choices":[{"data":"Infinite Blades","floor":8.0,"key":"SMITH"},{"data":"Iron Wave","floor":10.0,"key":"SMITH"},{"data":"Slice","floor":12.0,"key":"SMITH"},{"data":"Backstab","floor":15.0,"key":"SMITH"},{"floor":24,"key":"REST"},{"floor":28,"key":"REST"},{"data":"1","floor":32,"key":"LIFT"}],"neow_cost":"NONE","seed_source_timestamp":0,"circlet_count":0,"master_deck":["Defend_G","Defend_G","Defend_G","Defend_G+1","Strike_G","Strike_G","Strike_G","Strike_G","Strike_G+1","Neutralize+1","Prepared","Iron Wave+1","Sucker Punch","Slice+1","Infinite Blades+1","Predator+1","Backstab+1","Quick Slash","Die Die Die","Flying Knee","Heel Hook+1","Poisoned Stab+1","PiercingWail","Flying Knee","Endless Agony+1","Unload","Endless Agony","Poisoned Stab+1","Bullet Time","Dagger Throw+1","Poisoned Stab+1","Slice+1","Noxious Fumes+1"],"special_seed":0,"relics":["Ring of the Serpent","Orichalcum","Golden Idol","MawBank","Matryoshka","Tiny House","MutagenicStrength","Mango","Regal Pillow","Bottled Flame","TwistedFunnel","Girya","Red Mask"],"potions_floor_usage":[22,23,25,27,33,33,33],"damage_taken":[{"damage":0.0,"enemies":"2 Louse","floor":1.0,"turns":3.0},{"damage":1.0,"enemies":"Cultist","floor":3.0,"turns":4.0},{"damage":0.0,"enemies":"Small Slimes","floor":4.0,"turns":4.0},{"damage":2.0,"enemies":"Blue Slaver","floor":5.0,"turns":5.0},{"damage":30.0,"enemies":"Gremlin Nob","floor":6.0,"turns":5.0},{"damage":17.0,"enemies":"3 Sentries","floor":13.0,"turns":6.0},{"damage":0.0,"enemies":"Large Slime","floor":14.0,"turns":4.0},{"damage":13.0,"enemies":"Hexaghost","floor":16.0,"turns":9.0},{"damage":0,"enemies":"Chosen","floor":18,"turns":4},{"damage":19,"enemies":"2 Thieves","floor":19,"turns":3},{"damage":15,"enemies":"Centurion and Healer","floor":22,"turns":4},{"damage":23,"enemies":"Slavers","floor":23,"turns":4},{"damage":5,"enemies":"Cultist and Chosen","floor":25,"turns":5},{"damage":3,"enemies":"Sentry and Sphere","floor":27,"turns":3},{"damage":12,"enemies":"Centurion and Healer","floor":30,"turns":3},{"damage":18,"enemies":"Snake Plant","floor":31,"turns":4},{"damage":46,"enemies":"Automaton","floor":33,"turns":8},{"damage":4,"enemies":"3 Shapes","floor":35,"turns":3},{"damage":4,"enemies":"Orb Walker","floor":36,"turns":2},{"damage":34,"enemies":"Maw","floor":37,"turns":6},{"damage":4,"enemies":"Jaw Worm Horde","floor":38,"turns":3},{"damage":47,"enemies":"Nemesis","floor":40,"turns":5}],"seed_played":"-1632925837159301450","potions_obtained":[{"floor":3.0,"key":"LiquidBronze"},{"floor":4.0,"key":"Regen Potion"},{"floor":5.0,"key":"Weak Potion"},{"floor":16.0,"key":"Ancient Potion"},{"floor":17.0,"key":"Swift Potion"},{"floor":18,"key":"Weak Potion"},{"floor":25,"key":"SkillPotion"},{"floor":30,"key":"FearPotion"},{"floor":31,"key":"Strength Potion"},{"floor":36,"key":"Dexterity Potion"},{"floor":38,"key":"Dexterity Potion"}],"is_trial":false,"path_per_floor":["M","?","M","M","M","E","?","R","T","R","?","R","E","M","R","B",null,"M","M","?","?","M","E","R","M","T","M","R","$","M","M","R","B",null,"M","M","M","M","?","E"],"character_chosen":"THE_SILENT","items_purchased":["TwistedFunnel","Girya","Unload","PowerPotion"],"campfire_rested":2,"item_purchase_floors":[29,29,29,29],"current_hp_per_floor":[77,77,76,76,74,49,49,49,49,49,49,49,32,32,32,19,76,76,57,57,57,42,33,60,55,55,52,90,90,78,60,60,14,90,86,82,48,44,44,0],"gold":0,"neow_bonus":"TEN_PERCENT_HP_BONUS","is_prod":false,"is_daily":false,"chose_seed":false,"campfire_upgraded":4,"win_rate":0.0,"timestamp":1552615663,"path_taken":["M","?","M","M","?","E","?","R","T","R","?","R","E","M","R","BOSS","M","M","?","?","?","E","R","M","T","M","R","$","M","M","R","BOSS","M","M","?","M","?","E"],"build_version":"2019-01-23","purchased_purges":1,"victory":false,"max_hp_per_floor":[77,77,77,77,77,77,71,71,71,71,71,71,71,71,71,71,76,76,76,76,76,76,90,90,90,90,90,90,90,90,90,90,90,90,90,90,90,90,90,90],"card_choices":[{"not_picked":["Outmaneuver","Deadly Poison"],"picked":"Prepared","floor":1.0},{"not_picked":["Deadly Poison","Expertise"],"picked":"Sucker Punch","floor":3.0},{"not_picked":["Skewer","Escape Plan"],"picked":"Slice","floor":4.0},{"not_picked":["Deadly Poison","Backflip"],"picked":"Infinite Blades","floor":5.0},{"not_picked":["Deadly Poison","Prepared"],"picked":"Predator","floor":6.0},{"not_picked":["Poisoned Stab","Caltrops"],"picked":"Backstab","floor":13.0},{"not_picked":["Dagger Spray","Slice"],"picked":"Quick Slash","floor":14.0},{"not_picked":["Phantasmal Killer","Night Terror"],"picked":"Die Die Die","floor":16.0},{"not_picked":["Underhanded Strike","Quick Slash"],"picked":"Flying Knee","floor":17.0},{"not_picked":["Eviscerate","Outmaneuver","Prepared"],"picked":"SKIP","floor":18},{"not_picked":["Leg Sweep+1","Dagger Spray"],"picked":"Heel Hook+1","floor":19},{"not_picked":["Quick Slash","Blade Dance"],"picked":"Poisoned Stab+1","floor":22},{"not_picked":["Deflect","Quick Slash+1"],"picked":"PiercingWail","floor":23},{"not_picked":["Outmaneuver","Distraction"],"picked":"Flying Knee","floor":25},{"not_picked":["Deadly Poison","Finisher"],"picked":"Endless Agony+1","floor":27},{"not_picked":["Well Laid Plans","Skewer"],"picked":"Endless Agony","floor":30},{"not_picked":["Bouncing Flask+1","Phantasmal Killer"],"picked":"Poisoned Stab+1","floor":31},{"not_picked":["Tools of the Trade","Doppelganger"],"picked":"Bullet Time","floor":33},{"not_picked":["All Out Attack","Dodge and Roll+1"],"picked":"Dagger Throw+1","floor":35},{"not_picked":["Slice+1","Quick Slash+1"],"picked":"Poisoned Stab+1","floor":36},{"not_picked":["Outmaneuver","Dodge and Roll+1"],"picked":"Slice+1","floor":37},{"not_picked":["Prepared+1","Footwork+1"],"picked":"Noxious Fumes+1","floor":38}],"player_experience":9161,"relics_obtained":[{"floor":6.0,"key":"Orichalcum"},{"floor":9.0,"key":"MawBank"},{"floor":13.0,"key":"Matryoshka"},{"floor":23,"key":"Mango"},{"floor":26,"key":"Regal Pillow"},{"floor":26,"key":"Bottled Flame"}],"event_choices":[{"cards_removed":["Survivor"],"damage_healed":0.0,"max_hp_gain":0.0,"max_hp_loss":0.0,"gold_gain":0.0,"event_name":"NoteForYourself","player_choice":"Took Card","floor":2.0,"gold_loss":0.0,"damage_taken":0.0,"cards_obtained":["Iron Wave"]},{"damage_healed":0.0,"max_hp_gain":0.0,"max_hp_loss":6.0,"gold_gain":0.0,"event_name":"Golden Idol","player_choice":"Lose Max HP","floor":7.0,"gold_loss":0.0,"damage_taken":0.0,"relics_obtained":["Golden Idol"]},{"damage_healed":0.0,"max_hp_gain":0.0,"max_hp_loss":0.0,"gold_gain":0.0,"event_name":"Living Wall","player_choice":"Grow","floor":11.0,"gold_loss":0.0,"damage_taken":0.0,"cards_upgraded":["Neutralize"]},{"damage_healed":0,"gold_gain":0,"player_choice":"Inject Mutagens","damage_taken":0,"relics_obtained":["MutagenicStrength"],"max_hp_gain":0,"max_hp_loss":0,"event_name":"Drug Dealer","floor":20,"gold_loss":0},{"damage_healed":0,"gold_gain":0,"player_choice":"Upgraded Two","damage_taken":0,"max_hp_gain":0,"max_hp_loss":0,"event_name":"Designer","floor":21,"gold_loss":40,"cards_upgraded":["Defend_G","Predator"]},{"damage_healed":0,"gold_gain":0,"player_choice":"Paid","damage_taken":0,"relics_obtained":["Red Mask"],"max_hp_gain":0,"max_hp_loss":0,"event_name":"Tomb of Lord Red Mask","floor":39,"gold_loss":271}],"is_beta":false,"boss_relics":[{"not_picked":["Orrery","Lizard Tail"],"picked":"Tiny House"},{"not_picked":["Velvet Choker","Eternal Feather"],"picked":"Ring of the Serpent"}],"items_purged_floors":[29],"is_endless":false,"potions_floor_spawned":[3,4,5,16,18,25,30,31,36,38],"killed_by":"Nemesis","ascension_level":0}