{"gold_per_floor":[112,122,47,47,47,78,78,93,119,134,164,164,199,213,213,287,287,287],"floor_reached":18,"playtime":581,"items_purged":[],"score":410,"play_id":"78060636-65d8-4dee-a824-ddb2e7deffa9","local_time":"20190331190600","is_ascension_mode":true,"campfire_choices":[{"data":"Genetic Algorithm","floor":7.0,"key":"SMITH"},{"floor":12,"key":"REST"},{"data":"Zap","floor":15,"key":"SMITH"}],"neow_cost":"NONE","seed_source_timestamp":5302307148181,"circlet_count":0,"master_deck":["AscendersBane","Strike_B","Strike_B","Defend_B","Defend_B","Defend_B","Defend_B","Zap+1","Dualcast","Self Repair","Cold Snap","Zap","Genetic Algorithm+1","Darkness","Conserve Battery","Glacier","Leap","Fission"],"special_seed":0,"relics":["Cracked Core","NeowsBlessing","PreservedInsect","Smiling Mask","Lantern","Matryoshka","Snecko Eye"],"potions_floor_usage":[11,16,16],"damage_taken":[{"damage":0.0,"enemies":"Cultist","floor":1.0,"turns":1.0},{"damage":0.0,"enemies":"Small Slimes","floor":2.0,"turns":1.0},{"damage":0.0,"enemies":"3 Sentries","floor":6.0,"turns":1.0},{"damage":14.0,"enemies":"2 Louse","floor":8.0,"turns":3.0},{"damage":13.0,"enemies":"Lots of Slimes","floor":10.0,"turns":5.0},{"damage":33,"enemies":"Gremlin Nob","floor":11,"turns":5},{"damage":12,"enemies":"Lagavulin","floor":13,"turns":9},{"damage":4,"enemies":"Looter","floor":14,"turns":3},{"damage":22,"enemies":"Slime Boss","floor":16,"turns":10},{"damage":0,"enemies":"Shell Parasite","floor":18,"turns":3}],"seed_played":"4985168166117159960","potions_obtained":[{"floor":1.0,"key":"Dexterity Potion"},{"floor":6.0,"key":"PowerPotion"},{"floor":10.0,"key":"Energy Potion"},{"floor":13,"key":"Swift Potion"}],"is_trial":false,"path_per_floor":["M","M","?","?","?","E","R","M","T","M","E","R","E","M","R","B",null,"M"],"character_chosen":"DEFECT","items_purchased":[],"campfire_rested":1,"item_purchase_floors":[],"current_hp_per_floor":[64,64,64,57,57,57,57,50,50,37,11,32,27,30,30,15,57,57],"gold":287,"neow_bonus":"THREE_ENEMY_KILL","is_prod":false,"is_daily":false,"chose_seed":false,"campfire_upgraded":2,"win_rate":0,"timestamp":1554051960,"path_taken":["M","M","?","?","?","E","R","?","T","M","E","R","E","M","R","BOSS","M"],"build_version":"2019-03-15","purchased_purges":0,"victory":false,"max_hp_per_floor":[71,71,71,71,71,71,71,71,71,71,71,71,71,71,71,71,71,71],"card_choices":[{"not_picked":["Conserve Battery","Turbo"],"picked":"Self Repair","floor":1.0},{"not_picked":["Compile Driver","Hello World"],"picked":"Cold Snap","floor":2.0},{"not_picked":["Rebound","Beam Cell"],"picked":"Darkness","floor":6.0},{"not_picked":["FTL","Scrape"],"picked":"Conserve Battery","floor":8.0},{"not_picked":["Coolheaded","Fusion"],"picked":"Glacier","floor":10.0},{"not_picked":["Gash","Turbo"],"picked":"Leap","floor":11},{"not_picked":["Scrape","Beam Cell","Rebound"],"picked":"SKIP","floor":13},{"not_picked":["Hologram","Reprogram","Aggregate"],"picked":"SKIP","floor":14},{"not_picked":["Biased Cognition","Creative AI"],"picked":"Fission","floor":16}],"player_experience":1041808,"relics_obtained":[{"floor":6.0,"key":"PreservedInsect"},{"floor":9.0,"key":"Smiling Mask"},{"floor":11,"key":"Lantern"},{"floor":13,"key":"Matryoshka"}],"event_choices":[{"cards_removed":["Strike_B"],"damage_healed":0.0,"max_hp_gain":0.0,"max_hp_loss":0.0,"gold_gain":0.0,"event_name":"The Cleric","player_choice":"Card Removal","floor":3.0,"gold_loss":75.0,"damage_taken":0.0},{"cards_removed":["Strike_B"],"damage_healed":0.0,"max_hp_gain":0.0,"max_hp_loss":0.0,"gold_gain":0.0,"event_name":"Golden Wing","player_choice":"Card Removal","floor":4.0,"gold_loss":0.0,"damage_taken":7.0},{"damage_healed":0.0,"max_hp_gain":0.0,"max_hp_loss":0.0,"gold_gain":0.0,"event_name":"Match and Keep!","player_choice":"2 cards matched","floor":5.0,"gold_loss":0.0,"damage_taken":0.0,"cards_obtained":["Zap","Genetic Algorithm"]}],"is_beta":true,"boss_relics":[{"not_picked":["Pandora\u0027s Box","FrozenCore"],"picked":"Snecko Eye"}],"items_purged_floors":[],"is_endless":false,"potions_floor_spawned":[1,6,10,13],"killed_by":"Shell Parasite","ascension_level":20}