{"gold_per_floor":[112,112,112,112,112,148,148,184,184,184,219,219,233,257,257,350,350,350,350,240,261,279,279,302,333,333,333,352,352],"floor_reached":29,"playtime":807,"items_purged":[],"score":647,"play_id":"2d76e859-d3a4-47a2-a71d-47f73f44e0fb","local_time":"20190402035800","is_ascension_mode":true,"campfire_choices":[{"data":"Rainbow","floor":7.0,"key":"SMITH"},{"data":"Zap","floor":10,"key":"SMITH"},{"floor":15,"key":"REST"},{"data":"Genetic Algorithm","floor":23,"key":"SMITH"},{"data":"Bite","floor":27,"key":"SMITH"}],"neow_cost":"NONE","seed_source_timestamp":34852149928111,"circlet_count":0,"master_deck":["AscendersBane","Defend_B","Defend_B","Defend_B+1","Zap+1","Dualcast","Ball Lightning","Rainbow+1","Capacitor","Go for the Eyes","Leap+1","Genetic Algorithm+1","Echo Form","Bite+1","Bite","Bite","Bite","Bite","Cold Snap"],"special_seed":0,"relics":["Cracked Core","NeowsBlessing","Golden Idol","Sundial","Du-Vu Doll","Shuriken","Incense Burner","Busted Crown","Symbiotic Virus","Matryoshka"],"potions_floor_usage":[13,16,18,21,25,29,29],"damage_taken":[{"damage":0.0,"enemies":"Small Slimes","floor":1.0,"turns":1.0},{"damage":0.0,"enemies":"Lagavulin","floor":6.0,"turns":1.0},{"damage":0,"enemies":"3 Sentries","floor":8,"turns":1},{"damage":16,"enemies":"Lagavulin","floor":11,"turns":5},{"damage":4,"enemies":"Jaw Worm","floor":13,"turns":2},{"damage":0,"enemies":"Cultist","floor":14,"turns":3},{"damage":18,"enemies":"The Guardian","floor":16,"turns":10},{"damage":0,"enemies":"3 Byrds","floor":18,"turns":1},{"damage":0,"enemies":"Chosen","floor":21,"turns":3},{"damage":18,"enemies":"Snake Plant","floor":22,"turns":4},{"damage":15,"enemies":"Shelled Parasite and Fungi","floor":24,"turns":8},{"damage":27,"enemies":"Book of Stabbing","floor":25,"turns":6},{"damage":0,"enemies":"Cultist and Chosen","floor":28,"turns":7},{"damage":31,"enemies":"Slavers","floor":29,"turns":3}],"seed_played":"5142310146158504734","potions_obtained":[{"floor":6.0,"key":"AttackPotion"},{"floor":11,"key":"Swift Potion"},{"floor":14,"key":"Fire Potion"},{"floor":16,"key":"SmokeBomb"},{"floor":21,"key":"SkillPotion"},{"floor":22,"key":"SpeedPotion"},{"floor":25,"key":"Dexterity Potion"}],"is_trial":false,"path_per_floor":["M","?","?","$","?","E","R","E","T","R","E","?","M","M","R","B",null,"M","?","?","M","M","R","M","E","T","R","M","E"],"character_chosen":"DEFECT","items_purchased":[],"campfire_rested":1,"item_purchase_floors":[],"current_hp_per_floor":[64,64,64,64,45,45,45,45,45,45,29,11,7,7,26,8,50,50,44,44,44,32,32,33,20,20,20,35,10],"gold":352,"neow_bonus":"THREE_ENEMY_KILL","is_prod":false,"is_daily":false,"chose_seed":false,"campfire_upgraded":4,"win_rate":0,"timestamp":1554170280,"path_taken":["M","?","?","$","?","E","R","E","T","R","E","?","?","M","R","BOSS","M","?","?","?","M","R","M","E","T","R","M","E"],"build_version":"2019-03-15","purchased_purges":0,"victory":false,"max_hp_per_floor":[71,64,64,64,64,64,64,64,64,64,64,64,64,64,64,64,64,64,44,44,44,44,44,44,44,44,44,44,44],"card_choices":[{"not_picked":["Compile Driver","Scrape"],"picked":"Ball Lightning","floor":1.0},{"not_picked":["Loop","Hologram"],"picked":"Rainbow","floor":6.0},{"not_picked":["Sunder","Rebound"],"picked":"Capacitor","floor":8},{"not_picked":["Rebound","Coolheaded"],"picked":"Go for the Eyes","floor":11},{"not_picked":["Beam Cell","Darkness"],"picked":"Leap","floor":13},{"not_picked":["Hologram","Chaos"],"picked":"Genetic Algorithm","floor":14},{"not_picked":["Hyperbeam","Seek"],"picked":"Echo Form","floor":16},{"not_picked":[],"picked":"Cold Snap","floor":21},{"not_picked":["Rebound"],"picked":"SKIP","floor":22},{"not_picked":["Ball Lightning"],"picked":"SKIP","floor":24},{"not_picked":["Fusion"],"picked":"SKIP","floor":25},{"not_picked":["Redo"],"picked":"SKIP","floor":28}],"player_experience":1053096,"relics_obtained":[{"floor":6.0,"key":"Sundial"},{"floor":8,"key":"Du-Vu Doll"},{"floor":11,"key":"Shuriken"},{"floor":25,"key":"Symbiotic Virus"},{"floor":26,"key":"Matryoshka"}],"event_choices":[{"damage_healed":0.0,"max_hp_gain":0.0,"max_hp_loss":7.0,"gold_gain":0.0,"event_name":"Golden Idol","player_choice":"Lose Max HP","floor":2.0,"gold_loss":0.0,"damage_taken":0.0,"relics_obtained":["Golden Idol"]},{"damage_healed":0.0,"max_hp_gain":0.0,"max_hp_loss":0.0,"gold_gain":0.0,"event_name":"The Cleric","player_choice":"Leave","floor":3.0,"gold_loss":0.0,"damage_taken":0.0},{"damage_healed":0.0,"max_hp_gain":0.0,"max_hp_loss":0.0,"gold_gain":0.0,"event_name":"Shining Light","player_choice":"Entered Light","floor":5.0,"gold_loss":0.0,"damage_taken":19.0,"cards_upgraded":["Defend_B","Strike_B"]},{"damage_healed":0,"gold_gain":0,"player_choice":"Success","damage_taken":18,"relics_obtained":["Incense Burner"],"max_hp_gain":0,"max_hp_loss":0,"event_name":"Scrap Ooze","floor":12,"gold_loss":0},{"damage_healed":0,"gold_gain":0,"player_choice":"Became a vampire","damage_taken":0,"max_hp_gain":0,"max_hp_loss":20,"event_name":"Vampires","floor":19,"gold_loss":0,"cards_obtained":["Bite","Bite","Bite","Bite","Bite"]},{"cards_removed":["Defend_B"],"damage_healed":0,"gold_gain":0,"player_choice":"Upgrade and Remove","damage_taken":0,"max_hp_gain":0,"max_hp_loss":0,"event_name":"Designer","floor":20,"gold_loss":110,"cards_upgraded":["Leap"]}],"is_beta":true,"boss_relics":[{"not_picked":["Empty Cage","Philosopher\u0027s Stone"],"picked":"Busted Crown"}],"items_purged_floors":[],"is_endless":false,"potions_floor_spawned":[6,11,14,16,21,22,25],"killed_by":"Slavers","ascension_level":20}