{"gold_per_floor":[112,112,112,123,141,171,171,206,258,258,242,242,256,14,14,116,116,128,128,145,145,36,36,53,53,53,64,89,89,102,128,128,230,230,242,255,273,373,273,273,293,310,310,338,350,377,416,448,460,472,484,496,13,40,40],"floor_reached":55,"playtime":8049,"items_purged":["Strike_B","Defend_B"],"score":779,"play_id":"2cb6497b-170f-4d0a-bbe1-c54ed510b3be","local_time":"20190329071215","is_ascension_mode":false,"campfire_choices":[{"floor":7.0,"key":"RECALL"},{"floor":10.0,"key":"REST"},{"data":"Conserve Battery","floor":12.0,"key":"SMITH"},{"data":"Defragment","floor":15.0,"key":"SMITH"},{"data":"Undo","floor":23.0,"key":"SMITH"},{"data":"Double Energy","floor":25.0,"key":"SMITH"},{"data":"Genetic Algorithm","floor":29.0,"key":"SMITH"},{"data":"Zap","floor":32.0,"key":"SMITH"},{"data":"Dualcast","floor":40.0,"key":"SMITH"},{"data":"Defragment","floor":49.0,"key":"SMITH"},{"data":"Defend_B","floor":52.0,"key":"SMITH"}],"neow_cost":"NONE","seed_source_timestamp":0,"circlet_count":0,"master_deck":["Strike_B+1","Defend_B","Defend_B+1","Zap+1","Dualcast+1","Rainbow+1","Consume+1","Undo+1","Compile Driver+1","Conserve Battery+1","Sweeping Beam+1","Defragment+1","Streamline+1","Thunder Strike+1","Sunder+1","Doom and Gloom+1","Leap+1","Steam","Self Repair","Cold Snap+1","Self Repair","Double Energy+1","Genetic Algorithm+1","Leap+1","Reboot","Cold Snap+1","Go for the Eyes+1","Barrage+1","Defragment+1","Streamline+1","Sweeping Beam+1","Defragment+1","Trip"],"special_seed":0,"relics":["Cracked Core","Molten Egg 2","Strawberry","Anchor","Astrolabe","Lantern","Meat on the Bone","Ornamental Fan","Busted Crown","Mango","Incense Burner","MawBank","Centennial Puzzle","DollysMirror","Happy Flower","Whetstone"],"potions_floor_usage":[55,55,55],"damage_taken":[{"damage":1.0,"enemies":"Jaw Worm","floor":1.0,"turns":4.0},{"damage":2.0,"enemies":"2 Louse","floor":4.0,"turns":3.0},{"damage":0.0,"enemies":"Small Slimes","floor":5.0,"turns":2.0},{"damage":7.0,"enemies":"Gremlin Nob","floor":6.0,"turns":5.0},{"damage":9.0,"enemies":"3 Sentries","floor":8.0,"turns":10.0},{"damage":2.0,"enemies":"Exordium Thugs","floor":11.0,"turns":4.0},{"damage":0.0,"enemies":"Blue Slaver","floor":13.0,"turns":3.0},{"damage":5.0,"enemies":"Slime Boss","floor":16.0,"turns":7.0},{"damage":10.0,"enemies":"2 Thieves","floor":18.0,"turns":3.0},{"damage":3.0,"enemies":"Chosen","floor":20.0,"turns":5.0},{"damage":7.0,"enemies":"Snecko","floor":24.0,"turns":4.0},{"damage":5.0,"enemies":"Centurion and Healer","floor":27.0,"turns":5.0},{"damage":38.0,"enemies":"Slavers","floor":28.0,"turns":5.0},{"damage":11.0,"enemies":"Snake Plant","floor":30.0,"turns":4.0},{"damage":32.0,"enemies":"Book of Stabbing","floor":31.0,"turns":6.0},{"damage":39.0,"enemies":"Automaton","floor":33.0,"turns":12.0},{"damage":9.0,"enemies":"3 Darklings","floor":35.0,"turns":5.0},{"damage":0.0,"enemies":"Orb Walker","floor":36.0,"turns":3.0},{"damage":12.0,"enemies":"3 Darklings","floor":37.0,"turns":4.0},{"damage":12.0,"enemies":"Mind Bloom Boss Battle","floor":38.0,"turns":7.0},{"damage":0.0,"enemies":"Transient","floor":41.0,"turns":5.0},{"damage":0.0,"enemies":"Sphere and 2 Shapes","floor":42.0,"turns":3.0},{"damage":12.0,"enemies":"Reptomancer","floor":44.0,"turns":7.0},{"damage":7.0,"enemies":"Writhing Mass","floor":46.0,"turns":5.0},{"damage":20.0,"enemies":"Nemesis","floor":47.0,"turns":5.0},{"damage":15.0,"enemies":"3 Darklings","floor":48.0,"turns":4.0},{"damage":39.0,"enemies":"Awakened One","floor":50.0,"turns":16.0},{"damage":9,"enemies":"Shield and Spear","floor":54,"turns":8},{"damage":116,"enemies":"The Heart","floor":55,"turns":8}],"seed_played":"-4765388257744244591","potions_obtained":[{"floor":5.0,"key":"Block Potion"},{"floor":8.0,"key":"SkillPotion"},{"floor":11.0,"key":"Swift Potion"},{"floor":13.0,"key":"Poison Potion"},{"floor":18.0,"key":"Block Potion"},{"floor":27.0,"key":"Ancient Potion"},{"floor":30.0,"key":"AttackPotion"},{"floor":36.0,"key":"PowerPotion"},{"floor":41.0,"key":"Explosive Potion"},{"floor":44.0,"key":"Explosive Potion"},{"floor":46.0,"key":"Block Potion"},{"floor":54,"key":"SteroidPotion"}],"is_trial":false,"path_per_floor":["M","?","?","M","M","E","R","E","T","R","M","R","M","$","R","B",null,"M","?","M","?","$","R","M","R","T","M","E","R","M","E","R","B",null,"M","M","M","?","$","R","M","M","T","E","?","M","E","M","R","B",null,"R","$","E","B"],"character_chosen":"DEFECT","items_purchased":["Defragment","Streamline+1","Anchor","Self Repair","DollysMirror","Happy Flower","Swift Potion","Trip"],"campfire_rested":1,"item_purchase_floors":[14,14,14,22,53,53,53,53],"current_hp_per_floor":[74,59,59,57,57,50,50,48,48,72,70,70,70,70,70,65,82,72,72,76,76,76,76,82,82,82,82,51,51,52,46,46,26,82,82,82,82,96,96,96,96,96,96,96,96,96,96,88,88,63,96,96,96,96,0],"gold":40,"neow_bonus":"ONE_RANDOM_RARE_CARD","is_prod":false,"is_daily":false,"chose_seed":false,"campfire_upgraded":9,"win_rate":0,"timestamp":1553861535,"path_taken":["M","?","?","M","?","E","R","E","T","R","M","R","M","$","R","BOSS","M","?","M","?","$","R","M","R","T","M","E","R","M","E","R","BOSS","M","M","M","?","$","R","M","M","T","E","?","M","E","M","R","BOSS","R","$","E","BOSS"],"build_version":"2019-01-23","purchased_purges":2,"victory":false,"max_hp_per_floor":[75,75,75,75,75,75,75,82,82,82,82,82,82,82,82,82,82,82,82,82,82,82,82,82,82,82,82,82,82,82,82,82,82,82,82,82,82,96,96,96,96,96,96,96,96,96,96,96,96,96,96,96,96,96,96],"card_choices":[{"not_picked":["Steam","Barrage"],"picked":"Consume","floor":1.0},{"not_picked":["Consume","Skim"],"picked":"Undo","floor":4.0},{"not_picked":["Sweeping Beam","Recycle","Redo"],"picked":"SKIP","floor":5.0},{"not_picked":["Darkness","Beam Cell"],"picked":"Compile Driver","floor":6.0},{"not_picked":["Sweeping Beam+1","Turbo","Ball Lightning+1"],"picked":"SKIP","floor":8.0},{"not_picked":["Lockon+1","Creative AI"],"picked":"Conserve Battery","floor":11.0},{"not_picked":["Double Energy","Redo"],"picked":"Sweeping Beam+1","floor":13.0},{"not_picked":["Rainbow","Biased Cognition"],"picked":"Thunder Strike+1","floor":16.0},{"not_picked":["Double Energy","Reprogram"],"picked":"Steam","floor":18.0},{"not_picked":["Gash+1","Chill"],"picked":"Cold Snap+1","floor":20.0},{"not_picked":["Ball Lightning+1","Doom and Gloom+1"],"picked":"Double Energy","floor":24.0},{"not_picked":["Sweeping Beam+1","Beam Cell+1"],"picked":"Genetic Algorithm","floor":27.0},{"not_picked":["Reprogram+1","Tempest","Genetic Algorithm"],"picked":"SKIP","floor":28.0},{"not_picked":["Turbo","Loop"],"picked":"Barrage+1","floor":30.0},{"not_picked":["Buffer","Stack"],"picked":"Leap+1","floor":31.0},{"not_picked":["Creative AI","Biased Cognition"],"picked":"Reboot","floor":33.0},{"not_picked":[],"picked":"Cold Snap+1","floor":35.0},{"not_picked":["Recycle+1"],"picked":"SKIP","floor":36.0},{"not_picked":[],"picked":"Go for the Eyes+1","floor":37.0},{"not_picked":[],"picked":"Barrage+1","floor":38.0},{"not_picked":["Fusion+1"],"picked":"SKIP","floor":41.0},{"not_picked":["Hologram+1"],"picked":"SKIP","floor":42.0},{"not_picked":["Compile Driver+1"],"picked":"SKIP","floor":44.0},{"not_picked":[],"picked":"Defragment","floor":46.0},{"not_picked":[],"picked":"Streamline+1","floor":47.0},{"not_picked":[],"picked":"Sweeping Beam+1","floor":48.0},{"not_picked":["Redo"],"picked":"SKIP","floor":54},{"not_picked":["Redo"],"picked":"SKIP","floor":54}],"player_experience":160013,"relics_obtained":[{"floor":6.0,"key":"Molten Egg 2"},{"floor":8.0,"key":"Strawberry"},{"floor":26.0,"key":"Lantern"},{"floor":28.0,"key":"Meat on the Bone"},{"floor":31.0,"key":"Ornamental Fan"},{"floor":38.0,"key":"Mango"},{"floor":43.0,"key":"Incense Burner"},{"floor":44.0,"key":"MawBank"},{"floor":47.0,"key":"Centennial Puzzle"},{"floor":54,"key":"Whetstone"}],"event_choices":[{"damage_healed":0.0,"max_hp_gain":0.0,"max_hp_loss":0.0,"gold_gain":0.0,"event_name":"Shining Light","player_choice":"Entered Light","floor":2.0,"gold_loss":0.0,"damage_taken":15.0,"cards_upgraded":["Rainbow","Strike_B"]},{"damage_healed":0.0,"max_hp_gain":0.0,"max_hp_loss":0.0,"gold_gain":0.0,"event_name":"Living Wall","player_choice":"Grow","floor":3.0,"gold_loss":0.0,"damage_taken":0.0,"cards_upgraded":["Consume"]},{"damage_healed":0.0,"max_hp_gain":0.0,"max_hp_loss":0.0,"gold_gain":0.0,"event_name":"The Library","player_choice":"Read","floor":19.0,"gold_loss":0.0,"damage_taken":0.0,"cards_obtained":["Self Repair"]},{"damage_healed":0.0,"max_hp_gain":0.0,"max_hp_loss":0.0,"gold_gain":0.0,"event_name":"Vampires","player_choice":"Ignored","floor":21.0,"gold_loss":0.0,"damage_taken":0.0},{"damage_healed":0.0,"max_hp_gain":0.0,"max_hp_loss":0.0,"gold_gain":0.0,"event_name":"MindBloom","player_choice":"Fight","floor":38.0,"gold_loss":0.0,"damage_taken":0.0},{"cards_removed":["Barrage"],"damage_healed":0.0,"max_hp_gain":0.0,"max_hp_loss":0.0,"gold_gain":0.0,"event_name":"Falling","player_choice":"Removed Attack","floor":45.0,"gold_loss":0.0,"damage_taken":0.0}],"is_beta":false,"boss_relics":[{"not_picked":["Black Star","Eternal Feather"],"picked":"Astrolabe"},{"not_picked":["Runic Dome","Velvet Choker"],"picked":"Busted Crown"}],"items_purged_floors":[22,39],"is_endless":false,"potions_floor_spawned":[5,8,11,13,18,27,30,36,41,44,46,54],"killed_by":"The Heart","ascension_level":0}