{"path_per_floor":["M","?","$","?","M","?","R","M","T","M","M","E","?","M","R"],"character_chosen":"IRONCLAD","items_purchased":["Disarm"],"gold_per_floor":[115,115,39,39,55,5,5,25,48,66,86,112,112,131,131,131],"floor_reached":16,"campfire_rested":1,"playtime":593,"item_purchase_floors":[],"current_hp_per_floor":[63,47,47,40,46,46,70,76,76,80,80,55,60,66,66,0],"items_purged":[],"gold":131,"score":133,"play_id":"dcd069d4-ff33-46e8-bdf2-f45ac4bc74ff","local_time":"20180620082523","is_prod":false,"is_daily":false,"chose_seed":false,"is_ascension_mode":true,"campfire_upgraded":1,"win_rate":0,"timestamp":1529475923,"campfire_choices":[{"floor":7.0,"key":"REST"},{"data":"Flame Barrier","floor":15.0,"key":"SMITH"}],"path_taken":["M","?","$","?","M","?","R","M","T","M","M","E","?","M","R","BOSS"],"build_version":"2018-06-19","seed_source_timestamp":0,"purchased_purges":0,"circlet_count":0,"victory":false,"master_deck":["Strike_R","Strike_R","Strike_R+1","Defend_R+1","Defend_R","Defend_R","Defend_R","Bash","Disarm","Flame Barrier+1","Limit Break"],"max_hp_per_floor":[80,80,80,80,80,80,80,80,80,80,80,85,90,90,90,90],"special_seed":0,"relics":["Burning Blood","Happy Flower","Bag of Preparation"],"card_choices":[{"not_picked":["Headbutt","Reckless Charge","Second Wind"],"picked":"SKIP","floor":1.0},{"not_picked":["Flex","Armaments","Heavy Blade"],"picked":"SKIP","floor":5.0},{"not_picked":["Clothesline","True Grit","Perfected Strike"],"picked":"SKIP","floor":8.0},{"not_picked":["Headbutt","Heavy Blade","Wild Strike"],"picked":"SKIP","floor":10.0},{"not_picked":["Havoc","Clash"],"picked":"Flame Barrier","floor":11.0},{"not_picked":["Flex","Havoc"],"picked":"Limit Break","floor":12.0},{"not_picked":["Twin Strike","Armaments","Wild Strike"],"picked":"SKIP","floor":14.0}],"player_experience":301418,"potions_floor_usage":[16],"damage_taken":[{"damage":15.0,"enemies":"2 Louse","floor":1.0,"turns":3.0},{"damage":0.0,"enemies":"Cultist","floor":5.0,"turns":4.0},{"damage":0.0,"enemies":"Jaw Worm","floor":8.0,"turns":5.0},{"damage":0.0,"enemies":"Large Slime","floor":10.0,"turns":10.0},{"damage":0.0,"enemies":"3 Louse","floor":11.0,"turns":5.0},{"damage":36.0,"enemies":"Lagavulin","floor":12.0,"turns":6.0},{"damage":0.0,"enemies":"2 Fungi Beasts","floor":14.0,"turns":5.0},{"damage":76,"enemies":"Slime Boss","floor":16,"turns":16}],"relics_obtained":[{"floor":9.0,"key":"Happy Flower"},{"floor":12.0,"key":"Bag of Preparation"}],"event_choices":[{"event_name":"Shining Light","player_choice":"Entered Light","floor":2.0,"damage_taken":0.0},{"event_name":"Golden Wing","player_choice":"Card Removal","floor":4.0,"damage_taken":0.0},{"event_name":"The Cleric","player_choice":"Card Removal","floor":6.0,"damage_taken":0.0},{"event_name":"Big Fish","player_choice":"Donut","floor":13.0,"damage_taken":0.0}],"boss_relics":[],"items_purged_floors":[],"is_endless":false,"potions_floor_spawned":[10,11],"seed_played":"-1153067128536116540","killed_by":"Slime Boss","ascension_level":6,"potions_obtained":[{"floor":10.0,"key":"Fruit Juice"},{"floor":11.0,"key":"SpeedPotion"}],"is_trial":false}