{"gold_per_floor":[118,118,218,238,213,244,244,259,285,285],"floor_reached":10,"playtime":138,"items_purged":[],"score":182,"play_id":"1b5b0e91-1f7b-43d8-af59-a87bec10899b","local_time":"20190404204708","is_ascension_mode":true,"campfire_choices":[{"data":"Chaos","floor":7,"key":"SMITH"}],"neow_cost":"NONE","seed_source_timestamp":24631949552452,"circlet_count":0,"master_deck":["AscendersBane","Strike_B","Strike_B","Strike_B","Strike_B","Defend_B","Defend_B","Defend_B","Defend_B","Zap","Dualcast","Chaos+1","Coolheaded","Coolheaded","Undo","Ball Lightning"],"relics":["Cracked Core","NeowsBlessing","Happy Flower"],"potions_floor_usage":[],"damage_taken":[{"damage":0,"enemies":"2 Louse","floor":1,"turns":1},{"damage":0,"enemies":"Small Slimes","floor":4,"turns":1},{"damage":0,"enemies":"Lagavulin","floor":6,"turns":1},{"damage":0,"enemies":"Cultist","floor":8,"turns":3},{"damage":0,"enemies":"Gremlin Nob","floor":10,"turns":2}],"seed_played":"-4891471444613679774","potions_obtained":[{"floor":1,"key":"SpeedPotion"},{"floor":4,"key":"Block Potion"}],"is_trial":false,"path_per_floor":["M","?","?","M","$","E","R","M","T","E"],"character_chosen":"DEFECT","items_purchased":["Coolheaded"],"campfire_rested":0,"item_purchase_floors":[5],"current_hp_per_floor":[64,64,64,64,64,64,64,64,64,64],"gold":285,"neow_bonus":"THREE_ENEMY_KILL","is_prod":false,"is_daily":false,"chose_seed":false,"campfire_upgraded":1,"win_rate":0,"timestamp":1554403628,"path_taken":["M","?","?","?","$","E","R","M","T","E"],"build_version":"2019-03-15","purchased_purges":0,"victory":false,"max_hp_per_floor":[71,71,71,71,71,71,71,71,71,71],"card_choices":[{"not_picked":["Barrage","Skim"],"picked":"Chaos","floor":1},{"not_picked":["Steam Power","Go for the Eyes"],"picked":"Coolheaded","floor":4},{"not_picked":["Lockon","Beam Cell"],"picked":"Undo","floor":6},{"not_picked":["Go for the Eyes","Darkness"],"picked":"Ball Lightning","floor":8}],"player_experience":1063069,"relics_obtained":[{"floor":6,"key":"Happy Flower"}],"event_choices":[{"damage_healed":0,"gold_gain":0,"player_choice":"Leave","damage_taken":0,"max_hp_gain":0,"max_hp_loss":0,"event_name":"The Cleric","floor":2,"gold_loss":0},{"damage_healed":0,"gold_gain":100,"player_choice":"Gold","damage_taken":0,"max_hp_gain":0,"max_hp_loss":0,"event_name":"Wheel of Change","floor":3,"gold_loss":0}],"is_beta":true,"boss_relics":[],"items_purged_floors":[],"is_endless":false,"potions_floor_spawned":[1,4],"killed_by":"Gremlin Nob","ascension_level":20}