{"gold_per_floor":[111,111,131,186,55,90,110,110,192,192,92,126,126,139,139,213,213,213,213,128,128,128,128,128,128,128,128,128,128,128,128,128,128,128,128,108,108,108,108,108,108,108,108,108,108,108,108,108,108,108,108,108,108,0,0],"floor_reached":55,"playtime":3465,"items_purged":["Strike_B"],"score":1954,"play_id":"546dcb49-2cdb-48ff-a813-2b48c41855b9","local_time":"20190403172315","is_ascension_mode":true,"campfire_choices":[{"data":"Genetic Algorithm","floor":8.0,"key":"SMITH"},{"data":"Zap","floor":10.0,"key":"SMITH"},{"data":"Streamline","floor":15.0,"key":"SMITH"},{"floor":28.0,"key":"REST"},{"data":"Defragment","floor":30.0,"key":"SMITH"},{"data":"Electrodynamics","floor":32.0,"key":"SMITH"},{"floor":44.0,"key":"RECALL"},{"data":"Chaos","floor":46.0,"key":"SMITH"},{"data":"Seek","floor":49.0,"key":"SMITH"},{"floor":53.0,"key":"REST"}],"neow_cost":"NONE","seed_source_timestamp":0,"circlet_count":0,"master_deck":["AscendersBane","Strike_B+1","Strike_B+1","Strike_B+1","Defend_B+1","Defend_B+1","Defend_B+1","Defend_B+1","Zap+1","Dualcast+1","Cold Snap+1","Self Repair","Genetic Algorithm+1","Steam+1","Streamline+1","Gash+1","Electrodynamics+1","Compile Driver","Conserve Battery+1","Genetic Algorithm+1","Defragment+1","Steam+1","FTL","Echo Form","Glacier","FTL","Compile Driver","Capacitor","Ball Lightning","Seek+1","Undo+1","Capacitor","Creative AI","Chaos+1","Glacier"],"special_seed":0,"relics":["Cracked Core","NeowsBlessing","FaceOfCleric","Tiny Chest","PreservedInsect","Letter Opener","Lantern","Ectoplasm","Gambling Chip","Oddly Smooth Stone","Whetstone","War Paint","Orrery","Art of War","Meat on the Bone","MawBank","The Courier"],"potions_floor_usage":[55],"damage_taken":[{"damage":0.0,"enemies":"Jaw Worm","floor":1.0,"turns":1.0},{"damage":0.0,"enemies":"Cultist","floor":3.0,"turns":1.0},{"damage":0.0,"enemies":"Gremlin Nob","floor":6.0,"turns":1.0},{"damage":4.0,"enemies":"Small Slimes","floor":7.0,"turns":4.0},{"damage":21.0,"enemies":"3 Sentries","floor":12.0,"turns":6.0},{"damage":0.0,"enemies":"Looter","floor":14.0,"turns":3.0},{"damage":19.0,"enemies":"Slime Boss","floor":16.0,"turns":7.0},{"damage":6.0,"enemies":"3 Byrds","floor":18.0,"turns":3.0},{"damage":9.0,"enemies":"Spheric Guardian","floor":19.0,"turns":4.0},{"damage":0.0,"enemies":"Centurion and Healer","floor":22.0,"turns":6.0},{"damage":18.0,"enemies":"Book of Stabbing","floor":23.0,"turns":3.0},{"damage":14.0,"enemies":"Snake Plant","floor":24.0,"turns":5.0},{"damage":27.0,"enemies":"Sentry and Sphere","floor":27.0,"turns":6.0},{"damage":11.0,"enemies":"Gremlin Leader","floor":29.0,"turns":4.0},{"damage":0.0,"enemies":"Shelled Parasite and Fungi","floor":31.0,"turns":5.0},{"damage":67.0,"enemies":"Champ","floor":33.0,"turns":14.0},{"damage":0.0,"enemies":"3 Shapes","floor":35.0,"turns":7.0},{"damage":0.0,"enemies":"3 Darklings","floor":37.0,"turns":4.0},{"damage":10.0,"enemies":"Spire Growth","floor":38.0,"turns":6.0},{"damage":15.0,"enemies":"Sphere and 2 Shapes","floor":39.0,"turns":6.0},{"damage":30.0,"enemies":"Giant Head","floor":40.0,"turns":9.0},{"damage":6.0,"enemies":"Jaw Worm Horde","floor":42.0,"turns":5.0},{"damage":12.0,"enemies":"3 Darklings","floor":45.0,"turns":4.0},{"damage":25.0,"enemies":"Reptomancer","floor":48.0,"turns":8.0},{"damage":25.0,"enemies":"Time Eater","floor":50.0,"turns":15.0},{"damage":42.0,"enemies":"Awakened One","floor":51.0,"turns":22.0},{"damage":69,"enemies":"Shield and Spear","floor":55,"turns":5}],"seed_played":"-8272631614588713579","potions_obtained":[{"floor":3.0,"key":"FearPotion"},{"floor":7.0,"key":"Poison Potion"},{"floor":14.0,"key":"AttackPotion"},{"floor":18.0,"key":"Swift Potion"},{"floor":19.0,"key":"Fire Potion"},{"floor":22.0,"key":"PowerPotion"},{"floor":33.0,"key":"EntropicBrew"},{"floor":36.0,"key":"Block Potion"},{"floor":48.0,"key":"SkillPotion"}],"is_trial":false,"path_per_floor":["M","?","M","T","$","E","M","R","T","R","$","E","?","M","R","B",null,"M","M","?","?","M","E","M","?","T","M","R","E","R","M","R","B",null,"M","?","M","M","M","E","$","M","T","R","M","R","T","E","R","B","B",null,"R","$","E"],"character_chosen":"DEFECT","items_purchased":["Tiny Chest","Streamline","Regen Potion","AttackPotion"],"campfire_rested":2,"item_purchase_floors":[5,11,54,54],"current_hp_per_floor":[64,64,65,65,65,66,70,70,70,70,70,57,34,42,42,31,66,68,67,67,67,75,65,59,59,59,40,64,61,61,69,69,10,67,75,75,76,74,67,52,52,61,61,61,64,64,64,59,59,54,25,78,96,96,27],"gold":0,"neow_bonus":"THREE_ENEMY_KILL","is_prod":false,"is_daily":false,"chose_seed":false,"campfire_upgraded":7,"win_rate":0,"timestamp":1554304995,"path_taken":["M","?","?","?","$","E","M","R","T","R","?","E","?","M","R","BOSS","M","M","?","?","?","E","M","?","T","M","R","E","R","M","R","BOSS","M","?","M","M","M","E","?","M","T","R","?","R","?","E","R","BOSS","BOSS","R","$","E"],"build_version":"2019-03-15","purchased_purges":1,"victory":false,"max_hp_per_floor":[71,71,72,72,72,73,74,74,74,74,74,75,75,76,76,77,77,78,79,79,79,80,81,82,82,82,83,83,84,84,85,85,86,86,87,87,88,89,90,91,91,92,92,92,93,93,93,94,94,95,96,96,96,96,96],"card_choices":[{"not_picked":["Sweeping Beam","Compile Driver"],"picked":"Cold Snap","floor":1.0},{"not_picked":["Hologram","Redo"],"picked":"Self Repair","floor":3.0},{"not_picked":["Sweeping Beam","Meteor Strike"],"picked":"Genetic Algorithm","floor":6.0},{"not_picked":["Heatsinks","Scrape"],"picked":"Steam","floor":7.0},{"not_picked":["Self Repair","Genetic Algorithm"],"picked":"Gash","floor":12.0},{"not_picked":["Redo","Turbo","Sweeping Beam"],"picked":"SKIP","floor":14.0},{"not_picked":["Reboot","Seek"],"picked":"Electrodynamics","floor":16.0},{"not_picked":["Recycle","Darkness"],"picked":"Compile Driver","floor":18.0},{"not_picked":["Beam Cell","Coolheaded"],"picked":"Conserve Battery+1","floor":19.0},{"not_picked":["Darkness","Undo"],"picked":"Defragment","floor":22.0},{"not_picked":["Amplify","Cold Snap"],"picked":"Steam","floor":23.0},{"not_picked":["Beam Cell","Cold Snap","Heatsinks"],"picked":"SKIP","floor":24.0},{"not_picked":["Rebound","Doom and Gloom","Leap"],"picked":"SKIP","floor":27.0},{"not_picked":["Redo+1","Electrodynamics","Ball Lightning"],"picked":"SKIP","floor":29.0},{"not_picked":["Undo","Ball Lightning"],"picked":"FTL","floor":31.0},{"not_picked":["Hyperbeam","Multi-Cast"],"picked":"Echo Form","floor":33.0},{"not_picked":["Cold Snap","Coolheaded+1"],"picked":"Glacier","floor":34.0},{"not_picked":["Loop","Fusion"],"picked":"FTL","floor":34.0},{"not_picked":["Undo","Rebound"],"picked":"Compile Driver","floor":34.0},{"not_picked":["Cold Snap","Steam"],"picked":"Capacitor","floor":34.0},{"not_picked":["Turbo","Hello World"],"picked":"Ball Lightning","floor":34.0},{"not_picked":["Tempest","Stack","Gash"],"picked":"SKIP","floor":35.0},{"not_picked":["Sweeping Beam","Redo+1"],"picked":"Seek","floor":37.0},{"not_picked":["Sweeping Beam","Cold Snap"],"picked":"Undo+1","floor":38.0},{"not_picked":["Beam Cell","Turbo","Sweeping Beam"],"picked":"SKIP","floor":39.0},{"not_picked":["Double Energy","Chill"],"picked":"Capacitor","floor":40.0},{"not_picked":["Beam Cell","Cold Snap"],"picked":"Creative AI","floor":42.0},{"not_picked":["Static Discharge","Turbo"],"picked":"Chaos","floor":45.0},{"not_picked":["Doom and Gloom","Turbo+1"],"picked":"Glacier","floor":48.0}],"player_experience":1055198,"relics_obtained":[{"floor":6.0,"key":"PreservedInsect"},{"floor":9.0,"key":"Letter Opener"},{"floor":12.0,"key":"Lantern"},{"floor":23.0,"key":"Oddly Smooth Stone"},{"floor":26.0,"key":"Whetstone"},{"floor":29.0,"key":"War Paint"},{"floor":40.0,"key":"Art of War"},{"floor":43.0,"key":"Meat on the Bone"},{"floor":47.0,"key":"MawBank"},{"floor":48.0,"key":"The Courier"}],"event_choices":[{"damage_healed":0.0,"max_hp_gain":0.0,"max_hp_loss":0.0,"gold_gain":0.0,"event_name":"FaceTrader","player_choice":"Trade","floor":2.0,"gold_loss":0.0,"damage_taken":0.0,"relics_obtained":["FaceOfCleric"]},{"damage_healed":0.0,"max_hp_gain":0.0,"max_hp_loss":0.0,"gold_gain":0.0,"event_name":"Shining Light","player_choice":"Entered Light","floor":13.0,"gold_loss":0.0,"damage_taken":23.0,"cards_upgraded":["Defend_B","Dualcast"]},{"damage_healed":0.0,"max_hp_gain":0.0,"max_hp_loss":0.0,"gold_gain":0.0,"event_name":"Addict","player_choice":"Obtained Relic","floor":20.0,"gold_loss":85.0,"damage_taken":0.0,"relics_obtained":["Gambling Chip"]},{"damage_healed":0.0,"max_hp_gain":0.0,"max_hp_loss":0.0,"gold_gain":0.0,"event_name":"Duplicator","player_choice":"Copied","floor":21.0,"gold_loss":0.0,"damage_taken":0.0,"cards_obtained":["Genetic Algorithm"]},{"damage_healed":0.0,"max_hp_gain":0.0,"max_hp_loss":0.0,"gold_gain":0.0,"event_name":"Back to Basics","player_choice":"Simplicity","floor":25.0,"gold_loss":0.0,"damage_taken":0.0,"cards_upgraded":["Strike_B","Strike_B","Strike_B","Defend_B","Defend_B","Defend_B"]},{"damage_healed":0.0,"max_hp_gain":0.0,"max_hp_loss":0.0,"gold_gain":0.0,"event_name":"The Woman in Blue","player_choice":"Bought 1 Potion","floor":36.0,"gold_loss":0.0,"damage_taken":0.0}],"is_beta":true,"boss_relics":[{"not_picked":["Busted Crown","Nuclear Battery"],"picked":"Ectoplasm"},{"not_picked":["FrozenCore","Runic Dome"],"picked":"Orrery"}],"items_purged_floors":[11],"is_endless":false,"potions_floor_spawned":[3,7,14,18,19,22,33,40,42,45,48],"killed_by":"Shield and Spear","ascension_level":20}