{"gold_per_floor":[111,111,111,111,30,30,30,73,73,73,113,138,158,201,201,291,291,312,362,382,432,34,55,55,78,129,129,144,187,200,224,224,322,322,346,1345,1345,737,750,750,768,768,846,846,862,886,389,420,420,420,420,420,420,54,85,85],"floor_reached":56,"playtime":3153,"items_purged":["Parasite","Normality","Strike_B","Writhe"],"score":1954,"play_id":"7f488123-af89-47de-a1c3-58f478155d36","local_time":"20190409031116","is_ascension_mode":true,"campfire_choices":[{"data":"Defragment","floor":6.0,"key":"SMITH"},{"data":"Conserve Battery","floor":10.0,"key":"SMITH"},{"floor":15.0,"key":"REST"},{"floor":24.0,"key":"REST"},{"floor":27.0,"key":"REST"},{"floor":32.0,"key":"REST"},{"floor":40.0,"key":"REST"},{"floor":44.0,"key":"RECALL"},{"data":"Fission","floor":49.0,"key":"SMITH"},{"data":"Defragment","floor":53.0,"key":"SMITH"}],"neow_cost":"NONE","seed_source_timestamp":33926554318266,"circlet_count":0,"master_deck":["AscendersBane","Defend_B","Defend_B+1","Defend_B","Defend_B+1","Zap+1","Dualcast","Chill+1","Defragment+1","Conserve Battery+1","Skim","Gash","Gash","Echo Form","Fission+1","All For One+1","Echo Form+1","Rip and Tear+1","Sweeping Beam","Gash","Cold Snap","Electrodynamics","Sweeping Beam","Hologram","Coolheaded","Fission+1","Go for the Eyes","Glacier","Hologram+1","Leap+1","Secret Weapon+1","Defragment+1","Capacitor","Hologram+1","Chaos+1"],"special_seed":0,"relics":["Cracked Core","NeowsBlessing","Golden Idol","Pantograph","Symbiotic Virus","Shuriken","Centennial Puzzle","Astrolabe","War Paint","Potion Belt","Nunchaku","Sozu","Spirit Poop","Ornamental Fan","Sling","Toxic Egg 2","Lantern","Smiling Mask","DataDisk","Bird Faced Urn"],"potions_floor_usage":[56,56,56],"damage_taken":[{"damage":0.0,"enemies":"Jaw Worm","floor":1.0,"turns":1.0},{"damage":0.0,"enemies":"3 Sentries","floor":8.0,"turns":1.0},{"damage":0.0,"enemies":"Lagavulin","floor":11.0,"turns":1.0},{"damage":0.0,"enemies":"Small Slimes","floor":12.0,"turns":3.0},{"damage":0.0,"enemies":"2 Louse","floor":13.0,"turns":2.0},{"damage":30.0,"enemies":"Gremlin Nob","floor":14.0,"turns":4.0},{"damage":23.0,"enemies":"Slime Boss","floor":16.0,"turns":5.0},{"damage":15.0,"enemies":"Shell Parasite","floor":18.0,"turns":5.0},{"damage":11.0,"enemies":"2 Thieves","floor":20.0,"turns":4.0},{"damage":0.0,"enemies":"Snecko","floor":23.0,"turns":3.0},{"damage":15.0,"enemies":"Chosen and Byrds","floor":25.0,"turns":5.0},{"damage":0.0,"enemies":"Sentry and Sphere","floor":28.0,"turns":4.0},{"damage":31.0,"enemies":"Gremlin Leader","floor":29.0,"turns":5.0},{"damage":13.0,"enemies":"Snake Plant","floor":30.0,"turns":3.0},{"damage":1.0,"enemies":"Centurion and Healer","floor":31.0,"turns":5.0},{"damage":31.0,"enemies":"Automaton","floor":33.0,"turns":7.0},{"damage":0.0,"enemies":"Orb Walker","floor":35.0,"turns":3.0},{"damage":2.0,"enemies":"3 Shapes","floor":39.0,"turns":2.0},{"damage":4.0,"enemies":"Transient","floor":41.0,"turns":6.0},{"damage":0.0,"enemies":"Sphere and 2 Shapes","floor":45.0,"turns":5.0},{"damage":11.0,"enemies":"4 Shapes","floor":46.0,"turns":6.0},{"damage":21.0,"enemies":"Nemesis","floor":48.0,"turns":7.0},{"damage":19.0,"enemies":"Awakened One","floor":50.0,"turns":12.0},{"damage":8.0,"enemies":"Donu and Deca","floor":51.0,"turns":8.0},{"damage":48,"enemies":"Shield and Spear","floor":55,"turns":6},{"damage":31,"enemies":"The Heart","floor":56,"turns":3}],"seed_played":"-2678054461560980986","potions_obtained":[{"floor":1.0,"key":"SkillPotion"},{"floor":8.0,"key":"SpeedPotion"},{"floor":16.0,"key":"FocusPotion"},{"floor":20.0,"key":"Swift Potion"},{"floor":23.0,"key":"FocusPotion"},{"floor":29.0,"key":"FearPotion"},{"floor":33.0,"key":"LiquidBronze"}],"is_trial":false,"path_per_floor":["M","?","?","?","$","R","?","E","T","R","E","M","M","E","R","B",null,"M","?","M","?","$","M","R","M","T","R","M","E","M","M","R","B",null,"M","?","?","$","M","R","M","?","T","R","M","M","$","E","R","B","B",null,"R","$","E","B"],"character_chosen":"DEFECT","items_purchased":["Defragment","War Paint","Potion Belt","Ornamental Fan","Sling","Lantern","Leap+1","Secret Weapon+1","DataDisk","Capacitor","Hologram+1"],"campfire_rested":5,"item_purchase_floors":[5,22,22,38,38,47,47,47,54,54,54],"current_hp_per_floor":[64,43,43,43,43,43,59,59,59,59,59,59,59,29,48,41,58,43,43,32,32,32,32,50,35,35,53,53,22,9,8,26,20,51,51,51,51,51,49,61,57,61,61,61,61,50,50,29,29,35,52,59,59,59,11,11],"gold":85,"neow_bonus":"THREE_ENEMY_KILL","is_prod":false,"is_daily":false,"chose_seed":false,"campfire_upgraded":4,"win_rate":0,"timestamp":1554772276,"path_taken":["M","?","?","?","$","R","?","E","T","R","E","?","M","E","R","BOSS","M","?","M","?","$","M","R","M","T","R","M","E","M","?","R","BOSS","M","?","?","$","?","R","M","?","T","R","M","M","$","E","R","BOSS","BOSS","R","$","E","BOSS"],"build_version":"2019-04-04","purchased_purges":4,"victory":false,"max_hp_per_floor":[71,71,64,64,64,64,64,64,64,64,64,64,64,64,64,64,64,64,64,64,64,61,61,61,61,61,61,61,61,61,61,61,61,61,61,61,61,61,61,61,61,61,61,61,61,61,61,61,61,61,61,61,61,61,61,61],"card_choices":[{"not_picked":["Reprogram","Stack"],"picked":"Chill","floor":1.0},{"not_picked":["Barrage","Scrape"],"picked":"Conserve Battery","floor":8.0},{"not_picked":["Conserve Battery","Scrape"],"picked":"Skim","floor":11.0},{"not_picked":["Chill","Steam"],"picked":"Gash","floor":12.0},{"not_picked":["Coolheaded","Scrape"],"picked":"Gash","floor":13.0},{"not_picked":["Gash","Sweeping Beam"],"picked":"Echo Form","floor":14.0},{"not_picked":["Meteor Strike","Rainbow"],"picked":"Fission","floor":16.0},{"not_picked":["Defragment","Conserve Battery"],"picked":"Sweeping Beam","floor":18.0},{"not_picked":["Leap","White Noise"],"picked":"Gash","floor":20.0},{"not_picked":["Storm","Stack"],"picked":"Cold Snap","floor":23.0},{"not_picked":["Stack","Hello World","Redo"],"picked":"SKIP","floor":25.0},{"not_picked":["Sweeping Beam","Scrape"],"picked":"Electrodynamics","floor":28.0},{"not_picked":["Sweeping Beam","Tempest","Reinforced Body"],"picked":"SKIP","floor":29.0},{"not_picked":["Tempest","Reinforced Body"],"picked":"Sweeping Beam","floor":29.0},{"not_picked":["Blizzard","Streamline"],"picked":"Hologram","floor":30.0},{"not_picked":["Static Discharge","Sweeping Beam"],"picked":"Coolheaded","floor":31.0},{"not_picked":["All For One","Rainbow"],"picked":"Fission","floor":33.0},{"not_picked":["Turbo","Streamline"],"picked":"Go for the Eyes","floor":35.0},{"not_picked":["Reinforced Body","Rebound"],"picked":"Glacier","floor":39.0},{"not_picked":["Doom and Gloom+1","Static Discharge","Conserve Battery"],"picked":"SKIP","floor":41.0},{"not_picked":["Compile Driver","BootSequence+1","Multi-Cast+1"],"picked":"SKIP","floor":45.0},{"not_picked":["Compile Driver","BootSequence+1","Multi-Cast+1"],"picked":"SKIP","floor":45.0},{"not_picked":["Go for the Eyes","Darkness+1"],"picked":"Hologram+1","floor":46.0},{"not_picked":["Turbo+1","Coolheaded+1"],"picked":"Defragment","floor":48.0},{"not_picked":["Redo+1","Barrage+1"],"picked":"Chaos+1","floor":55}],"player_experience":1087891,"relics_obtained":[{"floor":8.0,"key":"Pantograph"},{"floor":9.0,"key":"Symbiotic Virus"},{"floor":11.0,"key":"Shuriken"},{"floor":14.0,"key":"Centennial Puzzle"},{"floor":29.0,"key":"Nunchaku"},{"floor":43.0,"key":"Toxic Egg 2"},{"floor":48.0,"key":"Smiling Mask"},{"floor":55,"key":"Bird Faced Urn"}],"event_choices":[{"damage_healed":0.0,"max_hp_gain":0.0,"max_hp_loss":0.0,"gold_gain":0.0,"event_name":"Shining Light","player_choice":"Entered Light","floor":2.0,"gold_loss":0.0,"damage_taken":21.0,"cards_upgraded":["Defend_B","Chill"]},{"damage_healed":0.0,"max_hp_gain":0.0,"max_hp_loss":7.0,"gold_gain":0.0,"event_name":"Golden Idol","player_choice":"Lose Max HP","floor":3.0,"gold_loss":0.0,"damage_taken":0.0,"relics_obtained":["Golden Idol"]},{"damage_healed":0.0,"max_hp_gain":0.0,"max_hp_loss":0.0,"gold_gain":0.0,"event_name":"Living Wall","player_choice":"Grow","floor":4.0,"gold_loss":0.0,"damage_taken":0.0,"cards_upgraded":["Zap"]},{"damage_healed":16.0,"max_hp_gain":0.0,"max_hp_loss":0.0,"gold_gain":0.0,"event_name":"Mushrooms","player_choice":"Healed and dodged fight","floor":7.0,"gold_loss":0.0,"damage_taken":0.0,"cards_obtained":["Parasite"]},{"damage_healed":0.0,"max_hp_gain":0.0,"max_hp_loss":0.0,"gold_gain":50.0,"event_name":"Nest","player_choice":"Stole From Cult","floor":19.0,"gold_loss":0.0,"damage_taken":0.0},{"damage_healed":0.0,"max_hp_gain":0.0,"max_hp_loss":0.0,"gold_gain":100.0,"event_name":"The Joust","player_choice":"Bet on Murderer","floor":21.0,"gold_loss":50.0,"damage_taken":0.0},{"damage_healed":0.0,"max_hp_gain":0.0,"max_hp_loss":0.0,"gold_gain":999.0,"event_name":"MindBloom","player_choice":"Gold","floor":36.0,"gold_loss":0.0,"damage_taken":0.0,"cards_obtained":["Normality","Normality"]},{"cards_removed":["Normality"],"damage_healed":0.0,"max_hp_gain":0.0,"max_hp_loss":0.0,"gold_gain":0.0,"event_name":"Bonfire Elementals","player_choice":"Offered Curse","floor":37.0,"gold_loss":0.0,"damage_taken":0.0,"relics_obtained":["Spirit Poop"]},{"damage_healed":12.0,"max_hp_gain":0.0,"max_hp_loss":0.0,"gold_gain":0.0,"event_name":"Winding Halls","player_choice":"Writhe","floor":42.0,"gold_loss":0.0,"damage_taken":0.0,"cards_obtained":["Writhe"]}],"is_beta":true,"boss_relics":[{"not_picked":["Inserter","Empty Cage"],"picked":"Astrolabe"},{"not_picked":["White Beast Statue","Lizard Tail"],"picked":"Sozu"}],"items_purged_floors":[22,38,47,54],"is_endless":false,"potions_floor_spawned":[1,8,16,20,23,29,33,45,46,48],"killed_by":"The Heart","ascension_level":20}