{"gold_per_floor":[118,118,132,156,9,52,52,70,70,70,100,144,219,252,264,407,419,451,481,517,545,581,137,137,13,37,37,37,58,58,99,99,218,218,237,252,318,342,109,109,148,167,167,198,198,158,158,181,181,181,181,181,20,63,63],"floor_reached":56,"playtime":6342,"items_purged":["Strike_G","Strike_G","Strike_G+1"],"score":1315,"play_id":"5165b555-93ab-468a-847f-dc8b52694bd7","local_time":"20190405080142","is_ascension_mode":true,"campfire_choices":[{"data":"Deadly Poison","floor":7.0,"key":"SMITH"},{"floor":10.0,"key":"REST"},{"floor":15.0,"key":"REST"},{"data":"Backflip","floor":27.0,"key":"SMITH"},{"floor":32.0,"key":"REST"},{"data":"PiercingWail","floor":40.0,"key":"SMITH"},{"floor":45.0,"key":"RECALL"},{"data":"Well Laid Plans","floor":49.0,"key":"SMITH"},{"data":"Crippling Poison","floor":52,"key":"SMITH"}],"neow_cost":"NONE","seed_source_timestamp":0,"circlet_count":0,"master_deck":["Defend_G+1","Defend_G+1","Defend_G+1","Defend_G+1","Defend_G+1","Strike_G+1","Strike_G+1","Survivor+1","Neutralize+1","Deadly Poison+1","Dagger Throw","Backflip+1","Well Laid Plans+1","Calculated Gamble+1","Poisoned Stab","Flying Knee+1","Poisoned Stab+1","Die Die Die+1","Quick Slash+1","PiercingWail","PiercingWail+1","Dash+1","Sucker Punch+1","Flying Knee+1","Crippling Poison+1","Poisoned Stab+1","Catalyst+1","Corpse Explosion","Noxious Fumes+1","Backstab+1","Escape Plan+1","Wraith Form v2+1","Footwork+1"],"special_seed":0,"relics":["Ring of the Snake","Golden Idol","Question Card","Molten Egg 2","Shuriken","Bottled Lightning","MawBank","Orrery","MealTicket","Bag of Preparation","Frozen Egg 2","Busted Crown","Incense Burner","TwistedFunnel","Oddly Smooth Stone","Orichalcum","Torii","Bottled Tornado"],"potions_floor_usage":[55,55],"damage_taken":[{"damage":2.0,"enemies":"2 Louse","floor":1.0,"turns":4.0},{"damage":0.0,"enemies":"Cultist","floor":3.0,"turns":4.0},{"damage":1.0,"enemies":"Jaw Worm","floor":4.0,"turns":2.0},{"damage":22.0,"enemies":"3 Sentries","floor":6.0,"turns":12.0},{"damage":0.0,"enemies":"Large Slime","floor":8.0,"turns":5.0},{"damage":17.0,"enemies":"Gremlin Nob","floor":12.0,"turns":4.0},{"damage":3.0,"enemies":"Lagavulin","floor":14.0,"turns":5.0},{"damage":26.0,"enemies":"Slime Boss","floor":16.0,"turns":9.0},{"damage":2.0,"enemies":"Chosen","floor":18.0,"turns":4.0},{"damage":19.0,"enemies":"2 Thieves","floor":19.0,"turns":4.0},{"damage":17.0,"enemies":"Centurion and Healer","floor":20.0,"turns":6.0},{"damage":15.0,"enemies":"Snake Plant","floor":21.0,"turns":5.0},{"damage":0.0,"enemies":"Snecko","floor":22.0,"turns":4.0},{"damage":2.0,"enemies":"Cultist and Chosen","floor":29.0,"turns":5.0},{"damage":11.0,"enemies":"Slavers","floor":31.0,"turns":7.0},{"damage":50.0,"enemies":"Champ","floor":33.0,"turns":10.0},{"damage":5.0,"enemies":"3 Darklings","floor":35.0,"turns":5.0},{"damage":0.0,"enemies":"3 Shapes","floor":36.0,"turns":3.0},{"damage":30.0,"enemies":"2 Orb Walkers","floor":37.0,"turns":4.0},{"damage":0.0,"enemies":"Transient","floor":38.0,"turns":5.0},{"damage":3.0,"enemies":"Giant Head","floor":41.0,"turns":7.0},{"damage":0.0,"enemies":"Spire Growth","floor":42.0,"turns":3.0},{"damage":8.0,"enemies":"Reptomancer","floor":44.0,"turns":4.0},{"damage":0.0,"enemies":"3 Darklings","floor":48.0,"turns":2.0},{"damage":20.0,"enemies":"Awakened One","floor":50.0,"turns":12.0},{"damage":23,"enemies":"Shield and Spear","floor":54,"turns":4},{"damage":42,"enemies":"The Heart","floor":55,"turns":9}],"seed_played":"1878599642380137812","potions_obtained":[{"floor":4.0,"key":"SteroidPotion"},{"floor":6.0,"key":"Dexterity Potion"},{"floor":14.0,"key":"Explosive Potion"},{"floor":18.0,"key":"Weak Potion"},{"floor":20.0,"key":"GhostInAJar"},{"floor":31.0,"key":"Block Potion"},{"floor":33.0,"key":"GamblersBrew"},{"floor":36.0,"key":"Strength Potion"},{"floor":37.0,"key":"PowerPotion"}],"is_trial":false,"path_per_floor":["M","?","M","M","$","E","R","M","T","R","?","E","?","E","R","B",null,"M","M","M","M","M","$","?","$","T","R","?","M","$","E","R","B",null,"M","M","?","M","$","R","E","M","T","E","R","?","$","M","R","B",null,"R","$","E","B",null],"character_chosen":"THE_SILENT","items_purchased":["Well Laid Plans","MealTicket","Bag of Preparation","GhostInAJar","Block Potion","TwistedFunnel","Noxious Fumes+1","Footwork+1"],"campfire_rested":3,"item_purchase_floors":[5,23,23,25,25,39,39,53],"current_hp_per_floor":[68,51,51,50,50,28,28,28,28,49,49,32,25,22,43,17,70,68,49,32,17,17,17,17,32,32,32,32,30,45,34,55,5,70,65,65,35,35,50,50,47,47,47,39,39,39,54,54,54,34,70,70,70,47,5],"gold":63,"neow_bonus":"UPGRADE_CARD","is_prod":false,"is_daily":false,"chose_seed":false,"campfire_upgraded":5,"win_rate":0,"timestamp":1554469302,"path_taken":["M","?","M","M","$","E","R","M","T","R","?","E","?","E","R","BOSS","M","?","M","M","M","$","?","$","T","R","?","M","$","E","R","BOSS","M","M","?","M","$","R","E","M","T","E","R","?","$","M","R","BOSS","R","$","E","BOSS"],"build_version":"2019-01-23","purchased_purges":3,"victory":true,"max_hp_per_floor":[70,70,70,70,70,70,70,70,70,70,70,70,70,70,70,70,70,70,70,70,70,70,70,70,70,70,70,70,70,70,70,70,70,70,70,70,70,70,70,70,70,70,70,70,70,70,70,70,70,70,70,70,70,70,70],"card_choices":[{"not_picked":["Quick Slash","Flechettes"],"picked":"Deadly Poison","floor":1.0},{"not_picked":["Prepared","Bouncing Flask"],"picked":"Dagger Throw","floor":3.0},{"not_picked":["Reflex","Blade Dance"],"picked":"Backflip","floor":4.0},{"not_picked":["Bane","Slice"],"picked":"Calculated Gamble","floor":6.0},{"not_picked":["Concentrate","Leg Sweep","Backflip"],"picked":"Poisoned Stab","floor":8.0},{"not_picked":["Caltrops","Grand Finale+1","Sucker Punch+1"],"picked":"Flying Knee+1","floor":12.0},{"not_picked":["Dash+1","Finisher+1","Blade Dance"],"picked":"Poisoned Stab+1","floor":14.0},{"not_picked":["Grand Finale+1","After Image","Unload+1"],"picked":"Die Die Die+1","floor":16.0},{"not_picked":["Dodge and Roll","Dagger Throw+1","Blade Dance"],"picked":"Quick Slash+1","floor":17.0},{"not_picked":["Finisher+1","Well Laid Plans","Burst"],"picked":"PiercingWail","floor":17.0},{"not_picked":["Reflex","Endless Agony+1","Cloak And Dagger"],"picked":"PiercingWail","floor":17.0},{"not_picked":["Dagger Throw+1","Well Laid Plans","Acrobatics"],"picked":"Dash+1","floor":17.0},{"not_picked":["Acrobatics","Eviscerate+1","Prepared"],"picked":"Sucker Punch+1","floor":17.0},{"not_picked":["Infinite Blades","Terror","Acrobatics"],"picked":"Flying Knee+1","floor":18.0},{"not_picked":["Tools of the Trade","Acrobatics","Distraction+1"],"picked":"Crippling Poison","floor":19.0},{"not_picked":["Backflip","Expertise","Sucker Punch+1","Dagger Spray+1"],"picked":"SKIP","floor":20.0},{"not_picked":["Setup","Backflip","Sucker Punch+1"],"picked":"Poisoned Stab+1","floor":21.0},{"not_picked":["Skewer+1","Finisher+1","Slice+1","Terror"],"picked":"SKIP","floor":22.0},{"not_picked":["Deflect","Underhanded Strike+1","Sucker Punch+1","Masterful Stab+1"],"picked":"SKIP","floor":29.0},{"not_picked":["Blade Dance","Flying Knee+1","Glass Knife+1"],"picked":"Catalyst+1","floor":31.0},{"not_picked":["A Thousand Cuts+1","Venomology","Storm of Steel"],"picked":"Corpse Explosion","floor":33.0},{"not_picked":["Well Laid Plans+1","Slice+1"],"picked":"SKIP","floor":35.0},{"not_picked":["Quick Slash+1","Acrobatics"],"picked":"SKIP","floor":36.0},{"not_picked":["Bane+1","Deflect"],"picked":"SKIP","floor":38.0},{"not_picked":["Blur"],"picked":"Backstab+1","floor":41.0},{"not_picked":["Flying Knee+1","Backflip"],"picked":"SKIP","floor":42.0},{"not_picked":["Outmaneuver"],"picked":"Escape Plan+1","floor":44.0},{"not_picked":["Bane+1"],"picked":"Wraith Form v2+1","floor":48.0},{"not_picked":["Blade Dance+1","Masterful Stab+1"],"picked":"SKIP","floor":54}],"player_experience":216647,"relics_obtained":[{"floor":6.0,"key":"Question Card"},{"floor":9.0,"key":"Molten Egg 2"},{"floor":12.0,"key":"Bottled Lightning"},{"floor":14.0,"key":"MawBank"},{"floor":31.0,"key":"Frozen Egg 2"},{"floor":37.0,"key":"Incense Burner"},{"floor":41.0,"key":"Oddly Smooth Stone"},{"floor":43.0,"key":"Orichalcum"},{"floor":44.0,"key":"Torii"},{"floor":54,"key":"Bottled Tornado"}],"event_choices":[{"damage_healed":0.0,"max_hp_gain":0.0,"max_hp_loss":0.0,"gold_gain":0.0,"event_name":"Golden Idol","player_choice":"Take Damage","floor":2.0,"gold_loss":0.0,"damage_taken":17.0,"relics_obtained":["Golden Idol"]},{"damage_healed":0.0,"max_hp_gain":0.0,"max_hp_loss":0.0,"gold_gain":30.0,"event_name":"Dead Adventurer","player_choice":"Searched \u00273\u0027 times","floor":11.0,"gold_loss":0.0,"damage_taken":0.0,"relics_obtained":["Shuriken"]},{"damage_healed":0.0,"max_hp_gain":0.0,"max_hp_loss":0.0,"gold_gain":75.0,"event_name":"FaceTrader","player_choice":"Touch","floor":13.0,"gold_loss":0.0,"damage_taken":7.0},{"damage_healed":0.0,"max_hp_gain":0.0,"max_hp_loss":0.0,"gold_gain":0.0,"event_name":"Back to Basics","player_choice":"Simplicity","floor":24.0,"gold_loss":0.0,"damage_taken":0.0,"cards_upgraded":["Defend_G","Defend_G","Defend_G","Defend_G","Defend_G","Strike_G","Strike_G","Strike_G"]},{"damage_healed":0.0,"max_hp_gain":0.0,"max_hp_loss":0.0,"gold_gain":0.0,"event_name":"Cursed Tome","player_choice":"Ignored","floor":28.0,"gold_loss":0.0,"damage_taken":0.0},{"damage_healed":0.0,"max_hp_gain":0.0,"max_hp_loss":0.0,"gold_gain":0.0,"event_name":"Mysterious Sphere","player_choice":"Fight","floor":37.0,"gold_loss":0.0,"damage_taken":0.0},{"damage_healed":0.0,"max_hp_gain":0.0,"max_hp_loss":0.0,"gold_gain":0.0,"event_name":"Designer","player_choice":"Upgraded Two","floor":46.0,"gold_loss":40.0,"damage_taken":0.0,"cards_upgraded":["Calculated Gamble","Survivor"]}],"is_beta":false,"boss_relics":[{"not_picked":["Pandora\u0027s Box","Astrolabe"],"picked":"Orrery"},{"not_picked":["Philosopher\u0027s Stone","Tiny House"],"picked":"Busted Crown"}],"items_purged_floors":[5,23,53],"is_endless":false,"potions_floor_spawned":[4,6,14,18,20,31,33,36,37,44,48],"ascension_level":2}