{"path_per_floor":["M","$","M","M","?","E","R","E","T","M","$","R","M","M","R","B",null,"M","T","?","M","M","R","E","M","T","R","M","T","M","?","R"],"character_chosen":"THE_SILENT","items_purchased":["Footwork","Dodge and Roll","Noxious Fumes"],"gold_per_floor":[116,14,29,42,72,99,99,124,176,186,114,114,132,152,152,248,248,261,288,288,301,316,316,345,360,383,383,400,400,419,419,419],"floor_reached":33,"campfire_rested":6,"playtime":2172,"current_hp_per_floor":[63,63,63,63,51,41,62,14,14,13,13,34,35,29,50,21,70,45,45,45,32,13,34,8,16,16,37,29,29,29,52,70],"items_purged":[],"gold":419,"score":293,"play_id":"281ef971-fd13-40ec-9fa7-4825bd7ec96b","local_time":"20180317171613","is_prod":false,"is_daily":false,"is_ascension_mode":true,"campfire_upgraded":0,"timestamp":1521303373,"path_taken":["M","?","M","?","?","E","R","E","T","M","$","R","M","M","R","BOSS","M","?","?","?","M","R","E","?","T","R","M","?","M","?","R","BOSS"],"build_version":"2018-03-15v2","purchased_purges":1,"victory":false,"master_deck":["Defend_G","Defend_G","Defend_G","Defend_G","Defend_G","Strike_G","Strike_G","Strike_G","Strike_G","Strike_G","Survivor","Neutralize","Doppelganger","Poisoned Stab","Footwork","Dodge and Roll","Noxious Fumes","Bane","Poisoned Stab","Noxious Fumes","Distraction","Burst","Dodge and Roll+1","Writhe","Dodge and Roll","PiercingWail","PiercingWail"],"max_hp_per_floor":[70,70,70,70,70,70,70,70,70,70,70,70,70,70,70,70,70,70,70,70,70,70,70,70,70,70,70,70,70,70,70,70],"relics":["Ring of the Snake","Tiny Chest","Bottled Flame","Bottled Tornado","Ancient Tea Set","Lizard Tail","Oddly Smooth Stone","Paper Crane","Orichalcum","Happy Flower","Thread and Needle"],"card_choices":[{"not_picked":["Dash","Acrobatics"],"picked":"Poisoned Stab"},{"not_picked":["Poisoned Stab","Deadly Poison"],"picked":"Noxious Fumes"},{"not_picked":["Cloak And Dagger","Crippling Poison"],"picked":"Bane"},{"not_picked":["Tools of the Trade","Deadly Poison"],"picked":"Poisoned Stab"},{"not_picked":["Deflect","Dodge and Roll"],"picked":"Distraction"},{"not_picked":["Venomology","Grand Finale"],"picked":"Burst"},{"not_picked":["Dash","Deadly Poison"],"picked":"Dodge and Roll"},{"not_picked":["Cloak And Dagger","Slice"],"picked":"Dodge and Roll"},{"not_picked":["Outmaneuver","Dagger Spray"],"picked":"PiercingWail"},{"not_picked":["Dodge and Roll","Acrobatics"],"picked":"PiercingWail"}],"player_experience":171678,"potions_floor_usage":[10,13,16,16,21,22,24,33],"damage_taken":[{"damage":7,"enemies":"Cultist","floor":1,"turns":5},{"damage":0,"enemies":"Small Slimes","floor":3,"turns":5},{"damage":0,"enemies":"2 Louse","floor":4,"turns":4},{"damage":10,"enemies":"Lagavulin","floor":6,"turns":7},{"damage":48,"enemies":"Gremlin Nob","floor":8,"turns":5},{"damage":1,"enemies":"Red Slaver","floor":10,"turns":4},{"damage":5,"enemies":"Looter","floor":13,"turns":2},{"damage":6,"enemies":"3 Louse","floor":14,"turns":5},{"damage":29,"enemies":"Slime Boss","floor":16,"turns":8},{"damage":25,"enemies":"Chosen","floor":18,"turns":8},{"damage":13,"enemies":"3 Byrds","floor":21,"turns":5},{"damage":19,"enemies":"Cultist and Chosen","floor":22,"turns":9},{"damage":26,"enemies":"Gremlin Leader","floor":24,"turns":9},{"damage":34,"enemies":"3 Cultists","floor":25,"turns":6},{"damage":8,"enemies":"Snake Plant","floor":28,"turns":5},{"damage":0,"enemies":"Centurion and Healer","floor":30,"turns":7},{"damage":70,"enemies":"Automaton","floor":33,"turns":12}],"event_choices":[{"event_name":"Scrap Ooze","player_choice":"success","floor":5,"damage_taken":12},{"event_name":"The Mausoleum","player_choice":"Yes","floor":20,"damage_taken":0},{"event_name":"The Library","player_choice":"Heal","floor":31,"damage_taken":0}],"boss_relics":[{"not_picked":["Astrolabe","Ectoplasm"],"picked":"Lizard Tail"}],"potions_floor_spawned":[3,8,10,13,16,18,21,25],"seed_played":"-7100119721543737990","killed_by":"Automaton","ascension_level":1,"is_trial":false}