{"gold_per_floor":[112,37,112,71,85,85,119,129,129,129,163,175,175,175,175,278,278,297,197,2,17,17,44,44,61,129,148,148,159,171,188,188,291,291,302,302,28,28,40,40,53,53,76,91,41,68,81,81,81,81],"floor_reached":51,"playtime":5549,"items_purged":["Clumsy","Strike_R","Fire Breathing+1"],"score":685,"play_id":"d3732c21-67b4-4b18-b616-0a72e43e894a","local_time":"20190327054014","is_ascension_mode":true,"campfire_choices":[{"data":"Spot Weakness","floor":6.0,"key":"SMITH"},{"data":"Fire Breathing","floor":10.0,"key":"SMITH"},{"data":"Seeing Red","floor":13.0,"key":"SMITH"},{"floor":15.0,"key":"REST"},{"data":"Limit Break","floor":24.0,"key":"SMITH"},{"data":"Apotheosis","floor":28.0,"key":"SMITH"},{"floor":32.0,"key":"REST"},{"data":"Fiend Fire","floor":40,"key":"SMITH"},{"data":"Fire Breathing","floor":42,"key":"SMITH"},{"data":"Combust","floor":49,"key":"SMITH"}],"neow_cost":"CURSE","seed_source_timestamp":0,"circlet_count":0,"master_deck":["Strike_R","Strike_R","Strike_R","Strike_R","Defend_R","Defend_R","Defend_R","Defend_R","Bash","Anger","Rupture","Spot Weakness+1","Fiend Fire+1","Fire Breathing+1","Seeing Red+1","Limit Break+1","Rage","Apotheosis+1","Shrug It Off+1","Combust+1","True Grit+1","Limit Break+1","Seeing Red+1","Impervious+1","Inflame+1","Limit Break+1","Shrug It Off+1","Parasite","Metamorphosis+1"],"special_seed":0,"relics":["Burning Blood","Unceasing Top","Pocketwatch","Gambling Chip","Bronze Scales","Runic Cube","Matryoshka","Bag of Marbles","Toxic Egg 2","Coffee Dripper","DollysMirror","Smiling Mask","Pen Nib","Regal Pillow"],"potions_floor_usage":[41,50,50],"damage_taken":[{"damage":6.0,"enemies":"Jaw Worm","floor":1.0,"turns":5.0},{"damage":5.0,"enemies":"Small Slimes","floor":5.0,"turns":3.0},{"damage":26.0,"enemies":"Lagavulin","floor":7.0,"turns":7.0},{"damage":0.0,"enemies":"Cultist","floor":8.0,"turns":2.0},{"damage":16.0,"enemies":"Gremlin Nob","floor":11.0,"turns":3.0},{"damage":13.0,"enemies":"Lots of Slimes","floor":12.0,"turns":3.0},{"damage":62.0,"enemies":"Slime Boss","floor":16.0,"turns":8.0},{"damage":32.0,"enemies":"Chosen","floor":18.0,"turns":4.0},{"damage":0.0,"enemies":"Spheric Guardian","floor":21.0,"turns":3.0},{"damage":34.0,"enemies":"Slavers","floor":23.0,"turns":4.0},{"damage":2.0,"enemies":"3 Cultists","floor":25.0,"turns":4.0},{"damage":11.0,"enemies":"Snake Plant","floor":27.0,"turns":3.0},{"damage":11.0,"enemies":"Snecko","floor":29.0,"turns":5.0},{"damage":2.0,"enemies":"Shelled Parasite and Fungi","floor":30.0,"turns":4.0},{"damage":22.0,"enemies":"Sentry and Sphere","floor":31.0,"turns":4.0},{"damage":5.0,"enemies":"Automaton","floor":33.0,"turns":6.0},{"damage":1.0,"enemies":"Orb Walker","floor":35.0,"turns":3.0},{"damage":11.0,"enemies":"3 Shapes","floor":39.0,"turns":3.0},{"damage":0,"enemies":"3 Darklings","floor":41,"turns":4},{"damage":6,"enemies":"Transient","floor":44,"turns":5},{"damage":10,"enemies":"Writhing Mass","floor":47,"turns":6},{"damage":41,"enemies":"Donu and Deca","floor":50,"turns":4}],"seed_played":"5887753151157375727","potions_obtained":[{"floor":1.0,"key":"AttackPotion"},{"floor":7.0,"key":"GamblersBrew"},{"floor":8.0,"key":"SpeedPotion"},{"floor":18.0,"key":"SkillPotion"},{"floor":25.0,"key":"SkillPotion"},{"floor":29.0,"key":"Weak Potion"},{"floor":31.0,"key":"Explosive Potion"},{"floor":33.0,"key":"Dexterity Potion"},{"floor":39,"key":"SkillPotion"},{"floor":44,"key":"Weak Potion"}],"is_trial":false,"path_per_floor":["M","$","?","$","M","R","E","M","T","R","E","M","R","?","R","B",null,"M","$","$","M","$","E","R","M","T","M","R","M","M","M","R","B",null,"M","?","$","?","M","R","M","R","T","M","$","T","M","?","R","B",null],"character_chosen":"IRONCLAD","items_purchased":["Rupture","Apotheosis","Inflame","DollysMirror"],"campfire_rested":2,"item_purchase_floors":[4,20,37,37],"current_hp_per_floor":[80,80,69,69,70,70,50,56,56,56,46,39,39,39,63,7,80,54,54,54,60,60,32,32,36,36,31,31,26,30,14,38,39,80,80,80,80,80,75,75,80,80,80,80,80,80,76,76,76,41],"gold":81,"neow_bonus":"ONE_RARE_RELIC","is_prod":false,"is_daily":false,"chose_seed":false,"campfire_upgraded":8,"win_rate":0,"timestamp":1553683214,"path_taken":["M","$","?","$","M","R","E","M","T","R","E","M","R","?","R","BOSS","M","?","$","M","$","E","R","M","T","?","R","M","M","M","R","BOSS","M","?","$","?","M","R","M","R","T","?","$","?","M","?","R","BOSS"],"build_version":"2019-01-23","purchased_purges":3,"victory":true,"max_hp_per_floor":[80,80,80,80,80,80,80,80,80,80,80,80,80,80,80,80,80,80,80,80,80,80,80,80,80,80,80,80,80,80,80,80,80,80,80,80,80,80,80,80,80,80,80,80,80,80,80,80,80,80],"card_choices":[{"not_picked":["Warcry","Iron Wave"],"picked":"Anger","floor":1.0},{"not_picked":["Heavy Blade","Entrench"],"picked":"Spot Weakness","floor":5.0},{"not_picked":["Hemokinesis","Anger"],"picked":"Fiend Fire","floor":7.0},{"not_picked":["Anger","Body Slam"],"picked":"Fire Breathing","floor":8.0},{"not_picked":["Searing Blow","Clash"],"picked":"Seeing Red","floor":11.0},{"not_picked":["Havoc","Heavy Blade","Twin Strike"],"picked":"SKIP","floor":12.0},{"not_picked":["Offering","Fiend Fire"],"picked":"Limit Break","floor":16.0},{"not_picked":["Havoc","Dual Wield"],"picked":"Rage","floor":18.0},{"not_picked":["Whirlwind+1","Twin Strike+1"],"picked":"Shrug It Off+1","floor":21.0},{"not_picked":["Heavy Blade","Wild Strike"],"picked":"Fire Breathing","floor":23.0},{"not_picked":["Headbutt","Clothesline"],"picked":"Combust","floor":25.0},{"not_picked":["Blood for Blood+1","Searing Blow"],"picked":"True Grit+1","floor":27.0},{"not_picked":["Clothesline","Thunderclap+1"],"picked":"Limit Break+1","floor":29.0},{"not_picked":["Hemokinesis","Sentinel+1","Rampage+1"],"picked":"SKIP","floor":30.0},{"not_picked":["Warcry+1","Combust"],"picked":"Seeing Red+1","floor":31.0},{"not_picked":["Berserk","Double Tap+1"],"picked":"Impervious+1","floor":33.0},{"not_picked":["Body Slam","Battle Trance+1","Blood for Blood+1"],"picked":"SKIP","floor":35.0},{"not_picked":["Clash","Blood for Blood+1","Combust"],"picked":"SKIP","floor":39},{"not_picked":["Anger","Sword Boomerang"],"picked":"Shrug It Off+1","floor":41},{"not_picked":["Immolate","Warcry+1","Disarm+1"],"picked":"SKIP","floor":44},{"not_picked":["Power Through+1","Entrench+1","Perfected Strike"],"picked":"SKIP","floor":47},{"not_picked":["Secret Weapon+1","Dramatic Entrance"],"picked":"Metamorphosis+1","floor":48}],"player_experience":143571,"relics_obtained":[{"floor":7.0,"key":"Pocketwatch"},{"floor":9.0,"key":"Gambling Chip"},{"floor":11.0,"key":"Bronze Scales"},{"floor":23.0,"key":"Matryoshka"},{"floor":26.0,"key":"Bag of Marbles"},{"floor":26.0,"key":"Toxic Egg 2"},{"floor":43,"key":"Smiling Mask"},{"floor":43,"key":"Pen Nib"},{"floor":46,"key":"Regal Pillow"}],"event_choices":[{"damage_healed":0.0,"max_hp_gain":0.0,"max_hp_loss":0.0,"gold_gain":75.0,"event_name":"World of Goop","player_choice":"Gather Gold","floor":3.0,"gold_loss":0.0,"damage_taken":11.0},{"damage_healed":0.0,"max_hp_gain":0.0,"max_hp_loss":0.0,"gold_gain":0.0,"event_name":"Match and Keep!","player_choice":"0 cards matched","floor":14.0,"gold_loss":0.0,"damage_taken":0.0,"cards_obtained":[]},{"damage_healed":0.0,"max_hp_gain":0.0,"max_hp_loss":0.0,"gold_gain":0.0,"event_name":"Mysterious Sphere","player_choice":"Ignored","floor":36.0,"gold_loss":0.0,"damage_taken":0.0},{"damage_healed":0.0,"max_hp_gain":0.0,"max_hp_loss":0.0,"gold_gain":0.0,"event_name":"Accursed Blacksmith","player_choice":"Forge","floor":38.0,"gold_loss":0.0,"damage_taken":0.0,"cards_upgraded":["Inflame"]},{"damage_healed":0,"gold_gain":0,"player_choice":"Memory 1","damage_taken":0,"max_hp_gain":0,"max_hp_loss":0,"event_name":"SensoryStone","floor":48,"gold_loss":0}],"is_beta":false,"boss_relics":[{"not_picked":["Calling Bell","Eternal Feather"],"picked":"Runic Cube"},{"not_picked":["Tiny House","Black Star"],"picked":"Coffee Dripper"}],"items_purged_floors":[2,19,45],"is_endless":false,"potions_floor_spawned":[1,7,8,18,25,29,31,33,39,44],"ascension_level":1}