{"gold_per_floor":[110,120,120,43,43,78,97,110,182,211,161,161,184,195,195,300,300,311,311,311,329,343,343,217,231,257,275,275,275,275,3,3,103,103,117,31,0,100,100,100,120,120,120,133,148,166,194,24,24,24],"floor_reached":51,"playtime":6971,"items_purged":["Strike_G","Defend_G","Defend_G"],"score":693,"play_id":"be31def1-2b04-4436-a3dd-bc22059e2a38","local_time":"20190325083756","is_ascension_mode":true,"campfire_choices":[{"data":"A Thousand Cuts","floor":12.0,"key":"SMITH"},{"data":"Cloak And Dagger","floor":15.0,"key":"SMITH"},{"data":"Accuracy","floor":23.0,"key":"SMITH"},{"data":"Cloak And Dagger","floor":28.0,"key":"SMITH"},{"data":"Cloak And Dagger","floor":30.0,"key":"SMITH"},{"data":"Neutralize","floor":32.0,"key":"SMITH"},{"data":"Dodge and Roll","floor":40,"key":"SMITH"},{"data":"Blade Dance","floor":42,"key":"SMITH"},{"data":"Noxious Fumes","floor":49,"key":"SMITH"}],"neow_cost":"PERCENT_DAMAGE","seed_source_timestamp":0,"circlet_count":0,"master_deck":["Defend_G","Defend_G","Strike_G","Strike_G","Survivor","Neutralize+1","Dash+1","Dodge and Roll+1","Accuracy+1","Dodge and Roll","A Thousand Cuts+1","Leg Sweep","Cloak And Dagger+1","Adrenaline","Cloak And Dagger+1","Prepared","Cloak And Dagger+1","Blade Dance+1","Acrobatics+1","Outmaneuver+1","Parasite","Noxious Fumes+1","Noxious Fumes+1"],"special_seed":0,"relics":["Ring of the Snake","StoneCalendar","Tingsha","Bottled Lightning","Dream Catcher","Odd Mushroom","Eternal Feather","Blood Vial","Membership Card","Sozu","Red Mask","Gambling Chip","Kunai","The Specimen","Ninja Scroll"],"potions_floor_usage":[],"damage_taken":[{"damage":0.0,"enemies":"Cultist","floor":1.0,"turns":5.0},{"damage":0.0,"enemies":"Jaw Worm","floor":2.0,"turns":5.0},{"damage":0.0,"enemies":"Lagavulin","floor":6.0,"turns":7.0},{"damage":0.0,"enemies":"2 Louse","floor":7.0,"turns":2.0},{"damage":0.0,"enemies":"Exordium Wildlife","floor":8.0,"turns":4.0},{"damage":9.0,"enemies":"Gremlin Nob","floor":10.0,"turns":4.0},{"damage":9.0,"enemies":"The Mushroom Lair","floor":13.0,"turns":5.0},{"damage":5.0,"enemies":"2 Fungi Beasts","floor":14.0,"turns":5.0},{"damage":24.0,"enemies":"The Guardian","floor":16.0,"turns":11.0},{"damage":0.0,"enemies":"Shell Parasite","floor":18.0,"turns":7.0},{"damage":4.0,"enemies":"3 Byrds","floor":21.0,"turns":4.0},{"damage":9.0,"enemies":"Centurion and Healer","floor":22.0,"turns":7.0},{"damage":0.0,"enemies":"Snecko","floor":25.0,"turns":7.0},{"damage":14.0,"enemies":"Snake Plant","floor":27.0,"turns":5.0},{"damage":11.0,"enemies":"Collector","floor":33.0,"turns":11.0},{"damage":0,"enemies":"3 Shapes","floor":35,"turns":4},{"damage":8,"enemies":"Mind Bloom Boss Battle","floor":38,"turns":7},{"damage":0,"enemies":"3 Darklings","floor":41,"turns":3},{"damage":0,"enemies":"Transient","floor":44,"turns":5},{"damage":0,"enemies":"Writhing Mass","floor":45,"turns":5},{"damage":1,"enemies":"Maw","floor":46,"turns":7},{"damage":10,"enemies":"Giant Head","floor":47,"turns":8},{"damage":25,"enemies":"Awakened One","floor":50,"turns":11}],"seed_played":"-2761857158148726378","potions_obtained":[{"floor":2.0,"key":"SteroidPotion"},{"floor":6.0,"key":"SteroidPotion"},{"floor":7.0,"key":"AttackPotion"},{"floor":8.0,"key":"AttackPotion"},{"floor":13.0,"key":"FearPotion"},{"floor":21.0,"key":"GhostInAJar"},{"floor":22.0,"key":"Swift Potion"},{"floor":25.0,"key":"Poison Potion"}],"is_trial":false,"path_per_floor":["M","M","?","$","?","E","M","M","T","E","?","R","?","M","R","B",null,"M","?","?","M","M","R","$","M","T","M","R","?","R","$","R","B",null,"M","$","?","?","?","R","M","R","T","M","M","M","E","$","R","B",null],"character_chosen":"THE_SILENT","items_purchased":["Accuracy","Cloak And Dagger","Membership Card","Dexterity Potion","Blade Dance","Ninja Scroll","Noxious Fumes"],"campfire_rested":0,"item_purchase_floors":[4,24,31,31,36,48,48],"current_hp_per_floor":[49,49,49,49,49,49,49,49,49,40,40,40,31,26,26,2,70,70,70,70,66,57,69,69,69,69,56,68,68,70,70,70,59,70,70,70,70,62,62,70,70,70,70,70,70,69,60,60,70,45],"gold":24,"neow_bonus":"ONE_RARE_RELIC","is_prod":false,"is_daily":false,"chose_seed":false,"campfire_upgraded":9,"win_rate":0,"timestamp":1553521076,"path_taken":["M","?","?","$","?","E","?","M","T","E","?","R","?","M","R","BOSS","M","?","?","M","M","R","$","M","T","M","R","?","R","$","R","BOSS","M","$","?","?","?","R","M","R","T","?","M","M","E","$","R","BOSS"],"build_version":"2019-01-23","purchased_purges":3,"victory":true,"max_hp_per_floor":[70,70,70,70,70,70,70,70,70,70,70,70,70,70,70,70,70,70,70,70,70,70,70,70,70,70,70,70,70,70,70,70,70,70,70,70,70,70,70,70,70,70,70,70,70,70,70,70,70,70],"card_choices":[{"not_picked":["Dodge and Roll","Blade Dance"],"picked":"Dash","floor":1.0},{"not_picked":["PiercingWail","Terror"],"picked":"Dodge and Roll","floor":2.0},{"not_picked":["Catalyst","Poisoned Stab","Skewer"],"picked":"SKIP","floor":6.0},{"not_picked":["Sucker Punch","Flying Knee","Noxious Fumes"],"picked":"SKIP","floor":7.0},{"not_picked":["Bane","Deflect"],"picked":"Dodge and Roll","floor":8.0},{"not_picked":["Leg Sweep","Catalyst"],"picked":"A Thousand Cuts","floor":10.0},{"not_picked":["Skewer","Dagger Spray"],"picked":"Leg Sweep","floor":13.0},{"not_picked":["Flying Knee","Bane"],"picked":"Cloak And Dagger","floor":14.0},{"not_picked":["Tools of the Trade","Die Die Die"],"picked":"Adrenaline","floor":16.0},{"not_picked":["Backflip","Slice+1"],"picked":"Cloak And Dagger","floor":18.0},{"not_picked":["Skewer","Dodge and Roll","Acrobatics"],"picked":"SKIP","floor":21.0},{"not_picked":["Outmaneuver","Flying Knee"],"picked":"Prepared","floor":22.0},{"not_picked":["Deadly Poison+1","Flying Knee","Deflect"],"picked":"SKIP","floor":25.0},{"not_picked":["Burst","Bouncing Flask+1","Flying Knee"],"picked":"SKIP","floor":27.0},{"not_picked":["PiercingWail","Poisoned Stab","Quick Slash"],"picked":"SKIP","floor":35},{"not_picked":["PiercingWail+1","Quick Slash"],"picked":"Acrobatics+1","floor":38},{"not_picked":["Deflect","Prepared+1","Envenom"],"picked":"SKIP","floor":41},{"not_picked":["Riddle With Holes+1","Deflect"],"picked":"Outmaneuver+1","floor":44},{"not_picked":["Blade Dance","Underhanded Strike","Flying Knee"],"picked":"SKIP","floor":45},{"not_picked":["Outmaneuver+1","Choke+1","Dagger Spray"],"picked":"SKIP","floor":46},{"not_picked":["Masterful Stab+1","All Out Attack+1"],"picked":"Noxious Fumes+1","floor":47}],"player_experience":118856,"relics_obtained":[{"floor":6.0,"key":"Tingsha"},{"floor":9.0,"key":"Bottled Lightning"},{"floor":10.0,"key":"Dream Catcher"},{"floor":13.0,"key":"Odd Mushroom"},{"floor":26.0,"key":"Blood Vial"},{"floor":38,"key":"Gambling Chip"},{"floor":43,"key":"Kunai"},{"floor":47,"key":"The Specimen"}],"event_choices":[{"damage_healed":0.0,"max_hp_gain":0.0,"max_hp_loss":0.0,"gold_gain":0.0,"event_name":"Living Wall","player_choice":"Grow","floor":3.0,"gold_loss":0.0,"damage_taken":0.0,"cards_upgraded":["Dash"]},{"cards_removed":["Strike_G"],"damage_healed":0.0,"max_hp_gain":0.0,"max_hp_loss":0.0,"gold_gain":0.0,"event_name":"Purifier","player_choice":"Purged","floor":5.0,"gold_loss":0.0,"damage_taken":0.0},{"cards_removed":["Strike_G"],"damage_healed":0.0,"max_hp_gain":0.0,"max_hp_loss":0.0,"gold_gain":0.0,"event_name":"The Cleric","player_choice":"Card Removal","floor":11.0,"gold_loss":50.0,"damage_taken":0.0},{"damage_healed":0.0,"max_hp_gain":0.0,"max_hp_loss":0.0,"gold_gain":0.0,"event_name":"Mushrooms","player_choice":"Fought Mushrooms","floor":13.0,"gold_loss":0.0,"damage_taken":0.0},{"damage_healed":0.0,"max_hp_gain":0.0,"max_hp_loss":0.0,"gold_gain":0.0,"event_name":"The Mausoleum","player_choice":"Ignored","floor":19.0,"gold_loss":0.0,"damage_taken":0.0},{"damage_healed":0.0,"max_hp_gain":0.0,"max_hp_loss":0.0,"gold_gain":0.0,"event_name":"Vampires","player_choice":"Ignored","floor":20.0,"gold_loss":0.0,"damage_taken":0.0},{"cards_removed":["Defend_G"],"damage_healed":0.0,"max_hp_gain":0.0,"max_hp_loss":0.0,"gold_gain":0.0,"event_name":"Back to Basics","player_choice":"Elegance","floor":29.0,"gold_loss":0.0,"damage_taken":0.0},{"damage_healed":0,"gold_gain":0,"player_choice":"Paid","damage_taken":0,"relics_obtained":["Red Mask"],"max_hp_gain":0,"max_hp_loss":0,"event_name":"Tomb of Lord Red Mask","floor":37,"gold_loss":31},{"damage_healed":0,"gold_gain":0,"player_choice":"Fight","damage_taken":0,"max_hp_gain":0,"max_hp_loss":0,"event_name":"MindBloom","floor":38,"gold_loss":0},{"damage_healed":0,"gold_gain":0,"player_choice":"Got Potions","damage_taken":0,"max_hp_gain":0,"max_hp_loss":0,"event_name":"Lab","floor":39,"gold_loss":0}],"is_beta":false,"boss_relics":[{"not_picked":["Runic Dome","White Beast Statue"],"picked":"Eternal Feather"},{"not_picked":["Tiny House","Fusion Hammer"],"picked":"Sozu"}],"items_purged_floors":[24,31,36],"is_endless":false,"potions_floor_spawned":[2,6,7,8,13,21,22,25,38,44,45,46,47],"ascension_level":1}