{"gold_per_floor":[110,110,125,125,152,152,184,184,184,218,233,67,84,84,84,156,156,172,172,172,172,97,130,130,165,165,105],"floor_reached":27,"playtime":654,"items_purged":["Pain"],"score":610,"play_id":"2ec5d24d-041f-4657-9229-c8f2f550fdd5","local_time":"20190405175104","is_ascension_mode":true,"campfire_choices":[{"data":"Consume","floor":6.0,"key":"SMITH"},{"data":"Zap","floor":8.0,"key":"SMITH"},{"data":"Defragment","floor":15.0,"key":"SMITH"},{"data":"Rainbow","floor":24.0,"key":"SMITH"}],"neow_cost":"NONE","seed_source_timestamp":22528106370624,"circlet_count":0,"master_deck":["AscendersBane","Strike_B+1","Strike_B","Strike_B+1","Defend_B","Defend_B+1","Defend_B","Defend_B","Zap+1","Dualcast","Consume+1","Capacitor","Coolheaded","Defragment+1","Rainbow+1","Ball Lightning","Loop","Coolheaded+1"],"special_seed":0,"relics":["Cracked Core","NeowsBlessing","Pocketwatch","PreservedInsect","Whetstone","Mummified Hand","Ornamental Fan","Juzu Bracelet","Eternal Feather","WarpedTongs","Turnip","Blood Vial","War Paint"],"potions_floor_usage":[27],"damage_taken":[{"damage":0.0,"enemies":"Small Slimes","floor":1.0,"turns":1.0},{"damage":0.0,"enemies":"Jaw Worm","floor":3.0,"turns":1.0},{"damage":0.0,"enemies":"Gremlin Nob","floor":7.0,"turns":1.0},{"damage":0.0,"enemies":"Lagavulin","floor":10.0,"turns":3.0},{"damage":0.0,"enemies":"Cultist","floor":11.0,"turns":3.0},{"damage":12.0,"enemies":"Lots of Slimes","floor":13.0,"turns":4.0},{"damage":6.0,"enemies":"Hexaghost","floor":16.0,"turns":9.0},{"damage":0.0,"enemies":"3 Byrds","floor":18.0,"turns":5.0},{"damage":12.0,"enemies":"Gremlin Leader","floor":23.0,"turns":5.0},{"damage":56.0,"enemies":"Slavers","floor":25.0,"turns":5.0},{"damage":20,"enemies":"2 Thieves","floor":27,"turns":2}],"seed_played":"-2488976137349383883","potions_obtained":[{"floor":1.0,"key":"Explosive Potion"},{"floor":10.0,"key":"GamblersBrew"},{"floor":14.0,"key":"Block Potion"},{"floor":14.0,"key":"FairyPotion"},{"floor":25.0,"key":"FocusPotion"}],"is_trial":false,"path_per_floor":["M","?","M","?","T","R","E","R","T","E","M","$","M","?","R","B",null,"M","?","$","?","$","E","R","E","T","M"],"character_chosen":"DEFECT","items_purchased":["Juzu Bracelet"],"campfire_rested":0,"item_purchase_floors":[12],"current_hp_per_floor":[64,57,57,46,46,46,46,46,46,46,46,46,34,34,34,28,60,60,60,60,60,60,48,57,1,1,0],"gold":105,"neow_bonus":"THREE_ENEMY_KILL","is_prod":false,"is_daily":false,"chose_seed":false,"campfire_upgraded":4,"win_rate":0,"timestamp":1554479464,"path_taken":["M","?","M","?","?","R","E","R","T","E","M","?","M","?","R","BOSS","M","?","?","?","$","E","R","E","T","M"],"build_version":"2019-04-04","purchased_purges":1,"victory":false,"max_hp_per_floor":[71,71,71,71,71,71,71,71,71,71,71,71,71,71,71,71,71,71,71,71,71,71,71,71,71,71,71],"card_choices":[{"not_picked":["Storm","Turbo"],"picked":"Consume","floor":1.0},{"not_picked":["Melter","Rebound","Turbo"],"picked":"SKIP","floor":3.0},{"not_picked":["Capacitor","Compile Driver","Sunder"],"picked":"SKIP","floor":7.0},{"not_picked":["Compile Driver","Sunder"],"picked":"Capacitor","floor":7.0},{"not_picked":["Turbo","Beam Cell"],"picked":"Coolheaded","floor":10.0},{"not_picked":["Multi-Cast","Storm"],"picked":"Defragment","floor":11.0},{"not_picked":["Redo","Chaos","Beam Cell"],"picked":"SKIP","floor":13.0},{"not_picked":["Biased Cognition","All For One"],"picked":"Rainbow","floor":16.0},{"not_picked":["Turbo","Force Field+1"],"picked":"Ball Lightning","floor":18.0},{"not_picked":["FTL","Hologram"],"picked":"Loop","floor":23.0},{"not_picked":["Streamline","Barrage"],"picked":"Coolheaded","floor":25.0}],"player_experience":1070087,"relics_obtained":[{"floor":5.0,"key":"PreservedInsect"},{"floor":7.0,"key":"Whetstone"},{"floor":9.0,"key":"Mummified Hand"},{"floor":10.0,"key":"Ornamental Fan"},{"floor":23.0,"key":"Turnip"},{"floor":25.0,"key":"Blood Vial"},{"floor":26.0,"key":"War Paint"}],"event_choices":[{"cards_removed":["Strike_B"],"damage_healed":0.0,"max_hp_gain":0.0,"max_hp_loss":0.0,"gold_gain":0.0,"event_name":"Golden Wing","player_choice":"Card Removal","floor":2.0,"gold_loss":0.0,"damage_taken":7.0},{"damage_healed":0.0,"max_hp_gain":0.0,"max_hp_loss":0.0,"gold_gain":0.0,"event_name":"Scrap Ooze","player_choice":"Success","floor":4.0,"gold_loss":0.0,"damage_taken":11.0,"relics_obtained":["Pocketwatch"]},{"damage_healed":0.0,"max_hp_gain":0.0,"max_hp_loss":0.0,"gold_gain":0.0,"event_name":"Lab","player_choice":"Got Potions","floor":14.0,"gold_loss":0.0,"damage_taken":0.0},{"damage_healed":0.0,"max_hp_gain":0.0,"max_hp_loss":0.0,"gold_gain":0.0,"event_name":"N\u0027loth","player_choice":"Ignored","floor":19.0,"gold_loss":0.0,"damage_taken":0.0},{"damage_healed":0.0,"max_hp_gain":0.0,"max_hp_loss":0.0,"gold_gain":0.0,"event_name":"Accursed Blacksmith","player_choice":"Rummage","floor":21.0,"gold_loss":0.0,"damage_taken":0.0,"relics_obtained":["WarpedTongs"],"cards_obtained":["Pain"]}],"is_beta":true,"boss_relics":[{"not_picked":["White Beast Statue","Empty Cage"],"picked":"Eternal Feather"}],"items_purged_floors":[22],"is_endless":false,"potions_floor_spawned":[1,10,16,23,25],"killed_by":"2 Thieves","ascension_level":20}