{"gold_per_floor":[118,130,130,130,144,169,184,184,184,184,216,15,32,49,49,148,148,167,167,178,178,378,405,405,421,421,453,453,472,472,172,172,270,270,283,300,300,316,335,335,349,367,367,367,367,367,367,381,381,381],"floor_reached":51,"playtime":3965,"items_purged":["Strike_R","Strike_R"],"score":674,"play_id":"8804f391-17c4-4e0e-8513-889a446a586e","local_time":"20190224045518","is_ascension_mode":false,"campfire_choices":[{"floor":8.0,"key":"REST"},{"data":"Heavy Blade","floor":10.0,"key":"SMITH"},{"data":"Heavy Blade","floor":15.0,"key":"SMITH"},{"floor":24.0,"key":"REST"},{"floor":28.0,"key":"REST"},{"data":"1","floor":30.0,"key":"LIFT"},{"floor":32.0,"key":"REST"},{"data":"2","floor":40.0,"key":"LIFT"},{"floor":44.0,"key":"REST"},{"data":"3","floor":46,"key":"LIFT"},{"floor":49,"key":"REST"}],"neow_cost":"TEN_PERCENT_HP_LOSS","seed_source_timestamp":0,"circlet_count":0,"master_deck":["Strike_R","Strike_R","Defend_R+1","Defend_R","Defend_R","Defend_R+1","Bash","Inflame+1","Body Slam","Inflame","Heavy Blade+1","Burning Pact+1","Fire Breathing","Combust","Shrug It Off","Heavy Blade+1","Juggernaut","Evolve","Flex+1","Double Tap","Power Through","Flex","Armaments","Brutality","True Grit+1","Clothesline+1","Parasite","Inflame","Battle Trance","Corruption","Metallicize+1"],"special_seed":0,"relics":["Burning Blood","Nunchaku","Bottled Lightning","Mummified Hand","War Paint","Lizard Tail","Pantograph","Girya","Dream Catcher","Ornamental Fan","Bag of Preparation","Fusion Hammer","Omamori"],"potions_floor_usage":[48,50,50],"damage_taken":[{"damage":0.0,"enemies":"Small Slimes","floor":1.0,"turns":3.0},{"damage":4.0,"enemies":"2 Louse","floor":2.0,"turns":4.0},{"damage":6.0,"enemies":"Cultist","floor":5.0,"turns":4.0},{"damage":27.0,"enemies":"Gremlin Nob","floor":6.0,"turns":5.0},{"damage":11.0,"enemies":"Large Slime","floor":7.0,"turns":5.0},{"damage":10.0,"enemies":"3 Sentries","floor":11.0,"turns":5.0},{"damage":2.0,"enemies":"Exordium Thugs","floor":13.0,"turns":4.0},{"damage":0.0,"enemies":"Blue Slaver","floor":14.0,"turns":3.0},{"damage":20.0,"enemies":"The Guardian","floor":16.0,"turns":6.0},{"damage":2.0,"enemies":"Spheric Guardian","floor":18.0,"turns":3.0},{"damage":19.0,"enemies":"Shell Parasite","floor":20.0,"turns":6.0},{"damage":13.0,"enemies":"Colosseum Slavers","floor":21.0,"turns":3.0},{"damage":31.0,"enemies":"Slavers","floor":23.0,"turns":5.0},{"damage":24.0,"enemies":"Cultist and Chosen","floor":25.0,"turns":5.0},{"damage":46.0,"enemies":"Gremlin Leader","floor":27.0,"turns":4.0},{"damage":14.0,"enemies":"Snecko","floor":29.0,"turns":4.0},{"damage":47.0,"enemies":"Automaton","floor":33.0,"turns":6.0},{"damage":29.0,"enemies":"3 Darklings","floor":35.0,"turns":5.0},{"damage":7.0,"enemies":"3 Shapes","floor":36.0,"turns":4.0},{"damage":2.0,"enemies":"Writhing Mass","floor":38.0,"turns":4.0},{"damage":13.0,"enemies":"Jaw Worm Horde","floor":39.0,"turns":5.0},{"damage":5.0,"enemies":"4 Shapes","floor":41.0,"turns":6.0},{"damage":21.0,"enemies":"3 Darklings","floor":42.0,"turns":5.0},{"damage":6,"enemies":"Transient","floor":48,"turns":5},{"damage":48,"enemies":"Awakened One","floor":50,"turns":9}],"seed_played":"-5904469607043750979","potions_obtained":[{"floor":2.0,"key":"Energy Potion"},{"floor":5.0,"key":"EssenceOfSteel"},{"floor":20.0,"key":"GamblersBrew"},{"floor":27.0,"key":"PowerPotion"},{"floor":29.0,"key":"PowerPotion"},{"floor":38.0,"key":"Swift Potion"}],"is_trial":false,"path_per_floor":["M","M","?","?","M","E","M","R","T","R","E","$","M","M","R","B",null,"M","T","M","?","?","E","R","M","T","E","R","M","R","$","R","B",null,"M","M","?","M","M","R","M","M","T","R","?","R","?","M","R","B",null],"character_chosen":"IRONCLAD","items_purchased":["Combust","Swift Potion","Strength Potion","Bag of Preparation"],"campfire_rested":6,"item_purchase_floors":[12,12,31,31],"current_hp_per_floor":[72,72,58,58,58,37,32,53,53,53,49,49,53,59,59,45,72,72,72,59,52,52,27,48,30,30,27,48,40,40,40,61,31,72,49,48,48,52,45,45,46,31,31,52,52,52,52,52,72,30],"gold":381,"neow_bonus":"ONE_RARE_RELIC","is_prod":false,"is_daily":false,"chose_seed":false,"campfire_upgraded":2,"win_rate":0,"timestamp":1550955318,"path_taken":["M","M","?","?","M","E","M","R","T","R","E","$","M","M","R","BOSS","M","?","M","?","?","E","R","M","T","E","R","?","R","$","R","BOSS","M","M","?","M","M","R","M","M","T","R","?","R","?","?","R","BOSS"],"build_version":"2019-01-23","purchased_purges":2,"victory":true,"max_hp_per_floor":[72,72,72,72,72,72,72,72,72,72,72,72,72,72,72,72,72,72,72,72,72,72,72,72,72,72,72,72,72,72,72,72,72,72,72,72,72,72,72,72,72,72,72,72,72,72,72,72,72,72],"card_choices":[{"not_picked":["Iron Wave","Intimidate"],"picked":"Inflame","floor":1.0},{"not_picked":["Wild Strike","True Grit"],"picked":"Body Slam","floor":2.0},{"not_picked":["Headbutt","Fire Breathing"],"picked":"Inflame","floor":5.0},{"not_picked":["Pommel Strike","Clothesline"],"picked":"Heavy Blade","floor":6.0},{"not_picked":["Perfected Strike","Pummel"],"picked":"Burning Pact","floor":7.0},{"not_picked":["Double Tap","Reckless Charge"],"picked":"Fire Breathing","floor":11.0},{"not_picked":["Burning Pact","Ghostly Armor"],"picked":"Shrug It Off","floor":13.0},{"not_picked":["Twin Strike","Headbutt"],"picked":"Heavy Blade","floor":14.0},{"not_picked":["Immolate","Exhume"],"picked":"Juggernaut","floor":16.0},{"not_picked":["Clash+1","Power Through"],"picked":"Evolve","floor":18.0},{"not_picked":["Havoc","Burning Pact","Uppercut"],"picked":"SKIP","floor":20.0},{"not_picked":["Burning Pact","Cleave","Shockwave"],"picked":"SKIP","floor":23.0},{"not_picked":["Havoc+1","Warcry"],"picked":"Flex+1","floor":25.0},{"not_picked":["Bludgeon","Havoc"],"picked":"Double Tap","floor":27.0},{"not_picked":["Hemokinesis+1","Heavy Blade+1"],"picked":"Power Through","floor":28.0},{"not_picked":["Clothesline+1","Impervious"],"picked":"Flex","floor":29.0},{"not_picked":["Cleave+1","Sword Boomerang"],"picked":"Armaments","floor":32.0},{"not_picked":["Immolate","Exhume"],"picked":"Brutality","floor":33.0},{"not_picked":["Headbutt+1","Havoc"],"picked":"True Grit+1","floor":35.0},{"not_picked":["Clash","Twin Strike"],"picked":"Clothesline+1","floor":36.0},{"not_picked":["Wild Strike+1","Pommel Strike+1"],"picked":"Inflame","floor":38.0},{"not_picked":["Body Slam","Clash+1"],"picked":"Battle Trance","floor":39.0},{"not_picked":["Clash+1","Body Slam+1","Cleave+1"],"picked":"SKIP","floor":41.0},{"not_picked":["Disarm","Dual Wield+1","True Grit+1"],"picked":"SKIP","floor":42.0},{"not_picked":["Seeing Red+1","Iron Wave"],"picked":"Corruption","floor":44.0},{"not_picked":["Corruption+1","Reckless Charge+1"],"picked":"Metallicize+1","floor":48}],"player_experience":90046,"relics_obtained":[{"floor":6.0,"key":"Bottled Lightning"},{"floor":9.0,"key":"Mummified Hand"},{"floor":11.0,"key":"War Paint"},{"floor":19.0,"key":"Pantograph"},{"floor":23.0,"key":"Girya"},{"floor":26.0,"key":"Dream Catcher"},{"floor":27.0,"key":"Ornamental Fan"},{"floor":43.0,"key":"Omamori"}],"event_choices":[{"damage_healed":0.0,"max_hp_gain":0.0,"max_hp_loss":0.0,"gold_gain":0.0,"event_name":"Shining Light","player_choice":"Entered Light","floor":3.0,"gold_loss":0.0,"damage_taken":14.0,"cards_upgraded":["Inflame","Defend_R"]},{"cards_removed":["Strike_R"],"damage_healed":0.0,"max_hp_gain":0.0,"max_hp_loss":0.0,"gold_gain":0.0,"event_name":"Purifier","player_choice":"Purged","floor":4.0,"gold_loss":0.0,"damage_taken":0.0},{"damage_healed":0.0,"max_hp_gain":0.0,"max_hp_loss":0.0,"gold_gain":0.0,"event_name":"Colosseum","player_choice":"Fight","floor":21.0,"gold_loss":0.0,"damage_taken":0.0},{"damage_healed":0.0,"max_hp_gain":0.0,"max_hp_loss":0.0,"gold_gain":0.0,"event_name":"Colosseum","player_choice":"Fled From Nobs","floor":21.0,"gold_loss":0.0,"damage_taken":0.0},{"damage_healed":0.0,"max_hp_gain":0.0,"max_hp_loss":0.0,"gold_gain":200.0,"event_name":"Wheel of Change","player_choice":"Gold","floor":22.0,"gold_loss":0.0,"damage_taken":0.0},{"damage_healed":0.0,"max_hp_gain":0.0,"max_hp_loss":0.0,"gold_gain":0.0,"event_name":"Tomb of Lord Red Mask","player_choice":"Ignored","floor":37.0,"gold_loss":0.0,"damage_taken":0.0},{"damage_healed":0,"gold_gain":0,"player_choice":"Ignored","damage_taken":0,"max_hp_gain":0,"max_hp_loss":0,"event_name":"Mysterious Sphere","floor":45,"gold_loss":0},{"damage_healed":0,"gold_gain":0,"player_choice":"Ignored","damage_taken":0,"max_hp_gain":0,"max_hp_loss":0,"event_name":"SecretPortal","floor":47,"gold_loss":0}],"is_beta":false,"boss_relics":[{"not_picked":["Runic Dome","Ectoplasm"],"picked":"Lizard Tail"},{"not_picked":["Calling Bell","Velvet Choker"],"picked":"Fusion Hammer"}],"items_purged_floors":[12,31],"is_endless":false,"potions_floor_spawned":[2,5,14,20,21,27,29,38,41],"ascension_level":0}