{"gold_per_floor":[113,113,113,126,51,51,76,76,76,76,88,104,123,137,137,236,236,236,236,89,89,89,89,89,89,89,89,89,89,89,89,89,89,89,89,89,89,89,89,89,89,89,89,89,13,13,13,13,13,13],"floor_reached":50,"playtime":2930,"items_purged":["Strike_R"],"score":496,"play_id":"f56c2486-d8af-4648-861b-546ad6b11904","local_time":"20190411004603","is_ascension_mode":false,"campfire_choices":[{"data":"Inflame","floor":6,"key":"SMITH"},{"data":"Limit Break","floor":8,"key":"SMITH"},{"data":"Bash","floor":10,"key":"SMITH"},{"data":"Warcry","floor":15,"key":"SMITH"},{"data":"Warcry","floor":23,"key":"SMITH"},{"data":"RitualDagger","floor":25,"key":"SMITH"},{"floor":32,"key":"REST"},{"data":"Pommel Strike","floor":41,"key":"SMITH"},{"data":"Defend_R","floor":47,"key":"SMITH"},{"floor":49,"key":"REST"}],"neow_cost":"NONE","seed_source_timestamp":64055619891029,"circlet_count":0,"master_deck":["Strike_R+1","Strike_R","Strike_R","Strike_R","Defend_R+1","Defend_R","Defend_R","Defend_R+1","Inflame+1","Limit Break+1","Headbutt","Warcry+1","Rupture+1","Headbutt","Whirlwind+1","RitualDagger+1","Warcry+1","Pommel Strike+1","Battle Trance","Demon Form+1","Pommel Strike+1"],"relics":["Burning Blood","NeowsBlessing","Bronze Scales","Frozen Egg 2","Ectoplasm","Vajra","PreservedInsect","Velvet Choker","Old Coin"],"potions_floor_usage":[16,19,19,27,29,30,30,35,37,37,48,50],"damage_taken":[{"damage":0,"enemies":"2 Louse","floor":1,"turns":1},{"damage":0,"enemies":"Small Slimes","floor":4,"turns":1},{"damage":0,"enemies":"3 Sentries","floor":7,"turns":2},{"damage":1,"enemies":"Cultist","floor":11,"turns":3},{"damage":2,"enemies":"Blue Slaver","floor":12,"turns":4},{"damage":8,"enemies":"Exordium Wildlife","floor":13,"turns":4},{"damage":16,"enemies":"Lots of Slimes","floor":14,"turns":4},{"damage":44,"enemies":"Hexaghost","floor":16,"turns":7},{"damage":16,"enemies":"3 Byrds","floor":18,"turns":4},{"damage":15,"enemies":"Shell Parasite","floor":19,"turns":4},{"damage":25,"enemies":"Snecko","floor":24,"turns":4},{"damage":11,"enemies":"Snake Plant","floor":27,"turns":2},{"damage":5,"enemies":"Chosen and Byrds","floor":29,"turns":4},{"damage":4,"enemies":"Snecko","floor":30,"turns":4},{"damage":21,"enemies":"Snake Plant","floor":31,"turns":3},{"damage":40,"enemies":"Champ","floor":33,"turns":7},{"damage":15,"enemies":"Orb Walker","floor":35,"turns":2},{"damage":12,"enemies":"3 Shapes","floor":36,"turns":5},{"damage":6,"enemies":"3 Darklings","floor":37,"turns":3},{"damage":34,"enemies":"4 Shapes","floor":44,"turns":3},{"damage":35,"enemies":"Maw","floor":48,"turns":5},{"damage":46,"enemies":"Donu and Deca","floor":50,"turns":3}],"seed_played":"4051932254552076315","potions_obtained":[{"floor":1,"key":"Poison Potion"},{"floor":7,"key":"BloodPotion"},{"floor":14,"key":"SpeedPotion"},{"floor":16,"key":"FearPotion"},{"floor":24,"key":"AttackPotion"},{"floor":27,"key":"Swift Potion"},{"floor":28,"key":"SmokeBomb"},{"floor":28,"key":"PowerPotion"},{"floor":31,"key":"Swift Potion"},{"floor":33,"key":"LiquidBronze"},{"floor":35,"key":"Energy Potion"},{"floor":36,"key":"SkillPotion"}],"is_trial":false,"path_per_floor":["M","?","?","M","$","R","E","R","T","R","M","M","M","M","R","B",null,"M","M","$","?","?","R","M","R","T","M","?","M","M","M","R","B",null,"M","M","M","?","$","?","R","$","T","M","$","?","R","M","R","B"],"character_chosen":"IRONCLAD","items_purchased":["Vajra","BloodPotion"],"campfire_rested":2,"item_purchase_floors":[20,45],"current_hp_per_floor":[80,64,64,70,70,70,76,76,76,76,80,80,78,68,68,38,80,70,61,61,55,55,55,36,36,36,31,31,32,34,19,43,9,80,71,65,65,65,65,60,60,60,60,32,32,32,32,11,35,0],"gold":13,"neow_bonus":"THREE_ENEMY_KILL","is_prod":false,"is_daily":false,"chose_seed":false,"campfire_upgraded":8,"win_rate":0,"timestamp":1554936363,"path_taken":["M","?","?","M","$","R","E","R","T","R","M","?","M","M","R","BOSS","M","M","$","?","?","R","M","R","T","M","?","M","M","M","R","BOSS","M","?","M","?","$","?","R","$","T","M","$","?","R","?","R","BOSS"],"build_version":"2019-01-23","purchased_purges":1,"victory":false,"max_hp_per_floor":[80,80,80,80,80,80,80,80,80,80,80,80,80,80,80,80,80,80,80,80,80,80,80,80,80,80,80,80,80,80,80,80,80,80,80,80,80,80,80,80,80,80,80,80,80,80,80,80,80,80],"card_choices":[{"not_picked":["Iron Wave","Clothesline","True Grit"],"picked":"SKIP","floor":1},{"not_picked":["Anger","True Grit"],"picked":"Inflame","floor":4},{"not_picked":["Seeing Red","True Grit"],"picked":"Limit Break","floor":7},{"not_picked":["Combust+1","Iron Wave"],"picked":"Headbutt","floor":11},{"not_picked":["Havoc","Pommel Strike"],"picked":"Warcry","floor":12},{"not_picked":["Clash","Thunderclap"],"picked":"Rupture+1","floor":13},{"not_picked":["Thunderclap","Blood for Blood"],"picked":"Headbutt","floor":14},{"not_picked":["Thunderclap","Perfected Strike+1","Body Slam"],"picked":"SKIP","floor":18},{"not_picked":["Clash","Heavy Blade+1"],"picked":"Whirlwind+1","floor":19},{"not_picked":["Clash","Body Slam"],"picked":"Pommel Strike+1","floor":24},{"not_picked":["Anger","True Grit+1","Second Wind"],"picked":"SKIP","floor":27},{"not_picked":["Twin Strike+1","Thunderclap","Havoc+1"],"picked":"SKIP","floor":29},{"not_picked":["Flame Barrier","Cleave+1"],"picked":"Battle Trance","floor":31},{"not_picked":["Barricade+1","Impervious"],"picked":"Demon Form+1","floor":33},{"not_picked":["Clash+1","Searing Blow+1","Pommel Strike"],"picked":"SKIP","floor":35},{"not_picked":["Spot Weakness+1","Feel No Pain+1"],"picked":"Pommel Strike","floor":36},{"not_picked":["Heavy Blade","Spot Weakness+1","Entrench+1"],"picked":"SKIP","floor":37},{"not_picked":["Intimidate","Bloodletting+1","Power Through+1"],"picked":"SKIP","floor":44},{"not_picked":["Second Wind","Dropkick","Dual Wield+1"],"picked":"SKIP","floor":48}],"player_experience":238765,"relics_obtained":[{"floor":7,"key":"Bronze Scales"},{"floor":9,"key":"Frozen Egg 2"},{"floor":26,"key":"PreservedInsect"},{"floor":43,"key":"Old Coin"}],"event_choices":[{"damage_healed":0,"gold_gain":0,"player_choice":"Entered Light","damage_taken":16,"max_hp_gain":0,"max_hp_loss":0,"event_name":"Shining Light","floor":2,"gold_loss":0,"cards_upgraded":["Strike_R","Defend_R"]},{"damage_healed":0,"gold_gain":0,"player_choice":"Ignored","damage_taken":0,"max_hp_gain":0,"max_hp_loss":0,"event_name":"NoteForYourself","floor":3,"gold_loss":0},{"damage_healed":0,"gold_gain":0,"player_choice":"Joined the Cult","damage_taken":6,"max_hp_gain":0,"max_hp_loss":0,"event_name":"Nest","floor":21,"gold_loss":0,"cards_obtained":["RitualDagger"]},{"damage_healed":0,"gold_gain":0,"player_choice":"Read","damage_taken":0,"max_hp_gain":0,"max_hp_loss":0,"event_name":"The Library","floor":22,"gold_loss":0,"cards_obtained":["Warcry"]},{"damage_healed":0,"gold_gain":0,"player_choice":"Got Potions","damage_taken":0,"max_hp_gain":0,"max_hp_loss":0,"event_name":"Lab","floor":28,"gold_loss":0},{"cards_removed":["Bash"],"damage_healed":0,"gold_gain":0,"player_choice":"Removed Attack","damage_taken":0,"max_hp_gain":0,"max_hp_loss":0,"event_name":"Falling","floor":38,"gold_loss":0},{"damage_healed":0,"gold_gain":0,"player_choice":"Memory 2","damage_taken":5,"max_hp_gain":0,"max_hp_loss":0,"event_name":"SensoryStone","floor":40,"gold_loss":0},{"damage_healed":0,"gold_gain":0,"player_choice":"Ignored","damage_taken":0,"max_hp_gain":0,"max_hp_loss":0,"event_name":"The Moai Head","floor":46,"gold_loss":0}],"is_beta":false,"boss_relics":[{"not_picked":["Calling Bell","Fusion Hammer"],"picked":"Ectoplasm"},{"not_picked":["Black Blood","Eternal Feather"],"picked":"Velvet Choker"}],"items_purged_floors":[5],"is_endless":false,"potions_floor_spawned":[1,7,14,16,24,27,30,31,33,35,36],"killed_by":"Donu and Deca","ascension_level":0}