{"gold_per_floor":[118,268,268,1,1,1,41,41,41,76,1,1,14,14,14,110,110,128,144,162,162,162,162],"floor_reached":23,"playtime":560,"items_purged":["Doubt"],"score":490,"play_id":"ad3c972d-06c1-40c3-80b8-97126e595cb4","local_time":"20190410222236","is_ascension_mode":true,"campfire_choices":[{"data":"Zap","floor":6.0,"key":"SMITH"},{"data":"Compile Driver","floor":8.0,"key":"SMITH"},{"data":"Dualcast","floor":12.0,"key":"SMITH"},{"floor":15.0,"key":"RECALL"}],"neow_cost":"NONE","seed_source_timestamp":31498949455372,"circlet_count":0,"master_deck":["AscendersBane","Strike_B","Strike_B","Strike_B","Strike_B","Defend_B","Defend_B","Defend_B","Defend_B","Zap+1","Dualcast+1","Compile Driver+1","Doom and Gloom+1","Ball Lightning+1","Coolheaded+1","Electrodynamics","Chill","Go for the Eyes+1","Sweeping Beam+1","Ghostly","Ghostly","Ghostly"],"special_seed":0,"relics":["Cracked Core","NeowsBlessing","Golden Idol","Molten Egg 2","Strawberry","Potion Belt","Black Star"],"potions_floor_usage":[23],"damage_taken":[{"damage":0.0,"enemies":"Small Slimes","floor":1.0,"turns":1.0},{"damage":0.0,"enemies":"3 Sentries","floor":7.0,"turns":1.0},{"damage":0.0,"enemies":"Gremlin Nob","floor":10.0,"turns":1.0},{"damage":1.0,"enemies":"2 Louse","floor":13.0,"turns":2.0},{"damage":39.0,"enemies":"The Guardian","floor":16.0,"turns":12.0},{"damage":20.0,"enemies":"2 Thieves","floor":18.0,"turns":2.0},{"damage":0.0,"enemies":"Chosen","floor":19.0,"turns":3.0},{"damage":12.0,"enemies":"Shelled Parasite and Fungi","floor":20.0,"turns":7.0},{"damage":34,"enemies":"Slavers","floor":23,"turns":3}],"seed_played":"5719558029944306045","potions_obtained":[{"floor":1.0,"key":"Weak Potion"},{"floor":13.0,"key":"SteroidPotion"},{"floor":16.0,"key":"SteroidPotion"},{"floor":20.0,"key":"Regen Potion"}],"is_trial":false,"path_per_floor":["M","?","?","$","?","R","E","R","T","E","$","R","M","?","R","B",null,"M","M","M","?","?","E"],"character_chosen":"DEFECT","items_purchased":["Molten Egg 2"],"campfire_rested":0,"item_purchase_floors":[4],"current_hp_per_floor":[64,64,64,64,64,64,71,71,71,71,71,71,70,70,70,31,61,41,41,29,29,29,0],"gold":162,"neow_bonus":"THREE_ENEMY_KILL","is_prod":false,"is_daily":false,"chose_seed":false,"campfire_upgraded":3,"win_rate":0,"timestamp":1554927756,"path_taken":["M","?","?","$","?","R","E","R","T","E","$","R","M","?","R","BOSS","M","M","M","?","?","E"],"build_version":"2019-04-04","purchased_purges":1,"victory":false,"max_hp_per_floor":[71,71,64,64,64,64,71,71,71,71,71,71,71,71,71,71,71,71,71,71,71,35,35],"card_choices":[{"not_picked":["Heatsinks","Stack"],"picked":"Compile Driver","floor":1.0},{"not_picked":["Heatsinks","Rip and Tear+1"],"picked":"Doom and Gloom+1","floor":7.0},{"not_picked":["Aggregate","Compile Driver+1"],"picked":"Ball Lightning+1","floor":10.0},{"not_picked":["Redo","Recycle"],"picked":"Coolheaded","floor":13.0},{"not_picked":["Multi-Cast","Meteor Strike+1"],"picked":"Electrodynamics","floor":16.0},{"not_picked":["Steam","Auto Shields"],"picked":"Chill","floor":18.0},{"not_picked":["Reinforced Body","Leap"],"picked":"Go for the Eyes+1","floor":19.0},{"not_picked":["Undo","Lockon+1"],"picked":"Sweeping Beam+1","floor":20.0}],"player_experience":1098336,"relics_obtained":[{"floor":7.0,"key":"Strawberry"},{"floor":10.0,"key":"Potion Belt"}],"event_choices":[{"damage_healed":0.0,"max_hp_gain":0.0,"max_hp_loss":0.0,"gold_gain":150.0,"event_name":"Liars Game","player_choice":"AGREE","floor":2.0,"gold_loss":0.0,"damage_taken":0.0,"cards_obtained":["Doubt"]},{"damage_healed":0.0,"max_hp_gain":0.0,"max_hp_loss":7.0,"gold_gain":0.0,"event_name":"Golden Idol","player_choice":"Lose Max HP","floor":3.0,"gold_loss":0.0,"damage_taken":0.0,"relics_obtained":["Golden Idol"]},{"damage_healed":0.0,"max_hp_gain":0.0,"max_hp_loss":0.0,"gold_gain":0.0,"event_name":"The Cleric","player_choice":"Leave","floor":5.0,"gold_loss":0.0,"damage_taken":0.0},{"damage_healed":0.0,"max_hp_gain":0.0,"max_hp_loss":0.0,"gold_gain":0.0,"event_name":"Living Wall","player_choice":"Grow","floor":14.0,"gold_loss":0.0,"damage_taken":0.0,"cards_upgraded":["Coolheaded"]},{"damage_healed":0.0,"max_hp_gain":0.0,"max_hp_loss":0.0,"gold_gain":0.0,"event_name":"Cursed Tome","player_choice":"Ignored","floor":21.0,"gold_loss":0.0,"damage_taken":0.0},{"damage_healed":0.0,"max_hp_gain":0.0,"max_hp_loss":36.0,"gold_gain":0.0,"event_name":"Ghosts","player_choice":"Became a Ghost","floor":22.0,"gold_loss":0.0,"damage_taken":0.0,"cards_obtained":["Ghostly","Ghostly","Ghostly"]}],"is_beta":true,"boss_relics":[{"not_picked":["Astrolabe","Busted Crown"],"picked":"Black Star"}],"items_purged_floors":[11],"is_endless":false,"potions_floor_spawned":[1,13,16,20],"killed_by":"Slavers","ascension_level":20}