{"gold_per_floor":[119,135,153,10,21,21,51,62,62,72,72,99,119,144,144,246,246,259,51,51,63,75,75,100,120,120,120,134,146,177,196,196,296,296,311,327,343,191,191,191,202,202,202,277,296,309,40,58,58,58],"floor_reached":50,"playtime":9459,"items_purged":["Strike_G","Strike_G"],"score":605,"play_id":"4b3915b7-dba7-4367-a897-5e2921c988e7","local_time":"20190320222240","is_ascension_mode":true,"campfire_choices":[{"data":"Footwork","floor":6,"key":"SMITH"},{"data":"Catalyst","floor":11,"key":"SMITH"},{"data":"Cloak And Dagger","floor":15,"key":"SMITH"},{"data":"Accuracy","floor":23,"key":"SMITH"},{"data":"Envenom","floor":27,"key":"SMITH"},{"data":"Neutralize","floor":32,"key":"SMITH"},{"data":"Accuracy","floor":40,"key":"SMITH"},{"floor":42,"key":"REST"},{"floor":49,"key":"REST"}],"neow_cost":"NONE","seed_source_timestamp":49671929820513,"circlet_count":0,"master_deck":["Defend_G","Defend_G","Defend_G","Defend_G","Defend_G","Strike_G","Strike_G","Strike_G","Survivor","Neutralize+1","Doppelganger","Slice","Prepared","Catalyst+1","Footwork+1","Cloak And Dagger+1","Quick Slash","Sucker Punch","Crippling Poison+1","Outmaneuver+1","Blade Dance+1","After Image","Bouncing Flask+1","After Image","Cloak And Dagger+1","Blade Dance+1","Bandage Up+1","Well Laid Plans","Accuracy+1","Cloak And Dagger+1","Envenom+1","Blade Dance+1","Bullet Time+1","Night Terror+1","Accuracy+1","Night Terror+1","Panache"],"relics":["Ring of the Snake","Toxic Egg 2","Gambling Chip","Odd Mushroom","Tingsha","WristBlade","Bottled Flame","Gremlin Horn","Calipers","Runic Pyramid","StoneCalendar"],"potions_floor_usage":[7,7,7,18,24,24,24,33,33,41,48,50],"damage_taken":[{"damage":2,"enemies":"Jaw Worm","floor":1,"turns":7},{"damage":0,"enemies":"Cultist","floor":2,"turns":4},{"damage":2,"enemies":"Small Slimes","floor":3,"turns":3},{"damage":0,"enemies":"Exordium Thugs","floor":5,"turns":7},{"damage":11,"enemies":"Gremlin Nob","floor":7,"turns":6},{"damage":1,"enemies":"2 Fungi Beasts","floor":8,"turns":5},{"damage":0,"enemies":"Large Slime","floor":10,"turns":8},{"damage":8,"enemies":"The Mushroom Lair","floor":12,"turns":3},{"damage":0,"enemies":"3 Louse","floor":13,"turns":3},{"damage":0,"enemies":"Lagavulin","floor":14,"turns":7},{"damage":14,"enemies":"Hexaghost","floor":16,"turns":7},{"damage":17,"enemies":"2 Thieves","floor":18,"turns":5},{"damage":0,"enemies":"3 Byrds","floor":21,"turns":4},{"damage":3,"enemies":"Shelled Parasite and Fungi","floor":22,"turns":4},{"damage":4,"enemies":"Slavers","floor":24,"turns":5},{"damage":0,"enemies":"Chosen and Byrds","floor":25,"turns":6},{"damage":9,"enemies":"Snake Plant","floor":28,"turns":6},{"damage":0,"enemies":"3 Cultists","floor":29,"turns":4},{"damage":0,"enemies":"Gremlin Leader","floor":30,"turns":3},{"damage":7,"enemies":"Centurion and Healer","floor":31,"turns":4},{"damage":8,"enemies":"Collector","floor":33,"turns":7},{"damage":17,"enemies":"3 Shapes","floor":35,"turns":3},{"damage":9,"enemies":"3 Darklings","floor":36,"turns":5},{"damage":33,"enemies":"Transient","floor":37,"turns":5},{"damage":2,"enemies":"Maw","floor":41,"turns":6},{"damage":0,"enemies":"Jaw Worm Horde","floor":45,"turns":5},{"damage":1,"enemies":"Sphere and 2 Shapes","floor":46,"turns":6},{"damage":14,"enemies":"3 Darklings","floor":48,"turns":3},{"damage":69,"enemies":"Donu and Deca","floor":50,"turns":6}],"seed_played":"5571063135423006539","potions_obtained":[{"floor":1,"key":"Energy Potion"},{"floor":3,"key":"Weak Potion"},{"floor":5,"key":"SpeedPotion"},{"floor":14,"key":"SneckoOil"},{"floor":18,"key":"Weak Potion"},{"floor":20,"key":"AttackPotion"},{"floor":20,"key":"EssenceOfSteel"},{"floor":20,"key":"Energy Potion"},{"floor":29,"key":"Energy Potion"},{"floor":31,"key":"AttackPotion"},{"floor":36,"key":"Block Potion"},{"floor":45,"key":"Explosive Potion"},{"floor":46,"key":"Strength Potion"}],"is_trial":false,"path_per_floor":["M","M","M","$","M","R","E","M","T","M","R","?","M","E","R","B",null,"M","$","?","M","M","R","E","M","T","R","M","M","E","M","R","B",null,"M","M","M","$","?","R","M","R","T","?","M","M","$","M","R","B"],"character_chosen":"THE_SILENT","items_purchased":["Footwork","Cloak And Dagger","Quick Slash","Blade Dance+1","Bandage Up+1","Well Laid Plans","Accuracy","Panache"],"campfire_rested":2,"item_purchase_floors":[4,4,4,19,19,19,38,47],"current_hp_per_floor":[68,68,66,66,66,66,55,54,54,54,54,46,46,46,46,32,70,53,53,53,59,56,56,58,64,64,64,61,67,67,63,63,61,70,53,50,17,17,17,17,21,42,42,35,41,46,46,38,59,0],"gold":58,"neow_bonus":"ONE_RANDOM_RARE_CARD","is_prod":false,"is_daily":false,"chose_seed":false,"campfire_upgraded":7,"win_rate":0,"timestamp":1553138560,"path_taken":["M","M","M","$","M","R","E","M","T","M","R","?","M","E","R","BOSS","M","$","?","M","?","R","E","?","T","R","M","M","E","M","R","BOSS","M","M","M","$","?","R","?","R","T","?","M","M","$","?","R","BOSS"],"build_version":"2019-01-23","purchased_purges":2,"victory":false,"max_hp_per_floor":[70,70,70,70,70,70,70,70,70,70,70,70,70,70,70,70,70,70,70,70,70,70,70,70,70,70,70,70,70,70,70,70,70,70,70,70,70,70,70,70,70,70,70,70,70,70,70,70,70,70],"card_choices":[{"not_picked":["Endless Agony","Eviscerate"],"picked":"Slice","floor":1},{"not_picked":["Dash","Blade Dance"],"picked":"Prepared","floor":2},{"not_picked":["Dodge and Roll","Distraction"],"picked":"Catalyst","floor":3},{"not_picked":["Expertise","Blur","Underhanded Strike"],"picked":"SKIP","floor":5},{"not_picked":["Quick Slash","Expertise"],"picked":"Sucker Punch","floor":7},{"not_picked":["Flechettes","Quick Slash"],"picked":"Crippling Poison+1","floor":8},{"not_picked":["Quick Slash","Terror+1"],"picked":"Outmaneuver+1","floor":10},{"not_picked":["Underhanded Strike","Distraction+1"],"picked":"Blade Dance+1","floor":12},{"not_picked":["Infinite Blades","Deflect+1"],"picked":"After Image","floor":13},{"not_picked":["Quick Slash","Heel Hook"],"picked":"Bouncing Flask+1","floor":14},{"not_picked":["Doppelganger+1","Venomology+1"],"picked":"After Image","floor":16},{"not_picked":["Finisher","Reflex+1"],"picked":"Cloak And Dagger+1","floor":18},{"not_picked":["Quick Slash+1","Dagger Spray+1","Eviscerate+1"],"picked":"SKIP","floor":21},{"not_picked":["Dodge and Roll+1","Dash"],"picked":"Accuracy","floor":22},{"not_picked":["Outmaneuver+1","Quick Slash"],"picked":"Cloak And Dagger+1","floor":24},{"not_picked":["Underhanded Strike","Quick Slash"],"picked":"Envenom","floor":25},{"not_picked":["Poisoned Stab","Quick Slash","Underhanded Strike"],"picked":"SKIP","floor":28},{"not_picked":["Quick Slash","Dodge and Roll+1"],"picked":"Blade Dance+1","floor":29},{"not_picked":["Escape Plan+1","Riddle With Holes"],"picked":"Bullet Time+1","floor":30},{"not_picked":["Finisher","Distraction+1","Flechettes"],"picked":"SKIP","floor":31},{"not_picked":["Glass Knife","Phantasmal Killer+1"],"picked":"Night Terror+1","floor":33},{"not_picked":["Poisoned Stab+1","Tactician+1","Dagger Throw+1"],"picked":"SKIP","floor":35},{"not_picked":["Caltrops","PiercingWail+1","Sucker Punch"],"picked":"SKIP","floor":36},{"not_picked":["Riddle With Holes+1","Eviscerate+1","Dodge and Roll+1"],"picked":"SKIP","floor":37},{"not_picked":["Dagger Throw+1","Acrobatics+1","Sucker Punch"],"picked":"SKIP","floor":41},{"not_picked":["Underhanded Strike","Endless Agony","Deadly Poison+1"],"picked":"SKIP","floor":45},{"not_picked":["Outmaneuver+1","Terror+1","Bane+1"],"picked":"SKIP","floor":46},{"not_picked":["All Out Attack+1","Eviscerate","Predator+1"],"picked":"SKIP","floor":48}],"player_experience":89410,"relics_obtained":[{"floor":7,"key":"Toxic Egg 2"},{"floor":9,"key":"Gambling Chip"},{"floor":12,"key":"Odd Mushroom"},{"floor":14,"key":"Tingsha"},{"floor":24,"key":"Bottled Flame"},{"floor":26,"key":"Gremlin Horn"},{"floor":30,"key":"Calipers"},{"floor":43,"key":"StoneCalendar"}],"event_choices":[{"damage_healed":0,"gold_gain":0,"player_choice":"Fought Mushrooms","damage_taken":0,"max_hp_gain":0,"max_hp_loss":0,"event_name":"Mushrooms","floor":12,"gold_loss":0},{"damage_healed":0,"gold_gain":0,"player_choice":"Got Potions","damage_taken":0,"max_hp_gain":0,"max_hp_loss":0,"event_name":"Lab","floor":20,"gold_loss":0},{"damage_healed":0,"gold_gain":0,"player_choice":"Copied","damage_taken":0,"max_hp_gain":0,"max_hp_loss":0,"event_name":"Duplicator","floor":39,"gold_loss":0,"cards_obtained":["Night Terror"]},{"damage_healed":0,"gold_gain":75,"player_choice":"Touch","damage_taken":7,"max_hp_gain":0,"max_hp_loss":0,"event_name":"FaceTrader","floor":44,"gold_loss":0}],"is_beta":false,"boss_relics":[{"not_picked":["Snecko Eye","Velvet Choker"],"picked":"WristBlade"},{"not_picked":["HoveringKite","White Beast Statue"],"picked":"Runic Pyramid"}],"items_purged_floors":[38,47],"is_endless":false,"potions_floor_spawned":[1,3,5,14,18,29,31,36,45,46],"killed_by":"Donu and Deca","ascension_level":1}