{"path_per_floor":["M","M","?","?","?","R","E","$","T","?","M","E","?","M","R","B",null,"M","M","$","?","?","E","R","M","T","R","$","?","M","$","R","B",null,"M","?","M","?","M","R","?","?","T","R","?","M","R","E","R"],"character_chosen":"THE_SILENT","items_purchased":["Footwork","Ancient Tea Set","Noxious Fumes+1","Footwork+1"],"gold_per_floor":[113,132,82,82,82,82,107,26,49,49,67,98,98,111,111,216,216,236,253,24,24,24,56,56,68,114,114,76,26,43,8,8,112,112,122,122,134,134,148,148,248,248,248,248,248,267,267,302,302,302],"floor_reached":50,"campfire_rested":5,"playtime":1851,"item_purchase_floors":[],"current_hp_per_floor":[63,52,52,57,57,57,21,21,21,21,21,12,12,6,28,8,58,58,58,58,58,58,40,62,60,60,60,60,60,60,60,60,60,71,39,39,39,39,25,47,47,38,38,60,62,65,65,6,30,0],"items_purged":["Strike_G"],"gold":302,"score":822,"play_id":"80b2acf3-a0f9-4794-b7b9-519f094e6fb5","local_time":"20180617231304","is_prod":false,"is_daily":false,"chose_seed":false,"is_ascension_mode":true,"campfire_upgraded":4,"win_rate":0,"timestamp":1529269984,"campfire_choices":[{"data":"Poisoned Stab","floor":6.0,"key":"SMITH"},{"floor":15.0,"key":"REST"},{"floor":24.0,"key":"REST"},{"data":"Catalyst","floor":27.0,"key":"SMITH"},{"data":"Night Terror","floor":32.0,"key":"SMITH"},{"floor":40,"key":"REST"},{"floor":44,"key":"REST"},{"data":"Madness","floor":47,"key":"SMITH"},{"floor":49,"key":"REST"}],"path_taken":["M","M","?","?","?","R","E","$","T","?","M","E","?","M","R","BOSS","M","M","?","?","?","E","R","M","T","R","$","?","M","?","R","BOSS","M","?","M","?","M","R","?","?","T","R","?","M","R","E","R","BOSS"],"build_version":"2018-06-14v2","seed_source_timestamp":313854185114447,"purchased_purges":1,"victory":false,"master_deck":["Defend_G+1","Defend_G+1","Defend_G+1","Defend_G+1","Defend_G+1","Strike_G+1","Survivor","Neutralize","Night Terror+1","Catalyst+1","Poisoned Stab+1","Dash","Footwork","Noxious Fumes","Blur","Backflip","Footwork+1","Noxious Fumes+1","Footwork+1","Catalyst+1","Madness+1","Madness"],"max_hp_per_floor":[70,70,70,75,75,75,75,75,75,75,75,75,75,75,75,75,75,75,75,75,75,75,75,75,75,75,75,75,75,75,75,75,75,75,75,75,75,75,75,75,75,75,75,75,77,81,81,83,83,83],"special_seed":0,"relics":["Ring of the Snake","Snake Skull","Juzu Bracelet","Frozen Egg 2","Busted Crown","Ancient Tea Set","Prayer Wheel","Vajra","Black Star","Singing Bowl","Paper Crane","Bottled Tornado"],"card_choices":[{"not_picked":["Calculated Gamble","Crippling Poison"],"picked":"Catalyst","floor":1.0},{"not_picked":["Well Laid Plans","PiercingWail"],"picked":"Poisoned Stab","floor":2.0},{"not_picked":["Choke","Slice"],"picked":"Dash","floor":7.0},{"not_picked":["Deadly Poison","Heel Hook"],"picked":"Noxious Fumes","floor":11.0},{"not_picked":["Dagger Throw","Sucker Punch"],"picked":"Blur","floor":12.0},{"not_picked":["Bane","PiercingWail"],"picked":"Backflip","floor":14.0},{"not_picked":[],"picked":"Footwork+1","floor":18.0},{"not_picked":["Masterful Stab"],"picked":"SKIP","floor":19.0},{"not_picked":["Bouncing Flask+1"],"picked":"SKIP","floor":23.0},{"not_picked":["Acrobatics"],"picked":"SKIP","floor":25.0},{"not_picked":["Slice"],"picked":"SKIP","floor":25.0},{"not_picked":["Flying Knee"],"picked":"SKIP","floor":30.0},{"not_picked":["Underhanded Strike"],"picked":"SKIP","floor":30.0},{"not_picked":["Prepared+1"],"picked":"SKIP","floor":35.0},{"not_picked":["Expertise"],"picked":"SKIP","floor":35.0},{"not_picked":["Cloak And Dagger+1"],"picked":"SKIP","floor":37},{"not_picked":["Predator"],"picked":"SKIP","floor":37},{"not_picked":["Dagger Throw"],"picked":"SKIP","floor":39},{"not_picked":["All Out Attack"],"picked":"SKIP","floor":39},{"not_picked":["Magnetism+1"],"picked":"Singing Bowl","floor":45},{"not_picked":["Bane"],"picked":"Singing Bowl","floor":46},{"not_picked":["Leg Sweep"],"picked":"Singing Bowl","floor":46},{"not_picked":["Underhanded Strike+1"],"picked":"Singing Bowl","floor":48}],"player_experience":286703,"potions_floor_usage":[48],"damage_taken":[{"damage":0.0,"enemies":"Cultist","floor":1.0,"turns":6.0},{"damage":11.0,"enemies":"2 Louse","floor":2.0,"turns":3.0},{"damage":36.0,"enemies":"3 Sentries","floor":7.0,"turns":12.0},{"damage":0.0,"enemies":"Small Slimes","floor":11.0,"turns":3.0},{"damage":9.0,"enemies":"Lagavulin","floor":12.0,"turns":6.0},{"damage":6.0,"enemies":"2 Fungi Beasts","floor":14.0,"turns":4.0},{"damage":20.0,"enemies":"Slime Boss","floor":16.0,"turns":9.0},{"damage":0.0,"enemies":"Spheric Guardian","floor":18.0,"turns":3.0},{"damage":0.0,"enemies":"3 Byrds","floor":19.0,"turns":6.0},{"damage":18.0,"enemies":"Book of Stabbing","floor":23.0,"turns":8.0},{"damage":2.0,"enemies":"Snake Plant","floor":25.0,"turns":5.0},{"damage":0.0,"enemies":"Centurion and Healer","floor":30.0,"turns":8.0},{"damage":0.0,"enemies":"Champ","floor":33.0,"turns":4.0},{"damage":32.0,"enemies":"3 Darklings","floor":35.0,"turns":5.0},{"damage":0,"enemies":"Flame Bruiser 1 Orb","floor":37,"turns":7},{"damage":14,"enemies":"Maw","floor":39,"turns":6},{"damage":1,"enemies":"4 Shapes","floor":46,"turns":6},{"damage":61,"enemies":"2 Orb Walkers","floor":48,"turns":5},{"damage":33,"enemies":"Awakened One","floor":50,"turns":3}],"relics_obtained":[{"floor":7.0,"key":"Snake Skull"},{"floor":9.0,"key":"Juzu Bracelet"},{"floor":12.0,"key":"Frozen Egg 2"},{"floor":23.0,"key":"Prayer Wheel"},{"floor":26.0,"key":"Vajra"},{"floor":43,"key":"Singing Bowl"},{"floor":48,"key":"Paper Crane"},{"floor":48,"key":"Bottled Tornado"}],"event_choices":[{"event_name":"The Cleric","player_choice":"Card Removal","floor":3.0,"damage_taken":0.0},{"event_name":"Big Fish","player_choice":"Donut","floor":4.0,"damage_taken":0.0},{"event_name":"Bonfire Elementals","player_choice":"BASIC","floor":5.0,"damage_taken":0.0},{"event_name":"Accursed Blacksmith","player_choice":"Ignore","floor":10.0,"damage_taken":0.0},{"event_name":"Living Wall","player_choice":"Forget","floor":13.0,"damage_taken":0.0},{"event_name":"Back to Basics","player_choice":"Simplicity","floor":21.0,"damage_taken":0.0},{"event_name":"Vampires","player_choice":"Ignored","floor":22.0,"damage_taken":0.0},{"event_name":"The Joust","player_choice":"Bet on Owner","floor":29.0,"damage_taken":0.0},{"event_name":"Tomb of Lord Red Mask","player_choice":"Ignored","floor":36.0,"damage_taken":0.0},{"event_name":"Duplicator","player_choice":"One dupe","floor":38,"damage_taken":0},{"event_name":"Golden Shrine","player_choice":"Pray","floor":41,"damage_taken":0},{"event_name":"Winding Halls","player_choice":"Embrace Madness","floor":42,"damage_taken":0},{"event_name":"SensoryStone","player_choice":"Memory 1","floor":45,"damage_taken":0}],"boss_relics":[{"not_picked":["Ectoplasm","Snecko Eye"],"picked":"Busted Crown"},{"not_picked":["Calling Bell","Coffee Dripper"],"picked":"Black Star"}],"items_purged_floors":[],"is_endless":false,"potions_floor_spawned":[1,7,11,12,18,19,33,48],"seed_played":"-1373219559205843022","killed_by":"Awakened One","ascension_level":8,"potions_obtained":[{"floor":1.0,"key":"AttackPotion"},{"floor":7.0,"key":"Weak Potion"},{"floor":11.0,"key":"SneckoOil"},{"floor":12.0,"key":"SpeedPotion"},{"floor":18.0,"key":"GamblersBrew"},{"floor":19.0,"key":"SneckoOil"},{"floor":33.0,"key":"EssenceOfSteel"},{"floor":48,"key":"SmokeBomb"}],"is_trial":false}