{"gold_per_floor":[216,25,43,43,53,86,101,101],"floor_reached":8,"playtime":934,"items_purged":[],"score":58,"play_id":"29481d66-d9b1-49c1-bb03-51fbb11db6f3","local_time":"20190318090327","is_ascension_mode":false,"campfire_choices":[],"neow_cost":"NONE","seed_source_timestamp":0,"circlet_count":0,"master_deck":["Strike_R","Strike_R","Strike_R","Strike_R","Strike_R","Defend_R","Defend_R","Defend_R","Defend_R","Bash","Flame Barrier","Secret Technique+1","Dual Wield","Warcry","Uppercut","Thunderclap"],"special_seed":0,"relics":["Burning Blood","Dream Catcher"],"potions_floor_usage":[6],"damage_taken":[{"damage":6.0,"enemies":"Cultist","floor":1.0,"turns":3.0},{"damage":5.0,"enemies":"Small Slimes","floor":3.0,"turns":4.0},{"damage":0,"enemies":"2 Louse","floor":5,"turns":2},{"damage":81,"enemies":"Gremlin Nob","floor":6,"turns":7},{"damage":4,"enemies":"Looter","floor":7,"turns":5},{"damage":15,"enemies":"3 Louse","floor":8,"turns":1}],"seed_played":"4239561969229402452","potions_obtained":[{"floor":1.0,"key":"Swift Potion"},{"floor":5,"key":"BloodPotion"},{"floor":7,"key":"GamblersBrew"}],"is_trial":false,"path_per_floor":["M","$","M","?","M","E","M","M"],"character_chosen":"IRONCLAD","items_purchased":["Secret Technique"],"campfire_rested":0,"item_purchase_floors":[2],"current_hp_per_floor":[80,80,80,80,80,13,15,0],"gold":101,"neow_bonus":"HUNDRED_GOLD","is_prod":false,"is_daily":false,"chose_seed":false,"campfire_upgraded":0,"win_rate":0.0,"timestamp":1552917807,"path_taken":["M","$","M","?","M","E","M","M"],"build_version":"2019-01-23","purchased_purges":0,"victory":false,"max_hp_per_floor":[80,80,80,80,80,80,80,80],"card_choices":[{"not_picked":["Cleave","Wild Strike"],"picked":"Flame Barrier","floor":1.0},{"not_picked":["Heavy Blade","Armaments"],"picked":"Dual Wield","floor":3},{"not_picked":["Perfected Strike","Bloodletting"],"picked":"Warcry","floor":5},{"not_picked":["Perfected Strike","Thunderclap"],"picked":"Uppercut","floor":6},{"not_picked":["Rampage","Corruption"],"picked":"Thunderclap","floor":7}],"player_experience":47284,"relics_obtained":[{"floor":6,"key":"Dream Catcher"}],"event_choices":[{"damage_healed":0,"gold_gain":0,"player_choice":"Forge","damage_taken":0,"max_hp_gain":0,"max_hp_loss":0,"event_name":"Accursed Blacksmith","floor":4,"gold_loss":0,"cards_upgraded":["Secret Technique"]}],"is_beta":false,"boss_relics":[],"items_purged_floors":[],"is_endless":false,"potions_floor_spawned":[1,5,7],"killed_by":"3 Louse","ascension_level":0}