{"gold_per_floor":[115,115,115,127,147,174,174,193,193,207,223,223,253,253,253,331,331,348,361,361,380,380,407,420,447,447,474,474,474,502,520,520,591,641,655,655,673,563,581,615,615,640,640,675,694,728,743,757,757,757,757],"floor_reached":51,"playtime":3882,"items_purged":[],"score":1753,"play_id":"1c5b646d-6ad3-40aa-b78d-334ff7c747a9","local_time":"20190411205947","is_ascension_mode":true,"campfire_choices":[{"data":"Electrodynamics","floor":7.0,"key":"SMITH"},{"data":"Zap","floor":15.0,"key":"SMITH"},{"floor":28.0,"key":"RECALL"},{"data":"Buffer","floor":32.0,"key":"SMITH"},{"floor":41.0,"key":"REST"},{"data":"Defragment","floor":49.0,"key":"SMITH"}],"neow_cost":"NONE","seed_source_timestamp":0,"circlet_count":0,"master_deck":["AscendersBane","Strike_B+1","Strike_B+1","Strike_B+1","Defend_B+1","Defend_B+1","Defend_B+1","Defend_B+1","Zap+1","Dualcast","Gash","Electrodynamics+1","Conserve Battery","Glacier","Self Repair","Go for the Eyes","Capacitor+1","Echo Form","All For One","Go for the Eyes","Steam","Steam","Coolheaded","BootSequence","Beam Cell+1","Genetic Algorithm","Core Surge","Genetic Algorithm","RitualDagger+1","Steam","Buffer+1","Buffer+1","Defragment+1","Hologram","Fission","Defragment+1","White Noise+1"],"special_seed":0,"relics":["Cracked Core","NeowsBlessing","Centennial Puzzle","Mercury Hourglass","Unceasing Top","Torii","Orrery","Gambling Chip","Letter Opener","Ornamental Fan","DataDisk","Red Mask","Tiny House","Omamori","Sundial","Bottled Lightning","Lantern"],"potions_floor_usage":[51,51],"damage_taken":[{"damage":0.0,"enemies":"Jaw Worm","floor":1.0,"turns":1.0},{"damage":0.0,"enemies":"Cultist","floor":4.0,"turns":1.0},{"damage":0.0,"enemies":"Small Slimes","floor":5.0,"turns":1.0},{"damage":18.0,"enemies":"3 Sentries","floor":6.0,"turns":4.0},{"damage":0.0,"enemies":"2 Fungi Beasts","floor":8.0,"turns":2.0},{"damage":9.0,"enemies":"Red Slaver","floor":10.0,"turns":3.0},{"damage":6.0,"enemies":"Blue Slaver","floor":11.0,"turns":2.0},{"damage":11.0,"enemies":"Lagavulin","floor":13.0,"turns":8.0},{"damage":18.0,"enemies":"The Guardian","floor":16.0,"turns":16.0},{"damage":2.0,"enemies":"Shell Parasite","floor":18.0,"turns":5.0},{"damage":0.0,"enemies":"3 Byrds","floor":19.0,"turns":2.0},{"damage":4.0,"enemies":"Centurion and Healer","floor":21.0,"turns":6.0},{"damage":0.0,"enemies":"Gremlin Leader","floor":23.0,"turns":7.0},{"damage":0.0,"enemies":"3 Cultists","floor":24.0,"turns":3.0},{"damage":13.0,"enemies":"Book of Stabbing","floor":25.0,"turns":8.0},{"damage":3.0,"enemies":"Gremlin Leader","floor":27.0,"turns":5.0},{"damage":0.0,"enemies":"Masked Bandits","floor":30.0,"turns":2.0},{"damage":0.0,"enemies":"Cultist and Chosen","floor":31.0,"turns":4.0},{"damage":6.0,"enemies":"Collector","floor":33.0,"turns":10.0},{"damage":0.0,"enemies":"Orb Walker","floor":35.0,"turns":8.0},{"damage":1.0,"enemies":"3 Darklings","floor":37.0,"turns":3.0},{"damage":28.0,"enemies":"Spire Growth","floor":39.0,"turns":7.0},{"damage":54.0,"enemies":"Reptomancer","floor":40.0,"turns":12.0},{"damage":0.0,"enemies":"Giant Head","floor":42.0,"turns":11.0},{"damage":0.0,"enemies":"Nemesis","floor":44.0,"turns":13.0},{"damage":0.0,"enemies":"Writhing Mass","floor":45.0,"turns":11.0},{"damage":17.0,"enemies":"Reptomancer","floor":46.0,"turns":8.0},{"damage":0.0,"enemies":"3 Darklings","floor":47.0,"turns":6.0},{"damage":10.0,"enemies":"Transient","floor":48.0,"turns":6.0},{"damage":47.0,"enemies":"Donu and Deca","floor":50.0,"turns":12.0},{"damage":38,"enemies":"Awakened One","floor":51,"turns":10}],"seed_played":"-1303873575913773531","potions_obtained":[{"floor":6.0,"key":"FearPotion"},{"floor":8.0,"key":"Weak Potion"},{"floor":11.0,"key":"FocusPotion"},{"floor":24.0,"key":"FairyPotion"},{"floor":25.0,"key":"Weak Potion"},{"floor":33.0,"key":"GamblersBrew"},{"floor":35.0,"key":"PowerPotion"},{"floor":40.0,"key":"PowerPotion"},{"floor":42.0,"key":"EssenceOfSteel"},{"floor":47.0,"key":"Fire Potion"}],"is_trial":false,"path_per_floor":["M","$","?","M","M","E","R","M","T","M","M","?","E","?","R","B",null,"M","M","?","M","?","E","M","E","T","E","R","?","?","M","R","B",null,"M","?","M","?","M","E","R","E","T","E","M","E","M","M","R","B","B"],"character_chosen":"DEFECT","items_purchased":[],"campfire_rested":1,"item_purchase_floors":[],"current_hp_per_floor":[64,64,64,64,64,46,46,46,46,44,45,27,23,23,23,12,56,54,61,61,71,71,71,71,65,65,69,69,63,63,63,63,71,76,76,76,75,75,54,14,36,50,50,57,71,54,68,72,72,32,0],"gold":757,"neow_bonus":"THREE_ENEMY_KILL","is_prod":false,"is_daily":false,"chose_seed":false,"campfire_upgraded":4,"win_rate":0,"timestamp":1555009187,"path_taken":["M","$","?","?","M","E","R","M","T","M","M","?","E","?","R","BOSS","M","M","?","?","?","E","M","E","T","E","R","?","?","?","R","BOSS","M","?","?","?","M","E","R","E","T","E","M","E","M","M","R","BOSS","BOSS"],"build_version":"2019-04-04","purchased_purges":0,"victory":false,"max_hp_per_floor":[71,71,71,71,71,71,71,71,71,71,71,71,71,71,71,71,71,71,71,71,71,71,71,71,71,71,71,71,71,71,71,71,71,76,76,76,76,76,76,76,76,76,76,76,76,76,76,76,76,76,76],"card_choices":[{"not_picked":["Redo","Sweeping Beam"],"picked":"Gash","floor":1.0},{"not_picked":["Chaos","Stack","Beam Cell"],"picked":"SKIP","floor":4.0},{"not_picked":["Beam Cell","Barrage"],"picked":"Conserve Battery","floor":5.0},{"not_picked":["Sunder","Genetic Algorithm"],"picked":"Glacier","floor":6.0},{"not_picked":["Turbo","Hologram"],"picked":"Self Repair","floor":8.0},{"not_picked":["Darkness","Leap"],"picked":"Go for the Eyes","floor":10.0},{"not_picked":["Tempest","Turbo","Steam"],"picked":"SKIP","floor":11.0},{"not_picked":["Stack","Leap"],"picked":"Capacitor","floor":13.0},{"not_picked":["Creative AI","Multi-Cast"],"picked":"Echo Form","floor":16.0},{"not_picked":["Compile Driver","Lockon"],"picked":"All For One","floor":17.0},{"not_picked":["Blizzard","Barrage"],"picked":"Go for the Eyes","floor":17.0},{"not_picked":["Redo","Streamline"],"picked":"Steam","floor":17.0},{"not_picked":["Reinforced Body","Go for the Eyes"],"picked":"Steam","floor":17.0},{"not_picked":["Beam Cell","Streamline"],"picked":"Coolheaded","floor":17.0},{"not_picked":["Blizzard","Beam Cell"],"picked":"BootSequence","floor":18.0},{"not_picked":["Doom and Gloom","Sweeping Beam"],"picked":"Beam Cell+1","floor":19.0},{"not_picked":["Redo+1","Conserve Battery","Scrape"],"picked":"SKIP","floor":21.0},{"not_picked":["Rip and Tear+1","Undo"],"picked":"Genetic Algorithm","floor":23.0},{"not_picked":["Coolheaded","Rebound","Sweeping Beam"],"picked":"SKIP","floor":24.0},{"not_picked":["BootSequence","Darkness"],"picked":"Core Surge","floor":25.0},{"not_picked":["Turbo+1","Heatsinks+1"],"picked":"Genetic Algorithm","floor":27.0},{"not_picked":["Coolheaded","Turbo"],"picked":"Steam","floor":30.0},{"not_picked":["Compile Driver","Cold Snap"],"picked":"Buffer","floor":31.0},{"not_picked":["Meteor Strike","Thunder Strike"],"picked":"Buffer","floor":33.0},{"not_picked":["Tempest+1","Gash","Leap"],"picked":"SKIP","floor":35.0},{"not_picked":["Rebound","Conserve Battery"],"picked":"Defragment","floor":37.0},{"not_picked":["Steam Power","Compile Driver","Static Discharge"],"picked":"SKIP","floor":39.0},{"not_picked":["Hologram","Streamline","Ball Lightning"],"picked":"SKIP","floor":40.0},{"not_picked":["Streamline","Ball Lightning"],"picked":"Hologram","floor":40.0},{"not_picked":["Gash+1","Recycle+1"],"picked":"Fission","floor":42.0},{"not_picked":["FTL+1","Rebound+1"],"picked":"Defragment+1","floor":44.0},{"not_picked":["Compile Driver","Heatsinks"],"picked":"White Noise+1","floor":45.0},{"not_picked":["Leap","Sunder","Turbo"],"picked":"SKIP","floor":46.0},{"not_picked":["Beam Cell","Leap","Hologram"],"picked":"SKIP","floor":47.0},{"not_picked":["Darkness","Beam Cell","Skim+1"],"picked":"SKIP","floor":48.0}],"player_experience":1103949,"relics_obtained":[{"floor":6.0,"key":"Centennial Puzzle"},{"floor":9.0,"key":"Mercury Hourglass"},{"floor":13.0,"key":"Torii"},{"floor":23.0,"key":"Gambling Chip"},{"floor":25.0,"key":"Letter Opener"},{"floor":26.0,"key":"Ornamental Fan"},{"floor":27.0,"key":"DataDisk"},{"floor":30.0,"key":"Red Mask"},{"floor":40.0,"key":"Omamori"},{"floor":42.0,"key":"Sundial"},{"floor":44.0,"key":"Bottled Lightning"},{"floor":46.0,"key":"Lantern"}],"event_choices":[{"damage_healed":0.0,"max_hp_gain":0.0,"max_hp_loss":0.0,"gold_gain":0.0,"event_name":"Match and Keep!","player_choice":"1 cards matched","floor":3.0,"gold_loss":0.0,"damage_taken":0.0,"cards_obtained":["Electrodynamics"]},{"damage_healed":0.0,"max_hp_gain":0.0,"max_hp_loss":0.0,"gold_gain":0.0,"event_name":"Scrap Ooze","player_choice":"Success","floor":12.0,"gold_loss":0.0,"damage_taken":18.0,"relics_obtained":["Unceasing Top"]},{"damage_healed":0.0,"max_hp_gain":0.0,"max_hp_loss":0.0,"gold_gain":0.0,"event_name":"Golden Wing","player_choice":"Ignored","floor":14.0,"gold_loss":0.0,"damage_taken":0.0},{"damage_healed":0.0,"max_hp_gain":0.0,"max_hp_loss":0.0,"gold_gain":0.0,"event_name":"Upgrade Shrine","player_choice":"Upgraded","floor":20.0,"gold_loss":0.0,"damage_taken":0.0,"cards_upgraded":["Capacitor"]},{"damage_healed":0.0,"max_hp_gain":0.0,"max_hp_loss":0.0,"gold_gain":0.0,"event_name":"Back to Basics","player_choice":"Simplicity","floor":22.0,"gold_loss":0.0,"damage_taken":0.0,"cards_upgraded":["Strike_B","Strike_B","Strike_B","Strike_B","Defend_B","Defend_B","Defend_B","Defend_B"]},{"damage_healed":0.0,"max_hp_gain":0.0,"max_hp_loss":0.0,"gold_gain":0.0,"event_name":"Nest","player_choice":"Joined the Cult","floor":29.0,"gold_loss":0.0,"damage_taken":6.0,"cards_obtained":["RitualDagger"]},{"damage_healed":0.0,"max_hp_gain":0.0,"max_hp_loss":0.0,"gold_gain":0.0,"event_name":"Masked Bandits","player_choice":"Fought Bandits","floor":30.0,"gold_loss":0.0,"damage_taken":0.0},{"damage_healed":0.0,"max_hp_gain":0.0,"max_hp_loss":0.0,"gold_gain":0.0,"event_name":"SecretPortal","player_choice":"Ignored","floor":36.0,"gold_loss":0.0,"damage_taken":0.0},{"cards_removed":["Strike_B"],"damage_healed":0.0,"max_hp_gain":0.0,"max_hp_loss":0.0,"gold_gain":0.0,"event_name":"Designer","player_choice":"Upgrade and Remove","floor":38.0,"gold_loss":110.0,"damage_taken":0.0,"cards_upgraded":["Buffer"]}],"is_beta":true,"boss_relics":[{"not_picked":["Lizard Tail","Pandora\u0027s Box"],"picked":"Orrery"},{"not_picked":["Calling Bell","FrozenCore"],"picked":"Tiny House"}],"items_purged_floors":[],"is_endless":false,"potions_floor_spawned":[6,8,11,24,25,27,30,33,35,40,42,47],"killed_by":"Awakened One","ascension_level":20}