{"gold_per_floor":[112,187,207,357,357,392,392,43,69,85,100,132,144,156,168,180],"floor_reached":16,"playtime":447,"items_purged":["Doubt"],"score":266,"play_id":"6c9f1add-5d93-4f20-bc1c-bb4029baf84d","local_time":"20190405120942","is_ascension_mode":true,"campfire_choices":[{"data":"Self Repair","floor":7,"key":"SMITH"},{"data":"Capacitor","floor":13,"key":"SMITH"},{"data":"Zap","floor":15,"key":"SMITH"}],"neow_cost":"NONE","seed_source_timestamp":2815641853715,"circlet_count":0,"master_deck":["AscendersBane","Strike_B+1","Strike_B","Strike_B","Strike_B+1","Defend_B","Defend_B","Defend_B","Defend_B","Zap+1","Dualcast","Self Repair+1","Steam","Ball Lightning","Chill","Capacitor+1","Conserve Battery","Cold Snap","Leap"],"relics":["Cracked Core","NeowsBlessing","Ginger","Blood Vial","MawBank","Mummified Hand"],"potions_floor_usage":[],"damage_taken":[{"damage":0,"enemies":"Jaw Worm","floor":1,"turns":1},{"damage":0,"enemies":"Small Slimes","floor":3,"turns":1},{"damage":0,"enemies":"Gremlin Nob","floor":6,"turns":1},{"damage":0,"enemies":"Cultist","floor":10,"turns":3},{"damage":16,"enemies":"Large Slime","floor":11,"turns":5},{"damage":28,"enemies":"Lagavulin","floor":12,"turns":10},{"damage":26,"enemies":"The Guardian","floor":16,"turns":12}],"seed_played":"-5871478741372980220","potions_obtained":[{"floor":3,"key":"FearPotion"},{"floor":6,"key":"FocusPotion"}],"is_trial":false,"path_per_floor":["M","?","M","?","?","E","R","$","T","M","M","E","R","?","R","B"],"character_chosen":"DEFECT","items_purchased":["Chill","Capacitor","Blood Vial"],"campfire_rested":0,"item_purchase_floors":[8,8,8],"current_hp_per_floor":[64,53,53,53,32,32,32,32,32,44,40,24,24,24,24,0],"gold":180,"neow_bonus":"THREE_ENEMY_KILL","is_prod":false,"is_daily":false,"chose_seed":false,"campfire_upgraded":3,"win_rate":0,"timestamp":1554458982,"path_taken":["M","?","M","?","?","E","R","?","T","?","M","E","R","?","R","BOSS"],"build_version":"2019-04-04","purchased_purges":1,"victory":false,"max_hp_per_floor":[71,71,71,71,71,71,71,71,71,71,71,71,71,71,71,71],"card_choices":[{"not_picked":["Barrage","Sunder"],"picked":"Self Repair","floor":1},{"not_picked":["Reinforced Body","Sweeping Beam"],"picked":"Steam","floor":3},{"not_picked":["Heatsinks","Darkness"],"picked":"Ball Lightning","floor":6},{"not_picked":["Streamline","Lockon"],"picked":"Conserve Battery","floor":10},{"not_picked":["Barrage","Turbo"],"picked":"Cold Snap","floor":11},{"not_picked":["Static Discharge","Redo"],"picked":"Leap","floor":12}],"player_experience":1067792,"relics_obtained":[{"floor":6,"key":"Ginger"},{"floor":12,"key":"MawBank"}],"event_choices":[{"damage_healed":0,"gold_gain":75,"player_choice":"Gather Gold","damage_taken":11,"max_hp_gain":0,"max_hp_loss":0,"event_name":"World of Goop","floor":2,"gold_loss":0},{"damage_healed":0,"gold_gain":150,"player_choice":"AGREE","damage_taken":0,"max_hp_gain":0,"max_hp_loss":0,"event_name":"Liars Game","floor":4,"gold_loss":0,"cards_obtained":["Doubt"]},{"damage_healed":0,"gold_gain":0,"player_choice":"Entered Light","damage_taken":21,"max_hp_gain":0,"max_hp_loss":0,"event_name":"Shining Light","floor":5,"gold_loss":0,"cards_upgraded":["Strike_B","Strike_B"]},{"damage_healed":0,"gold_gain":0,"player_choice":"Gave Potion","damage_taken":0,"relics_obtained":["Mummified Hand"],"max_hp_gain":0,"max_hp_loss":0,"event_name":"WeMeetAgain","floor":14,"gold_loss":0}],"is_beta":true,"boss_relics":[],"items_purged_floors":[8],"is_endless":false,"potions_floor_spawned":[3,6],"killed_by":"The Guardian","ascension_level":20}