{"gold_per_floor":[111,111,81,96,114,114,130,130,130,146,146,173,184,184,184,286,286,300,300,316,47,146,146,173,183,183,197,212,212,212,232,232,330,330,348,103,103,103,120,150,162,49,49,49,59,59,73,84,84,84],"floor_reached":51,"playtime":3308,"items_purged":["Writhe","Parasite","Shame"],"score":962,"play_id":"2fe1a20f-1f94-4b85-af8b-653fe1d31907","local_time":"20190225041527","is_ascension_mode":true,"campfire_choices":[{"data":"Static Discharge","floor":6.0,"key":"SMITH"},{"data":"Zap","floor":8.0,"key":"SMITH"},{"floor":11.0,"key":"REST"},{"data":"Dualcast","floor":15.0,"key":"SMITH"},{"data":"Self Repair","floor":23.0,"key":"SMITH"},{"data":"Coolheaded","floor":30.0,"key":"SMITH"},{"data":"Coolheaded","floor":32.0,"key":"SMITH"},{"floor":41,"key":"REST"},{"floor":44,"key":"REST"},{"data":"Static Discharge","floor":46,"key":"SMITH"},{"floor":49,"key":"REST"}],"neow_cost":"TEN_PERCENT_HP_LOSS","seed_source_timestamp":0,"circlet_count":0,"master_deck":["Strike_B","Defend_B","Defend_B","Defend_B","Defend_B","Zap+1","Dualcast+1","Steam Power","Sweeping Beam","Rebound","Static Discharge+1","Hello World","Melter","Genetic Algorithm","Coolheaded+1","Core Surge","Coolheaded+1","Self Repair+1","Go for the Eyes+1","Redo","Stack","Rainbow","Static Discharge","Skim","Secret Technique","Purity","Static Discharge+1","Injury","Force Field+1","Static Discharge+1","Defragment+1","Skim+1"],"special_seed":0,"relics":["Cracked Core","Mango","Dead Branch","Sozu","DataDisk","Strawberry","Dream Catcher","Cursed Key","Turnip","MawBank","Toxic Egg 2"],"potions_floor_usage":[40,50],"damage_taken":[{"damage":0.0,"enemies":"Small Slimes","floor":1.0,"turns":2.0},{"damage":4.0,"enemies":"Jaw Worm","floor":4.0,"turns":5.0},{"damage":5.0,"enemies":"Cultist","floor":5.0,"turns":4.0},{"damage":14.0,"enemies":"Exordium Wildlife","floor":7.0,"turns":2.0},{"damage":16.0,"enemies":"Large Slime","floor":10.0,"turns":5.0},{"damage":26.0,"enemies":"Gremlin Nob","floor":12.0,"turns":4.0},{"damage":5.0,"enemies":"2 Fungi Beasts","floor":13.0,"turns":4.0},{"damage":28.0,"enemies":"Slime Boss","floor":16.0,"turns":7.0},{"damage":22.0,"enemies":"Chosen","floor":18.0,"turns":5.0},{"damage":13.0,"enemies":"3 Byrds","floor":20.0,"turns":4.0},{"damage":7.0,"enemies":"Snake Plant","floor":25.0,"turns":3.0},{"damage":4.0,"enemies":"Chosen and Byrds","floor":27.0,"turns":6.0},{"damage":22.0,"enemies":"Shelled Parasite and Fungi","floor":28.0,"turns":6.0},{"damage":8.0,"enemies":"Cultist and Chosen","floor":31.0,"turns":5.0},{"damage":43.0,"enemies":"Champ","floor":33.0,"turns":13.0},{"damage":4.0,"enemies":"Orb Walker","floor":35.0,"turns":3.0},{"damage":26,"enemies":"3 Darklings","floor":39,"turns":4},{"damage":52,"enemies":"Reptomancer","floor":40,"turns":6},{"damage":6,"enemies":"Maw","floor":45,"turns":8},{"damage":6,"enemies":"4 Shapes","floor":47,"turns":3},{"damage":27,"enemies":"3 Darklings","floor":48,"turns":6},{"damage":30,"enemies":"Donu and Deca","floor":50,"turns":9}],"seed_played":"-975481766479787009","potions_obtained":[{"floor":3.0,"key":"Weak Potion"},{"floor":3.0,"key":"Poison Potion"},{"floor":10.0,"key":"Swift Potion"},{"floor":12.0,"key":"Swift Potion"},{"floor":16.0,"key":"Fire Potion"}],"is_trial":false,"path_per_floor":["M","?","?","M","M","R","M","R","T","M","R","E","M","?","R","B",null,"M","?","M","$","?","R","T","M","T","M","M","?","R","M","R","B",null,"M","$","?","T","M","E","R","$","T","R","M","R","M","M","R","B",null],"character_chosen":"DEFECT","items_purchased":["Self Repair","Strawberry","Static Discharge","Skim"],"campfire_rested":4,"item_purchase_floors":[21,21,36,36],"current_hp_per_floor":[68,68,68,64,59,59,45,45,59,43,67,41,36,56,56,28,82,60,60,47,54,54,54,54,57,57,63,51,51,51,53,53,20,89,89,86,81,81,65,13,38,38,38,63,67,67,61,44,69,49],"gold":84,"neow_bonus":"TRANSFORM_TWO_CARDS","is_prod":false,"is_daily":false,"chose_seed":false,"campfire_upgraded":7,"win_rate":0,"timestamp":1551039327,"path_taken":["M","?","?","M","M","R","M","R","T","M","R","E","?","?","R","BOSS","M","?","M","$","?","R","?","M","T","?","?","?","R","M","R","BOSS","M","$","?","?","M","E","R","$","T","R","M","R","M","M","R","BOSS"],"build_version":"2019-01-23","purchased_purges":3,"victory":true,"max_hp_per_floor":[68,68,68,68,68,68,68,68,82,82,82,82,82,82,82,82,82,82,82,82,89,89,89,89,89,89,89,89,89,89,89,89,89,89,89,86,86,86,86,86,86,86,86,86,86,86,86,86,86,86],"card_choices":[{"not_picked":["Barrage","Stack"],"picked":"Rebound","floor":1.0},{"not_picked":["Capacitor","Loop"],"picked":"Static Discharge","floor":4.0},{"not_picked":["Glacier","Rebound","Sweeping Beam"],"picked":"SKIP","floor":5.0},{"not_picked":["Chill","Streamline"],"picked":"Hello World","floor":7.0},{"not_picked":["Gash","Conserve Battery"],"picked":"Melter","floor":10.0},{"not_picked":["Scrape","Doom and Gloom"],"picked":"Genetic Algorithm","floor":12.0},{"not_picked":["Amplify","Hologram"],"picked":"Coolheaded","floor":13.0},{"not_picked":["Multi-Cast","Thunder Strike"],"picked":"Core Surge","floor":16.0},{"not_picked":["Cold Snap","Darkness"],"picked":"Coolheaded","floor":18.0},{"not_picked":["Gash","Scrape","Stack"],"picked":"SKIP","floor":20.0},{"not_picked":["Rebound","Cold Snap"],"picked":"Go for the Eyes+1","floor":25.0},{"not_picked":["Melter+1","Scrape+1"],"picked":"Redo","floor":27.0},{"not_picked":["Steam","Barrage"],"picked":"Stack","floor":28.0},{"not_picked":["Go for the Eyes","Rip and Tear","Steam"],"picked":"SKIP","floor":31.0},{"not_picked":["Meteor Strike","Fission"],"picked":"Rainbow","floor":33.0},{"not_picked":["Melter+1","Go for the Eyes+1","Turbo+1"],"picked":"SKIP","floor":35.0},{"not_picked":["Jack Of All Trades","Bandage Up"],"picked":"Secret Technique","floor":37},{"not_picked":["Swift Strike","Transmutation"],"picked":"Purity","floor":37},{"not_picked":["Stack","Rebound+1","Steam Power"],"picked":"SKIP","floor":39},{"not_picked":["All For One","FTL"],"picked":"Static Discharge+1","floor":40},{"not_picked":["Streamline+1","Coolheaded+1"],"picked":"Force Field+1","floor":44},{"not_picked":["Auto Shields+1","Redo+1"],"picked":"Static Discharge","floor":45},{"not_picked":["Go for the Eyes+1","Stack+1"],"picked":"Defragment+1","floor":47},{"not_picked":["Streamline+1","Turbo+1","Ball Lightning+1"],"picked":"SKIP","floor":48},{"not_picked":["Recycle+1","Steam+1"],"picked":"Skim+1","floor":49}],"player_experience":98941,"relics_obtained":[{"floor":9.0,"key":"Mango"},{"floor":12.0,"key":"Dead Branch"},{"floor":24.0,"key":"Dream Catcher"},{"floor":38,"key":"Turnip"},{"floor":40,"key":"MawBank"},{"floor":43,"key":"Toxic Egg 2"}],"event_choices":[{"damage_healed":0.0,"max_hp_gain":0.0,"max_hp_loss":0.0,"gold_gain":0.0,"event_name":"Shining Light","player_choice":"Ignored","floor":2.0,"gold_loss":0.0,"damage_taken":0.0},{"damage_healed":0.0,"max_hp_gain":0.0,"max_hp_loss":0.0,"gold_gain":0.0,"event_name":"The Woman in Blue","player_choice":"Bought 2 Potions","floor":3.0,"gold_loss":0.0,"damage_taken":0.0},{"damage_healed":20.0,"max_hp_gain":0.0,"max_hp_loss":0.0,"gold_gain":0.0,"event_name":"Mushrooms","player_choice":"Healed and dodged fight","floor":14.0,"gold_loss":0.0,"damage_taken":0.0,"cards_obtained":["Parasite"]},{"damage_healed":0.0,"max_hp_gain":0.0,"max_hp_loss":0.0,"gold_gain":0.0,"event_name":"The Mausoleum","player_choice":"Opened","floor":19.0,"gold_loss":0.0,"damage_taken":0.0,"relics_obtained":["DataDisk"],"cards_obtained":["Writhe"]},{"damage_healed":0.0,"max_hp_gain":0.0,"max_hp_loss":0.0,"gold_gain":99.0,"event_name":"Nest","player_choice":"Stole From Cult","floor":22.0,"gold_loss":0.0,"damage_taken":0.0},{"cards_removed":["Strike_B"],"damage_healed":0.0,"max_hp_gain":0.0,"max_hp_loss":0.0,"gold_gain":0.0,"event_name":"Back to Basics","player_choice":"Elegance","floor":29.0,"gold_loss":0.0,"damage_taken":0.0},{"damage_healed":0,"gold_gain":0,"player_choice":"Memory 2","damage_taken":5,"max_hp_gain":0,"max_hp_loss":0,"event_name":"SensoryStone","floor":37,"gold_loss":0}],"is_beta":false,"boss_relics":[{"not_picked":["Fusion Hammer","Velvet Choker"],"picked":"Sozu"},{"not_picked":["Tiny House","Nuclear Battery"],"picked":"Cursed Key"}],"items_purged_floors":[21,36,42],"is_endless":false,"potions_floor_spawned":[10,12,16,25,31,39,40,45,48],"ascension_level":2}