{"path_per_floor":["M","?","M","$","M","R","M","E","T","?","$","M","$","M","R","B",null,"M","M","$","?","M","R"],"character_chosen":"DEFECT","items_purchased":["Capacitor","Orichalcum","Barrage","Leap"],"gold_per_floor":[113,113,128,101,119,119,139,164,216,216,44,59,33,58,58,184,184,205,223,223,223,237,237,237],"floor_reached":24,"campfire_rested":2,"playtime":1177,"item_purchase_floors":[],"current_hp_per_floor":[74,67,60,60,55,55,51,51,51,33,33,28,28,28,50,20,75,51,8,8,8,9,31,0],"items_purged":[],"gold":237,"score":223,"play_id":"7202bb6a-1a60-4b51-b59f-0cbc6474ad40","local_time":"20180525170308","is_prod":false,"is_daily":false,"chose_seed":false,"is_ascension_mode":false,"campfire_upgraded":1,"win_rate":0,"timestamp":1527260588,"campfire_choices":[{"data":"Zap","floor":6.0,"key":"SMITH"},{"floor":15.0,"key":"REST"},{"floor":23,"key":"REST"}],"path_taken":["M","?","?","$","M","R","M","E","T","?","$","M","$","M","R","BOSS","M","M","$","?","M","R","E"],"build_version":"2018-05-24","seed_source_timestamp":0,"purchased_purges":0,"victory":false,"master_deck":["Strike_B","Strike_B","Strike_B","Strike_B","Defend_B","Defend_B","Defend_B","Defend_B","Zap+1","Dualcast","Capacitor","Coolheaded","Capacitor","Stack","Heatsinks","Barrage","Rebound","Leap","Defragment","Leap","Go for the Eyes","Cold Snap+1","Redo+1","Barrage"],"max_hp_per_floor":[75,75,75,75,75,75,75,75,75,75,75,75,75,75,75,75,75,75,75,75,75,75,75,75],"relics":["Cracked Core","Ancient Tea Set","Ornamental Fan","Anchor","Dream Catcher","Bloody Idol","Orichalcum","White Beast Statue"],"card_choices":[{"not_picked":["Barrage","Sweeping Beam"],"picked":"Capacitor","floor":1.0},{"not_picked":["Sunder","Hologram"],"picked":"Coolheaded","floor":3.0},{"not_picked":["Sweeping Beam","Turbo"],"picked":"Stack","floor":5.0},{"not_picked":["Hologram","Reprogram","Turbo"],"picked":"SKIP","floor":7.0},{"not_picked":["Capacitor","Seek"],"picked":"Heatsinks","floor":8.0},{"not_picked":["Steam","Gash"],"picked":"Rebound","floor":12.0},{"not_picked":["Streamline","Gash"],"picked":"Defragment","floor":14.0},{"not_picked":["Streamline","Biased Cognition"],"picked":"Leap","floor":15.0},{"not_picked":["Turbo","Scrape"],"picked":"Go for the Eyes","floor":18},{"not_picked":["Capacitor+1","Stack+1"],"picked":"Cold Snap+1","floor":19},{"not_picked":["Capacitor","Compile Driver"],"picked":"Redo+1","floor":22},{"not_picked":["Compile Driver+1","Sweeping Beam+1"],"picked":"Barrage","floor":23}],"player_experience":25163,"potions_floor_usage":[18,22,22,24],"damage_taken":[{"damage":1.0,"enemies":"Jaw Worm","floor":1.0,"turns":4.0},{"damage":7.0,"enemies":"2 Louse","floor":3.0,"turns":3.0},{"damage":5.0,"enemies":"Cultist","floor":5.0,"turns":5.0},{"damage":4.0,"enemies":"2 Fungi Beasts","floor":7.0,"turns":4.0},{"damage":0.0,"enemies":"Lagavulin","floor":8.0,"turns":10.0},{"damage":5.0,"enemies":"Exordium Thugs","floor":12.0,"turns":5.0},{"damage":0.0,"enemies":"Large Slime","floor":14.0,"turns":5.0},{"damage":30.0,"enemies":"Hexaghost","floor":16.0,"turns":11.0},{"damage":24,"enemies":"Spheric Guardian","floor":18,"turns":7},{"damage":43,"enemies":"Chosen","floor":19,"turns":8},{"damage":4,"enemies":"Snake Plant","floor":22,"turns":6},{"damage":35,"enemies":"Slavers","floor":24,"turns":4}],"relics_obtained":[{"floor":8.0,"key":"Anchor"},{"floor":9.0,"key":"Dream Catcher"}],"event_choices":[{"event_name":"Scrap Ooze","player_choice":"success","floor":2.0,"damage_taken":7.0},{"event_name":"Golden Idol","player_choice":"Take Damage","floor":10.0,"damage_taken":0.0},{"event_name":"Forgotten Altar","player_choice":"Gave Idol","floor":21,"damage_taken":0}],"boss_relics":[{"not_picked":["Velvet Choker","Lizard Tail"],"picked":"White Beast Statue"}],"items_purged_floors":[],"potions_floor_spawned":[5,7,12,16,18,19,22],"seed_played":"-6145424630297544347","killed_by":"Slavers","ascension_level":0,"potions_obtained":[{"floor":5.0,"key":"Dexterity Potion"},{"floor":7.0,"key":"SkillPotion"},{"floor":12.0,"key":"Block Potion"},{"floor":16.0,"key":"SkillPotion"},{"floor":18,"key":"Energy Potion"},{"floor":19,"key":"FocusPotion"},{"floor":22,"key":"PowerPotion"}],"is_trial":false}