{"gold_per_floor":[112,73,73,91,107,132,145,160,160,175,204,204,219,219,219,316,316,334,346,346,261,271,271,286,303,303,303,228,153,172,183,183,286,286,300,300,313,313],"floor_reached":38,"playtime":2495,"items_purged":["Normality"],"score":442,"play_id":"84aeb89b-3dc5-4b1c-aaa6-9da17a01f024","local_time":"20190410012139","is_ascension_mode":false,"campfire_choices":[{"floor":15,"key":"REST"},{"floor":23,"key":"REST"},{"data":"Demon Form","floor":32,"key":"SMITH"}],"neow_cost":"NONE","seed_source_timestamp":0,"circlet_count":0,"master_deck":["Strike_R","Strike_R+1","Strike_R+1","Strike_R","Strike_R","Defend_R","Defend_R","Defend_R","Defend_R","Inflame","Spot Weakness","Uppercut+1","Cleave","Demon Form+1","Anger","Reaper","Anger","Heavy Blade","Headbutt","Twin Strike"],"special_seed":0,"relics":["Burning Blood","NeowsBlessing","Blood Vial","Bottled Flame","Pear","Sozu","Regal Pillow","Unceasing Top","Strawberry","Cursed Key"],"potions_floor_usage":[6,7,10,16,35],"damage_taken":[{"damage":0.0,"enemies":"2 Louse","floor":1.0,"turns":1.0},{"damage":0.0,"enemies":"Small Slimes","floor":4.0,"turns":1.0},{"damage":0.0,"enemies":"Cultist","floor":5.0,"turns":1.0},{"damage":22,"enemies":"3 Sentries","floor":6,"turns":6},{"damage":24,"enemies":"Exordium Wildlife","floor":7,"turns":6},{"damage":7,"enemies":"3 Louse","floor":8,"turns":3},{"damage":21,"enemies":"Large Slime","floor":10,"turns":5},{"damage":31,"enemies":"Gremlin Nob","floor":11,"turns":5},{"damage":11,"enemies":"Blue Slaver","floor":13,"turns":3},{"damage":0,"enemies":"Slime Boss","floor":16,"turns":5},{"damage":8,"enemies":"3 Byrds","floor":18,"turns":6},{"damage":35,"enemies":"Shell Parasite","floor":19,"turns":4},{"damage":59,"enemies":"Shelled Parasite and Fungi","floor":22,"turns":5},{"damage":21,"enemies":"Snecko","floor":24,"turns":4},{"damage":50,"enemies":"Centurion and Healer","floor":25,"turns":8},{"damage":20,"enemies":"Snake Plant","floor":30,"turns":3},{"damage":24,"enemies":"Sentry and Sphere","floor":31,"turns":4},{"damage":56,"enemies":"Champ","floor":33,"turns":9},{"damage":44,"enemies":"3 Darklings","floor":35,"turns":7},{"damage":11,"enemies":"3 Shapes","floor":37,"turns":3},{"damage":107,"enemies":"2 Orb Walkers","floor":38,"turns":5}],"seed_played":"-4195002139995351185","potions_obtained":[{"floor":4.0,"key":"Explosive Potion"},{"floor":6,"key":"Strength Potion"},{"floor":7,"key":"Weak Potion"},{"floor":11,"key":"AttackPotion"},{"floor":16,"key":"SteroidPotion"}],"is_trial":false,"path_per_floor":["M","$","?","M","M","E","M","M","T","M","E","?","M","?","R","B",null,"M","M","?","?","M","R","M","M","T","?","$","?","M","M","R","B",null,"M","?","M","?"],"character_chosen":"IRONCLAD","items_purchased":["Inflame"],"campfire_rested":2,"item_purchase_floors":[2],"current_hp_per_floor":[80,80,64,70,76,60,44,45,45,32,19,41,38,38,65,73,90,90,61,61,61,28,69,65,53,53,60,60,60,57,56,56,44,94,86,86,94,0],"gold":313,"neow_bonus":"THREE_ENEMY_KILL","is_prod":false,"is_daily":false,"chose_seed":false,"campfire_upgraded":1,"win_rate":0,"timestamp":1554852099,"path_taken":["M","$","?","M","M","E","M","M","T","M","E","?","M","?","R","BOSS","M","M","?","?","M","R","M","M","T","?","$","?","M","M","R","BOSS","M","?","?","?"],"build_version":"2019-01-23","purchased_purges":1,"victory":false,"max_hp_per_floor":[80,80,80,80,80,80,80,80,80,80,90,90,90,90,90,90,90,90,90,87,87,87,87,87,87,87,94,94,94,94,94,94,94,94,94,94,94,94],"card_choices":[{"not_picked":["Body Slam","Clash","Thunderclap"],"picked":"SKIP","floor":1.0},{"not_picked":["Clash","Blood for Blood","Fire Breathing"],"picked":"SKIP","floor":4.0},{"not_picked":["Power Through","Havoc"],"picked":"Spot Weakness","floor":5},{"not_picked":["Searing Blow","Bloodletting"],"picked":"Uppercut","floor":6},{"not_picked":["Shockwave","Carnage"],"picked":"Cleave","floor":7},{"not_picked":["Warcry","Reckless Charge","Flex"],"picked":"SKIP","floor":8},{"not_picked":["Power Through","Battle Trance"],"picked":"Demon Form","floor":10},{"not_picked":["Warcry","Clash"],"picked":"Evolve","floor":11},{"not_picked":["Clash","Armaments"],"picked":"Anger","floor":13},{"not_picked":["Feed","Berserk"],"picked":"Reaper","floor":16},{"not_picked":["Wild Strike","Blood for Blood"],"picked":"Anger","floor":18},{"not_picked":["Clothesline+1","Hemokinesis","Spot Weakness"],"picked":"SKIP","floor":19},{"not_picked":["Warcry+1","Body Slam"],"picked":"Heavy Blade","floor":22},{"not_picked":["Cleave","Ghostly Armor"],"picked":"Headbutt","floor":24},{"not_picked":["Clothesline","Combust"],"picked":"Twin Strike","floor":25},{"not_picked":["Warcry","Cleave","Bloodletting+1"],"picked":"SKIP","floor":30},{"not_picked":["Armaments","Flex","Cleave"],"picked":"SKIP","floor":31},{"not_picked":["Body Slam","Searing Blow+1","Headbutt+1"],"picked":"SKIP","floor":35},{"not_picked":["Havoc","Dropkick","Perfected Strike+1"],"picked":"SKIP","floor":37}],"player_experience":235885,"relics_obtained":[{"floor":6,"key":"Blood Vial"},{"floor":9,"key":"Bottled Flame"},{"floor":11,"key":"Pear"},{"floor":26,"key":"Unceasing Top"}],"event_choices":[{"damage_healed":0.0,"max_hp_gain":0.0,"max_hp_loss":0.0,"gold_gain":0.0,"event_name":"Shining Light","player_choice":"Entered Light","floor":3.0,"gold_loss":0.0,"damage_taken":16.0,"cards_upgraded":["Strike_R","Strike_R"]},{"damage_healed":22,"gold_gain":0,"player_choice":"Healed and dodged fight","damage_taken":0,"max_hp_gain":0,"max_hp_loss":0,"event_name":"Mushrooms","floor":12,"gold_loss":0,"cards_obtained":["Parasite"]},{"damage_healed":0,"gold_gain":0,"player_choice":"Grow","damage_taken":0,"max_hp_gain":0,"max_hp_loss":0,"event_name":"Living Wall","floor":14,"gold_loss":0,"cards_upgraded":["Uppercut"]},{"damage_healed":0,"gold_gain":0,"cards_transformed":["Bash","Parasite"],"player_choice":"Became Test Subject","damage_taken":0,"max_hp_gain":0,"max_hp_loss":0,"event_name":"Drug Dealer","floor":20,"gold_loss":0,"cards_obtained":["Barricade","Normality"]},{"damage_healed":0,"gold_gain":0,"player_choice":"Obtained Relic","damage_taken":0,"relics_obtained":["Regal Pillow"],"max_hp_gain":0,"max_hp_loss":0,"event_name":"Addict","floor":21,"gold_loss":85},{"damage_healed":0,"gold_gain":0,"player_choice":"Opened","damage_taken":0,"relics_obtained":["Strawberry"],"max_hp_gain":0,"max_hp_loss":0,"event_name":"The Mausoleum","floor":27,"gold_loss":0},{"cards_removed":["Barricade"],"damage_healed":0,"gold_gain":0,"player_choice":"Gave Gold","damage_taken":0,"max_hp_gain":0,"max_hp_loss":0,"event_name":"Beggar","floor":29,"gold_loss":75},{"cards_removed":["Evolve"],"damage_healed":0,"gold_gain":0,"player_choice":"Purged","damage_taken":0,"max_hp_gain":0,"max_hp_loss":0,"event_name":"Purifier","floor":36,"gold_loss":0},{"damage_healed":0,"gold_gain":0,"player_choice":"Fight","damage_taken":0,"max_hp_gain":0,"max_hp_loss":0,"event_name":"Mysterious Sphere","floor":38,"gold_loss":0}],"is_beta":false,"boss_relics":[{"not_picked":["Runic Cube","Runic Dome"],"picked":"Sozu"},{"not_picked":["Coffee Dripper","Black Blood"],"picked":"Cursed Key"}],"items_purged_floors":[28],"is_endless":false,"potions_floor_spawned":[4,6,7,11,16,22,25,31,33,37],"killed_by":"2 Orb Walkers","ascension_level":0}