{"gold_per_floor":[216,228,248,248,248,248,283,283,283,283,283,318,336,336,336,425,425,444,369,384,77,100,100,125,125,125,141,155,171,171,202,202,293,293,309,129,142,160,176,176,190,214,284,298,298,298,311,336,336,336],"floor_reached":51,"playtime":4993,"items_purged":["Parasite","Strike_G"],"score":1111,"play_id":"d57494b7-8431-45ce-beeb-003232d0b130","local_time":"20190403180920","is_ascension_mode":true,"campfire_choices":[{"data":"Riddle With Holes","floor":6,"key":"SMITH"},{"data":"Dash","floor":8,"key":"SMITH"},{"floor":10,"key":"REST"},{"floor":15,"key":"REST"},{"floor":23,"key":"REST"},{"floor":30,"key":"REST"},{"floor":32,"key":"REST"},{"floor":40,"key":"REST"},{"floor":45,"key":"REST"},{"floor":49,"key":"REST"}],"neow_cost":"NONE","seed_source_timestamp":1862262254736410,"circlet_count":0,"master_deck":["AscendersBane","Defend_G","Defend_G","Defend_G","Defend_G","Defend_G","Strike_G","Strike_G","Strike_G","Survivor","Neutralize+1","Quick Slash","Riddle With Holes+1","Crippling Poison+1","Dash+1","Dagger Spray","Adrenaline","Deflect+1","Leg Sweep+1","Footwork","Master of Strategy","Cloak And Dagger","Blur+1","Deadly Poison","Dodge and Roll+1","Deadly Poison","Die Die Die","Corpse Explosion","Leg Sweep+1","Well Laid Plans","Noxious Fumes","Backflip","Deflect"],"relics":["Ring of the Snake","Golden Idol","Paper Crane","Happy Flower","White Beast Statue","Turnip","Peace Pipe","Philosopher\u0027s Stone","Ornamental Fan"],"potions_floor_usage":[7,16,16,28,31,31,33,37,39,41,42,44,47,48,50,50],"damage_taken":[{"damage":1,"enemies":"Small Slimes","floor":1,"turns":5},{"damage":1,"enemies":"Jaw Worm","floor":2,"turns":3},{"damage":1,"enemies":"Cultist","floor":3,"turns":3},{"damage":39,"enemies":"Lagavulin","floor":7,"turns":10},{"damage":19,"enemies":"Gremlin Nob","floor":12,"turns":6},{"damage":0,"enemies":"2 Fungi Beasts","floor":13,"turns":2},{"damage":21,"enemies":"Slime Boss","floor":16,"turns":7},{"damage":15,"enemies":"Spheric Guardian","floor":18,"turns":5},{"damage":0,"enemies":"Chosen","floor":20,"turns":5},{"damage":15,"enemies":"Sentry and Sphere","floor":22,"turns":11},{"damage":10,"enemies":"Chosen and Byrds","floor":24,"turns":8},{"damage":0,"enemies":"Shelled Parasite and Fungi","floor":27,"turns":7},{"damage":7,"enemies":"Snecko","floor":28,"turns":8},{"damage":0,"enemies":"Centurion and Healer","floor":29,"turns":8},{"damage":18,"enemies":"Book of Stabbing","floor":31,"turns":8},{"damage":33,"enemies":"Collector","floor":33,"turns":14},{"damage":0,"enemies":"Orb Walker","floor":35,"turns":5},{"damage":10,"enemies":"3 Darklings","floor":37,"turns":5},{"damage":15,"enemies":"Spire Growth","floor":38,"turns":7},{"damage":18,"enemies":"Transient","floor":39,"turns":5},{"damage":0,"enemies":"4 Shapes","floor":41,"turns":5},{"damage":0,"enemies":"Maw","floor":42,"turns":9},{"damage":1,"enemies":"Spire Growth","floor":44,"turns":7},{"damage":6,"enemies":"3 Darklings","floor":47,"turns":4},{"damage":7,"enemies":"Maw","floor":48,"turns":9},{"damage":12,"enemies":"Time Eater","floor":50,"turns":20}],"seed_played":"2965957441940063327","potions_obtained":[{"floor":2,"key":"Weak Potion"},{"floor":12,"key":"SneckoOil"},{"floor":13,"key":"Fire Potion"},{"floor":18,"key":"Explosive Potion"},{"floor":20,"key":"SmokeBomb"},{"floor":24,"key":"Block Potion"},{"floor":27,"key":"Energy Potion"},{"floor":28,"key":"EssenceOfSteel"},{"floor":29,"key":"Strength Potion"},{"floor":31,"key":"FearPotion"},{"floor":33,"key":"Poison Potion"},{"floor":35,"key":"Strength Potion"},{"floor":37,"key":"GhostInAJar"},{"floor":38,"key":"Fire Potion"},{"floor":39,"key":"Dexterity Potion"},{"floor":41,"key":"AttackPotion"},{"floor":42,"key":"AttackPotion"},{"floor":44,"key":"EssenceOfSteel"},{"floor":47,"key":"Energy Potion"},{"floor":48,"key":"Dexterity Potion"}],"is_trial":false,"path_per_floor":["M","M","M","?","?","R","E","R","T","R","?","E","M","?","R","B",null,"M","?","M","$","M","R","M","?","T","M","M","M","R","E","R","B",null,"M","$","M","M","M","R","M","M","T","M","R","?","M","M","R","B",null],"character_chosen":"THE_SILENT","items_purchased":["Footwork","Master of Strategy","Well Laid Plans"],"campfire_rested":8,"item_purchase_floors":[21,21,36],"current_hp_per_floor":[58,57,56,56,56,56,17,17,17,35,35,16,16,31,49,28,52,37,37,37,37,22,39,29,29,29,29,22,22,39,21,38,5,44,44,44,34,19,1,18,18,18,18,17,34,34,28,21,38,26],"gold":336,"neow_bonus":"HUNDRED_GOLD","is_prod":false,"is_daily":false,"chose_seed":false,"campfire_upgraded":2,"win_rate":0,"timestamp":1554329360,"path_taken":["M","M","M","?","?","R","E","R","T","R","?","E","?","?","R","BOSS","M","?","M","$","M","R","M","?","T","?","M","M","R","E","R","BOSS","M","$","M","M","M","R","M","M","T","?","R","?","?","M","R","BOSS"],"build_version":"2019-01-23","purchased_purges":2,"victory":true,"max_hp_per_floor":[66,66,66,60,60,60,60,60,60,60,60,60,60,60,60,60,60,60,60,60,57,57,57,57,57,57,57,57,57,57,57,57,57,57,57,57,57,57,57,57,57,57,57,57,57,57,57,57,57,57],"card_choices":[{"not_picked":["Acrobatics","Prepared"],"picked":"Quick Slash","floor":1},{"not_picked":["Setup","Cloak And Dagger"],"picked":"Riddle With Holes","floor":2},{"not_picked":["Cloak And Dagger","Outmaneuver"],"picked":"Crippling Poison","floor":3},{"not_picked":["Bouncing Flask","PiercingWail"],"picked":"Dash","floor":7},{"not_picked":["Setup","Bane","Poisoned Stab"],"picked":"SKIP","floor":12},{"not_picked":["Masterful Stab","Tactician"],"picked":"Dagger Spray","floor":13},{"not_picked":["Venomology","Unload"],"picked":"Adrenaline","floor":16},{"not_picked":["Caltrops","Blur+1"],"picked":"Deflect+1","floor":18},{"not_picked":["Acrobatics+1","Blade Dance"],"picked":"Leg Sweep+1","floor":20},{"not_picked":["Flying Knee","Backflip"],"picked":"Cloak And Dagger","floor":22},{"not_picked":["Poisoned Stab","Choke"],"picked":"Blur+1","floor":24},{"not_picked":["Underhanded Strike","Quick Slash","Blade Dance"],"picked":"SKIP","floor":27},{"not_picked":["Slice","Dagger Throw"],"picked":"Dodge and Roll+1","floor":28},{"not_picked":["Quick Slash","Prepared+1"],"picked":"Deadly Poison","floor":29},{"not_picked":["Setup","Underhanded Strike+1"],"picked":"Die Die Die","floor":31},{"not_picked":["Die Die Die","Doppelganger"],"picked":"Corpse Explosion","floor":33},{"not_picked":["Sucker Punch","Infinite Blades"],"picked":"Leg Sweep+1","floor":35},{"not_picked":["Dagger Throw","Acrobatics"],"picked":"Noxious Fumes","floor":37},{"not_picked":["Crippling Poison","Poisoned Stab+1","Setup+1"],"picked":"SKIP","floor":38},{"not_picked":["Prepared","Cloak And Dagger","Riddle With Holes"],"picked":"SKIP","floor":39},{"not_picked":["Deadly Poison","Outmaneuver+1","Cloak And Dagger"],"picked":"SKIP","floor":41},{"not_picked":["Sucker Punch","Infinite Blades+1","Slice"],"picked":"SKIP","floor":42},{"not_picked":["Cloak And Dagger+1","Deadly Poison","Acrobatics"],"picked":"SKIP","floor":44},{"not_picked":["Venomology","Dagger Throw+1"],"picked":"Backflip","floor":47},{"not_picked":["Finisher","Terror"],"picked":"Deflect","floor":48}],"player_experience":782195,"relics_obtained":[{"floor":7,"key":"Paper Crane"},{"floor":12,"key":"Happy Flower"},{"floor":26,"key":"Turnip"},{"floor":31,"key":"Peace Pipe"},{"floor":43,"key":"Ornamental Fan"}],"event_choices":[{"damage_healed":0,"gold_gain":0,"player_choice":"Lose Max HP","damage_taken":0,"relics_obtained":["Golden Idol"],"max_hp_gain":0,"max_hp_loss":6,"event_name":"Golden Idol","floor":4,"gold_loss":0},{"damage_healed":0,"gold_gain":0,"player_choice":"Grow","damage_taken":0,"max_hp_gain":0,"max_hp_loss":0,"event_name":"Living Wall","floor":5,"gold_loss":0,"cards_upgraded":["Neutralize"]},{"damage_healed":0,"gold_gain":0,"player_choice":"Forge","damage_taken":0,"max_hp_gain":0,"max_hp_loss":0,"event_name":"Accursed Blacksmith","floor":11,"gold_loss":0,"cards_upgraded":["Crippling Poison"]},{"damage_healed":15,"gold_gain":0,"player_choice":"Healed and dodged fight","damage_taken":0,"max_hp_gain":0,"max_hp_loss":0,"event_name":"Mushrooms","floor":14,"gold_loss":0,"cards_obtained":["Parasite"]},{"cards_removed":["Strike_G"],"damage_healed":0,"gold_gain":0,"player_choice":"Gave Gold","damage_taken":0,"max_hp_gain":0,"max_hp_loss":0,"event_name":"Beggar","floor":19,"gold_loss":75},{"damage_healed":0,"gold_gain":0,"player_choice":"Read","damage_taken":0,"max_hp_gain":0,"max_hp_loss":0,"event_name":"The Library","floor":25,"gold_loss":0,"cards_obtained":["Deadly Poison"]},{"damage_healed":0,"gold_gain":0,"player_choice":"Leave","damage_taken":0,"max_hp_gain":0,"max_hp_loss":0,"event_name":"FaceTrader","floor":46,"gold_loss":0}],"is_beta":false,"boss_relics":[{"not_picked":["Empty Cage","Lizard Tail"],"picked":"White Beast Statue"},{"not_picked":["Pandora\u0027s Box","Coffee Dripper"],"picked":"Philosopher\u0027s Stone"}],"items_purged_floors":[21,36],"is_endless":false,"potions_floor_spawned":[2,12,13,18,20,22,24,27,28,29,31,33,35,37,38,39,41,42,44,47,48],"ascension_level":15}