{"gold_per_floor":[112,112,112,126,140,175,175,202,252,263,281,20,38,48,48,127,127,138,148,163,182,197,197,208,208,208,208,241,85,85,103,103,174,174,184,195,212,230,245,270,281,108,132,132,132,151,162,37,37,37,37,37,37,69,69],"floor_reached":55,"playtime":5689,"items_purged":["Strike_G","Writhe","Strike_G"],"score":1362,"play_id":"bc690a78-8459-4b15-8e6f-bccb63c29d35","local_time":"20190408184704","is_ascension_mode":true,"campfire_choices":[{"data":"Backstab","floor":7,"key":"SMITH"},{"data":"Crippling Poison","floor":15,"key":"SMITH"},{"data":"Well Laid Plans","floor":23,"key":"SMITH"},{"floor":25,"key":"REST"},{"data":"After Image","floor":32,"key":"SMITH"},{"floor":45,"key":"REST"},{"floor":49,"key":"RECALL"},{"floor":52,"key":"REST"}],"neow_cost":"NONE","seed_source_timestamp":2295790834413029,"circlet_count":0,"master_deck":["AscendersBane","Defend_G","Defend_G","Defend_G","Defend_G+1","Defend_G","Strike_G","Strike_G","Strike_G","Survivor+1","Neutralize+1","Cloak And Dagger+1","Backstab+1","Dagger Throw","Footwork","Crippling Poison+1","Noxious Fumes","Unload","Well Laid Plans+1","Catalyst","Dagger Spray","Backflip","Catalyst","Deadly Poison","After Image+1","Adrenaline","Burst","PiercingWail+1","Dodge and Roll","Deadly Poison+1","Blur+1","Backstab+1","Wraith Form v2+1"],"relics":["Ring of the Snake","Singing Bowl","PreservedInsect","Bag of Marbles","Anchor","White Beast Statue","Ornamental Fan","War Paint","Philosopher\u0027s Stone","Mummified Hand","Pen Nib","Sundial"],"potions_floor_usage":[6,18,19,20,20,22,22,28,28,31,33,35,37,38,39,47,50],"damage_taken":[{"damage":0,"enemies":"Jaw Worm","floor":1,"turns":6},{"damage":0,"enemies":"Small Slimes","floor":4,"turns":4},{"damage":0,"enemies":"2 Louse","floor":5,"turns":2},{"damage":12,"enemies":"Lagavulin","floor":6,"turns":8},{"damage":17,"enemies":"3 Sentries","floor":8,"turns":10},{"damage":1,"enemies":"Gremlin Gang","floor":10,"turns":3},{"damage":0,"enemies":"Blue Slaver","floor":11,"turns":1},{"damage":0,"enemies":"Lots of Slimes","floor":13,"turns":3},{"damage":0,"enemies":"Looter","floor":14,"turns":2},{"damage":0,"enemies":"The Guardian","floor":16,"turns":12},{"damage":1,"enemies":"2 Thieves","floor":18,"turns":4},{"damage":6,"enemies":"Spheric Guardian","floor":19,"turns":3},{"damage":4,"enemies":"Centurion and Healer","floor":20,"turns":6},{"damage":0,"enemies":"Chosen and Byrds","floor":21,"turns":5},{"damage":14,"enemies":"Snake Plant","floor":22,"turns":3},{"damage":12,"enemies":"Sentry and Sphere","floor":24,"turns":7},{"damage":0,"enemies":"Gremlin Leader","floor":28,"turns":4},{"damage":14,"enemies":"Shelled Parasite and Fungi","floor":31,"turns":6},{"damage":48,"enemies":"Automaton","floor":33,"turns":11},{"damage":0,"enemies":"Orb Walker","floor":35,"turns":4},{"damage":4,"enemies":"3 Darklings","floor":36,"turns":10},{"damage":7,"enemies":"Maw","floor":37,"turns":8},{"damage":7,"enemies":"Jaw Worm Horde","floor":38,"turns":5},{"damage":0,"enemies":"Sphere and 2 Shapes","floor":39,"turns":4},{"damage":21,"enemies":"Giant Head","floor":40,"turns":7},{"damage":15,"enemies":"Maw","floor":41,"turns":7},{"damage":0,"enemies":"Spire Growth","floor":46,"turns":5},{"damage":0,"enemies":"Transient","floor":47,"turns":5},{"damage":27,"enemies":"Awakened One","floor":50,"turns":20},{"damage":66,"enemies":"Shield and Spear","floor":54,"turns":7},{"damage":50,"enemies":"The Heart","floor":55,"turns":3}],"seed_played":"8833512631070010166","potions_obtained":[{"floor":4,"key":"AttackPotion"},{"floor":8,"key":"Strength Potion"},{"floor":11,"key":"Weak Potion"},{"floor":16,"key":"Poison Potion"},{"floor":18,"key":"Weak Potion"},{"floor":19,"key":"Swift Potion"},{"floor":20,"key":"Explosive Potion"},{"floor":21,"key":"SkillPotion"},{"floor":22,"key":"SteroidPotion"},{"floor":24,"key":"Weak Potion"},{"floor":28,"key":"Explosive Potion"},{"floor":30,"key":"Regen Potion"},{"floor":31,"key":"Ancient Potion"},{"floor":33,"key":"Weak Potion"},{"floor":35,"key":"GhostInAJar"},{"floor":37,"key":"SpeedPotion"},{"floor":38,"key":"SkillPotion"},{"floor":39,"key":"FairyPotion"},{"floor":47,"key":"AttackPotion"},{"floor":54,"key":"Weak Potion"}],"is_trial":false,"path_per_floor":["M","?","?","M","M","E","R","E","T","M","M","$","M","M","R","B",null,"M","M","M","M","M","R","M","R","T","?","E","$","?","M","R","B",null,"M","M","M","M","M","E","M","$","T","?","R","M","M","$","R","B",null,"R","$","E","B"],"character_chosen":"THE_SILENT","items_purchased":["Noxious Fumes","Anchor","Adrenaline","Wraith Form v2"],"campfire_rested":3,"item_purchase_floors":[12,12,29,42],"current_hp_per_floor":[59,59,59,59,59,49,49,32,32,31,33,33,35,37,37,37,65,64,58,54,54,40,40,28,50,50,50,50,50,50,53,53,5,58,58,54,47,40,40,21,8,8,8,8,32,34,36,36,36,9,65,84,84,20,0],"gold":69,"neow_bonus":"UPGRADE_CARD","is_prod":false,"is_daily":false,"chose_seed":false,"campfire_upgraded":4,"win_rate":0,"timestamp":1554763624,"path_taken":["M","?","?","M","M","E","R","E","T","M","M","$","M","M","R","BOSS","M","M","M","M","M","R","M","R","T","?","E","$","?","M","R","BOSS","M","?","M","M","M","E","M","$","T","?","R","?","M","$","R","BOSS","R","$","E","BOSS"],"build_version":"2019-01-23","purchased_purges":3,"victory":false,"max_hp_per_floor":[66,66,66,66,66,68,68,68,68,68,70,70,72,74,74,74,74,74,74,74,74,74,74,74,74,74,74,74,74,74,76,76,76,76,76,76,76,76,76,78,80,80,80,80,80,82,84,84,84,84,84,84,84,86,86],"card_choices":[{"not_picked":["Dodge and Roll","Eviscerate"],"picked":"Cloak And Dagger","floor":1},{"not_picked":["Bane","Terror"],"picked":"Backstab","floor":4},{"not_picked":["Infinite Blades","Leg Sweep"],"picked":"Dagger Throw","floor":5},{"not_picked":["Bane","Accuracy","Dodge and Roll"],"picked":"Singing Bowl","floor":6},{"not_picked":["Deflect","Dagger Spray"],"picked":"Footwork","floor":8},{"not_picked":["Cloak And Dagger","Poisoned Stab"],"picked":"Crippling Poison","floor":10},{"not_picked":["Crippling Poison","Poisoned Stab","Underhanded Strike"],"picked":"Singing Bowl","floor":11},{"not_picked":["Masterful Stab","Heel Hook","Outmaneuver"],"picked":"Singing Bowl","floor":13},{"not_picked":["Finisher","Accuracy","Deflect"],"picked":"Singing Bowl","floor":14},{"not_picked":["Doppelganger","Venomology"],"picked":"Unload","floor":16},{"not_picked":["Acrobatics","Dagger Spray"],"picked":"Well Laid Plans","floor":18},{"not_picked":["Underhanded Strike+1","Slice"],"picked":"Catalyst","floor":19},{"not_picked":["Choke","Blade Dance"],"picked":"Dagger Spray","floor":20},{"not_picked":["Acrobatics","Deadly Poison"],"picked":"Backflip","floor":21},{"not_picked":["Dagger Throw","All Out Attack+1"],"picked":"Catalyst","floor":22},{"not_picked":["Noxious Fumes","Infinite Blades+1"],"picked":"Deadly Poison","floor":24},{"not_picked":["Sucker Punch","Blade Dance+1"],"picked":"After Image","floor":28},{"not_picked":["Predator","Bane","Noxious Fumes"],"picked":"Singing Bowl","floor":31},{"not_picked":["Doppelganger","After Image"],"picked":"Burst","floor":33},{"not_picked":["Sucker Punch","Cloak And Dagger"],"picked":"PiercingWail+1","floor":35},{"not_picked":["Flying Knee+1","Bouncing Flask"],"picked":"Dodge and Roll","floor":36},{"not_picked":["Well Laid Plans+1","Quick Slash+1"],"picked":"Deadly Poison+1","floor":37},{"not_picked":["Tactician","Dodge and Roll"],"picked":"Blur+1","floor":38},{"not_picked":["Dagger Throw+1","Outmaneuver"],"picked":"Backstab+1","floor":39},{"not_picked":["Footwork","Endless Agony","Caltrops"],"picked":"Singing Bowl","floor":40},{"not_picked":["Choke","Bane","Dodge and Roll+1"],"picked":"Singing Bowl","floor":41},{"not_picked":["Calculated Gamble","Outmaneuver+1","Choke"],"picked":"Singing Bowl","floor":46},{"not_picked":["All Out Attack+1","Underhanded Strike","Accuracy"],"picked":"Singing Bowl","floor":47},{"not_picked":["Blade Dance","Deadly Poison","Bane+1"],"picked":"Singing Bowl","floor":54}],"player_experience":808034,"relics_obtained":[{"floor":6,"key":"Singing Bowl"},{"floor":8,"key":"PreservedInsect"},{"floor":9,"key":"Bag of Marbles"},{"floor":28,"key":"War Paint"},{"floor":40,"key":"Mummified Hand"},{"floor":43,"key":"Pen Nib"},{"floor":54,"key":"Sundial"}],"event_choices":[{"damage_healed":0,"gold_gain":0,"player_choice":"Ignored","damage_taken":0,"max_hp_gain":0,"max_hp_loss":0,"event_name":"Shining Light","floor":2,"gold_loss":0},{"damage_healed":0,"gold_gain":0,"player_choice":"Grow","damage_taken":0,"max_hp_gain":0,"max_hp_loss":0,"event_name":"Living Wall","floor":3,"gold_loss":0,"cards_upgraded":["Cloak And Dagger"]},{"damage_healed":0,"gold_gain":0,"player_choice":"Opened","damage_taken":0,"relics_obtained":["Ornamental Fan"],"max_hp_gain":0,"max_hp_loss":0,"event_name":"The Mausoleum","floor":27,"gold_loss":0,"cards_obtained":["Writhe"]},{"damage_healed":0,"gold_gain":0,"player_choice":"Got Potions","damage_taken":0,"max_hp_gain":0,"max_hp_loss":0,"event_name":"Lab","floor":30,"gold_loss":0},{"damage_healed":0,"gold_gain":0,"player_choice":"Upgraded","damage_taken":0,"max_hp_gain":0,"max_hp_loss":0,"event_name":"Upgrade Shrine","floor":44,"gold_loss":0,"cards_upgraded":["Wraith Form v2"]}],"is_beta":false,"boss_relics":[{"not_picked":["Coffee Dripper","Ring of the Serpent"],"picked":"White Beast Statue"},{"not_picked":["Busted Crown","Sozu"],"picked":"Philosopher\u0027s Stone"}],"items_purged_floors":[12,42,48],"is_endless":false,"potions_floor_spawned":[4,8,11,16,18,19,20,21,22,24,28,31,33,35,36,37,38,39,40,41,46,47,54],"killed_by":"The Heart","ascension_level":15}