{"path_per_floor":["M","M","?","M","M","E","?","R","T","R","?","M","$","M","R","B",null,"M","?","M","M","?","R","$","R","T","T","M"],"character_chosen":"IRONCLAD","items_purchased":["Searing Blow","Dream Catcher","Toy Ornithopter"],"gold_per_floor":[118,134,134,150,169,201,376,376,376,376,376,386,85,104,104,202,202,220,220,235,245,245,245,51,51,103,172,186],"floor_reached":29,"campfire_rested":2,"playtime":1710,"current_hp_per_floor":[80,71,71,77,73,47,47,80,80,80,80,80,80,70,70,20,80,68,68,25,28,33,72,72,72,72,82,59],"items_purged":["Doubt"],"gold":186,"score":236,"play_id":"186ba65c-aa0b-416e-b3aa-27a22928f4e8","local_time":"20180311224504","is_prod":false,"is_daily":false,"is_ascension_mode":true,"campfire_upgraded":3,"timestamp":1520804704,"path_taken":["M","M","?","?","M","E","?","R","T","R","?","M","$","M","R","BOSS","M","?","M","M","?","R","$","R","T","?","?","M"],"build_version":"2018-03-09","purchased_purges":1,"victory":false,"master_deck":["Strike_R","Strike_R","Strike_R","Strike_R","Defend_R","Defend_R","Defend_R","Defend_R","Bash","Armaments","Armaments","Dropkick","Wild Strike","Bash","Rupture","Anger","Clothesline","Searing Blow","Rampage+1","Juggernaut+1","Fire Breathing","Power Through","Thunderclap+1","Pommel Strike+1","Power Through"],"max_hp_per_floor":[80,80,80,80,80,80,80,80,80,80,80,80,80,80,80,80,80,80,80,80,80,80,80,80,80,80,90,90],"relics":["Burning Blood","Regal Pillow","Pen Nib","Dream Catcher","Black Star","Toy Ornithopter","Anchor","Pear"],"card_choices":[{"not_picked":["Sever Soul","Cleave"],"picked":"Armaments"},{"not_picked":["Clash","True Grit"],"picked":"Armaments"},{"not_picked":["Second Wind","Brutality"],"picked":"Dropkick"},{"not_picked":["Burning Pact","Disarm"],"picked":"Wild Strike"},{"not_picked":["Fiend Fire","Dual Wield"],"picked":"Anger"},{"not_picked":["Evolve","Pommel Strike"],"picked":"Clothesline"},{"not_picked":["Twin Strike","Fire Breathing"],"picked":"Rampage"},{"not_picked":["Reaper","Double Tap"],"picked":"Juggernaut"},{"not_picked":["Flame Barrier","Heavy Blade"],"picked":"Power Through"},{"not_picked":["Cleave","Warcry"],"picked":"Thunderclap"},{"not_picked":["Shrug It Off","Thunderclap"],"picked":"Pommel Strike"},{"not_picked":["Twin Strike","Searing Blow"],"picked":"Power Through"}],"player_experience":72582,"potions_floor_usage":[14,21,29],"damage_taken":[{"damage":1,"enemies":"Cultist","floor":1,"turns":3},{"damage":15,"enemies":"Jaw Worm","floor":2,"turns":5},{"damage":0,"enemies":"Small Slimes","floor":4,"turns":6},{"damage":10,"enemies":"Exordium Wildlife","floor":5,"turns":9},{"damage":32,"enemies":"Lagavulin","floor":6,"turns":6},{"damage":3,"enemies":"3 Louse","floor":12,"turns":3},{"damage":16,"enemies":"Exordium Thugs","floor":14,"turns":5},{"damage":56,"enemies":"The Guardian","floor":16,"turns":10},{"damage":18,"enemies":"Chosen","floor":18,"turns":6},{"damage":49,"enemies":"Spheric Guardian","floor":20,"turns":6},{"damage":3,"enemies":"Snecko","floor":21,"turns":6},{"damage":29,"enemies":"Centurion and Healer","floor":28,"turns":7},{"damage":66,"enemies":"Sentry and Sphere","floor":29,"turns":8}],"event_choices":[{"event_name":"Purifier","player_choice":"One Purge","floor":3,"damage_taken":0},{"event_name":"Liars Game","player_choice":"agreed","floor":7,"damage_taken":0},{"event_name":"Match and Keep!","player_choice":"3 cards matched","floor":11,"damage_taken":0},{"event_name":"The Library","player_choice":"Read","floor":19,"damage_taken":0},{"event_name":"Bonfire Elementals","player_choice":"COMMON","floor":22,"damage_taken":0}],"boss_relics":[{"not_picked":["Mark of Pain","Runic Pyramid"],"picked":"Black Star"}],"potions_floor_spawned":[1,4,6,18,21,28],"seed_played":"1237521785571704741","killed_by":"Sentry and Sphere","ascension_level":1,"is_trial":false}