{"gold_per_floor":[209,209,219,33,33,33,51,68,93,121,135,135,149,180,180,284,284,300,313,214,489,55,89,89,117,117,130,130,156,171,184,184,286,286,296,296,310,109,109,128,128,142,142,177,177,177,29,48,48,48,48,48,48,78,78],"floor_reached":56,"playtime":7910,"items_purged":["Regret","Strike_G"],"score":1393,"play_id":"1be7d63b-0392-430b-815d-ef05bed03660","local_time":"20190406103330","is_ascension_mode":true,"campfire_choices":[{"data":"Neutralize","floor":6.0,"key":"SMITH"},{"data":"Accuracy","floor":12.0,"key":"SMITH"},{"data":"Blade Dance","floor":15.0,"key":"SMITH"},{"data":"Cloak And Dagger","floor":24.0,"key":"SMITH"},{"data":"Venomology","floor":28.0,"key":"SMITH"},{"floor":32.0,"key":"REST"},{"floor":41.0,"key":"REST"},{"floor":46.0,"key":"RECALL"},{"data":"Noxious Fumes","floor":49.0,"key":"SMITH"},{"data":"PiercingWail","floor":52.0,"key":"SMITH"}],"neow_cost":"NONE","seed_source_timestamp":0,"circlet_count":0,"master_deck":["Defend_G","Defend_G","Defend_G","Defend_G","Defend_G","Strike_G+1","Strike_G+1","Survivor","Neutralize+1","PiercingWail","Infinite Blades","Backstab","Accuracy+1","Setup","Blade Dance+1","Venomology+1","Noxious Fumes+1","Cloak And Dagger+1","Infinite Blades","Outmaneuver+1","Cloak And Dagger+1","Concentrate","PiercingWail+1","Adrenaline","Leg Sweep+1","Madness","Madness","Blade Dance","Crippling Poison+1","Cloak And Dagger+1","Dodge and Roll+1"],"special_seed":0,"relics":["Ring of the Snake","Potion Belt","Dead Branch","Whetstone","WristBlade","Shuriken","Dream Catcher","Oddly Smooth Stone","Thread and Needle","Ancient Tea Set","Busted Crown","OrangePellets","Toxic Egg 2","Paper Crane","Bottled Lightning"],"potions_floor_usage":[54,55,55,55,55],"damage_taken":[{"damage":1.0,"enemies":"Small Slimes","floor":1.0,"turns":4.0},{"damage":0.0,"enemies":"Cultist","floor":3.0,"turns":4.0},{"damage":0.0,"enemies":"2 Louse","floor":7.0,"turns":4.0},{"damage":0.0,"enemies":"Exordium Thugs","floor":8.0,"turns":6.0},{"damage":45.0,"enemies":"Lagavulin","floor":10.0,"turns":12.0},{"damage":0.0,"enemies":"Exordium Wildlife","floor":11.0,"turns":1.0},{"damage":0.0,"enemies":"Blue Slaver","floor":13.0,"turns":4.0},{"damage":5.0,"enemies":"3 Sentries","floor":14.0,"turns":5.0},{"damage":26.0,"enemies":"Slime Boss","floor":16.0,"turns":6.0},{"damage":7.0,"enemies":"Chosen","floor":18.0,"turns":3.0},{"damage":0.0,"enemies":"Spheric Guardian","floor":19.0,"turns":2.0},{"damage":14.0,"enemies":"Book of Stabbing","floor":23.0,"turns":4.0},{"damage":1.0,"enemies":"Slavers","floor":25.0,"turns":5.0},{"damage":4.0,"enemies":"Snake Plant","floor":27.0,"turns":4.0},{"damage":14.0,"enemies":"Book of Stabbing","floor":29.0,"turns":4.0},{"damage":3.0,"enemies":"Snecko","floor":30.0,"turns":3.0},{"damage":2.0,"enemies":"Shelled Parasite and Fungi","floor":31.0,"turns":3.0},{"damage":12.0,"enemies":"Automaton","floor":33.0,"turns":4.0},{"damage":8.0,"enemies":"3 Shapes","floor":35.0,"turns":4.0},{"damage":0.0,"enemies":"3 Darklings","floor":37.0,"turns":3.0},{"damage":17.0,"enemies":"Sphere and 2 Shapes","floor":40.0,"turns":4.0},{"damage":1.0,"enemies":"Maw","floor":42.0,"turns":4.0},{"damage":0.0,"enemies":"Giant Head","floor":44.0,"turns":4.0},{"damage":0.0,"enemies":"3 Darklings","floor":48.0,"turns":3.0},{"damage":5.0,"enemies":"Time Eater","floor":50.0,"turns":4.0},{"damage":2,"enemies":"Shield and Spear","floor":54,"turns":4},{"damage":8,"enemies":"The Heart","floor":55,"turns":6}],"seed_played":"-5349034038006124792","potions_obtained":[{"floor":3.0,"key":"Regen Potion"},{"floor":11.0,"key":"Block Potion"},{"floor":13.0,"key":"Swift Potion"},{"floor":19.0,"key":"EssenceOfSteel"},{"floor":23.0,"key":"PowerPotion"},{"floor":33.0,"key":"GhostInAJar"},{"floor":40.0,"key":"Explosive Potion"},{"floor":42.0,"key":"LiquidBronze"},{"floor":44.0,"key":"SkillPotion"}],"is_trial":false,"path_per_floor":["M","?","M","$","?","R","M","M","T","E","M","R","M","E","R","B",null,"M","M","$","?","$","E","R","E","T","M","R","E","M","M","R","B",null,"M","?","M","$","?","M","R","M","T","E","?","R","$","M","R","B",null,"R","$","E","B",null],"character_chosen":"THE_SILENT","items_purchased":["GhostInAJar","Infinite Blades","Backstab","Noxious Fumes","Cloak And Dagger","Shuriken","Infinite Blades","GhostInAJar","OrangePellets","Cloak And Dagger+1"],"campfire_rested":2,"item_purchase_floors":[4,4,4,20,20,22,22,22,38,47],"current_hp_per_floor":[69,62,62,62,62,62,62,62,62,32,32,32,32,27,27,1,70,63,63,63,63,63,49,49,48,48,44,44,30,27,25,46,34,70,62,62,62,62,53,36,57,56,56,56,56,56,56,56,56,51,70,70,70,68,60],"gold":78,"neow_bonus":"HUNDRED_GOLD","is_prod":false,"is_daily":false,"chose_seed":false,"campfire_upgraded":7,"win_rate":0,"timestamp":1554564810,"path_taken":["M","?","M","$","?","R","?","M","T","E","M","R","M","E","R","BOSS","M","M","$","?","$","E","R","E","T","M","R","E","M","M","R","BOSS","M","?","M","$","?","M","R","M","T","E","?","R","?","?","R","BOSS","R","$","E","BOSS"],"build_version":"2019-01-23","purchased_purges":2,"victory":true,"max_hp_per_floor":[70,70,70,70,70,70,70,70,70,70,70,70,70,70,70,70,70,70,70,70,70,70,70,70,70,70,70,70,70,70,70,70,70,70,70,70,70,70,70,70,70,70,70,70,70,70,70,70,70,70,70,70,70,70,70],"card_choices":[{"not_picked":["Outmaneuver","Acrobatics","Dagger Spray"],"picked":"SKIP","floor":1.0},{"not_picked":["Accuracy","Sucker Punch"],"picked":"PiercingWail","floor":3.0},{"not_picked":["Blade Dance","Dagger Throw"],"picked":"Accuracy","floor":7.0},{"not_picked":["Tools of the Trade","Underhanded Strike"],"picked":"Setup","floor":8.0},{"not_picked":["Dagger Spray","Slice","Outmaneuver"],"picked":"SKIP","floor":10.0},{"not_picked":["Dagger Spray","Slice","Outmaneuver"],"picked":"SKIP","floor":10.0},{"not_picked":["Phantasmal Killer","Setup"],"picked":"Blade Dance","floor":11.0},{"not_picked":["Heel Hook","Prepared","Eviscerate"],"picked":"SKIP","floor":13.0},{"not_picked":["Reflex","Quick Slash","Bane"],"picked":"SKIP","floor":14.0},{"not_picked":["Bullet Time","Phantasmal Killer"],"picked":"Venomology","floor":16.0},{"not_picked":["Slice","Dodge and Roll+1","Finisher+1"],"picked":"SKIP","floor":18.0},{"not_picked":["Dagger Throw+1","Flechettes","Acrobatics"],"picked":"SKIP","floor":19.0},{"not_picked":["Envenom","Acrobatics"],"picked":"Outmaneuver+1","floor":23.0},{"not_picked":["Masterful Stab","Dagger Spray","Slice+1"],"picked":"SKIP","floor":25.0},{"not_picked":["Grand Finale","Sucker Punch+1"],"picked":"Cloak And Dagger+1","floor":27.0},{"not_picked":["Quick Slash","Slice","Heel Hook"],"picked":"SKIP","floor":29.0},{"not_picked":["Masterful Stab+1","Dash"],"picked":"Concentrate","floor":30.0},{"not_picked":["Dodge and Roll+1","Riddle With Holes","Poisoned Stab"],"picked":"SKIP","floor":31.0},{"not_picked":["Expertise","Dagger Spray"],"picked":"PiercingWail","floor":32.0},{"not_picked":["Die Die Die","After Image"],"picked":"Adrenaline","floor":33.0},{"not_picked":[],"picked":"Leg Sweep+1","floor":35.0},{"not_picked":["Sucker Punch"],"picked":"SKIP","floor":37.0},{"not_picked":["Underhanded Strike"],"picked":"SKIP","floor":40.0},{"not_picked":[],"picked":"Blade Dance","floor":41.0},{"not_picked":["Quick Slash"],"picked":"SKIP","floor":42.0},{"not_picked":[],"picked":"Crippling Poison+1","floor":44.0},{"not_picked":[],"picked":"Dodge and Roll+1","floor":48.0},{"not_picked":["Bane"],"picked":"SKIP","floor":54}],"player_experience":236902,"relics_obtained":[{"floor":10.0,"key":"Dead Branch"},{"floor":14.0,"key":"Whetstone"},{"floor":23.0,"key":"Dream Catcher"},{"floor":25.0,"key":"Oddly Smooth Stone"},{"floor":26.0,"key":"Thread and Needle"},{"floor":29.0,"key":"Ancient Tea Set"},{"floor":43.0,"key":"Toxic Egg 2"},{"floor":44.0,"key":"Paper Crane"},{"floor":54,"key":"Bottled Lightning"}],"event_choices":[{"damage_healed":0.0,"max_hp_gain":0.0,"max_hp_loss":0.0,"gold_gain":0.0,"event_name":"Scrap Ooze","player_choice":"Success","floor":2.0,"gold_loss":0.0,"damage_taken":7.0,"relics_obtained":["Potion Belt"]},{"cards_removed":["Strike_G"],"damage_healed":0.0,"max_hp_gain":0.0,"max_hp_loss":0.0,"gold_gain":0.0,"event_name":"Bonfire Elementals","player_choice":"Offered Basic","floor":5.0,"gold_loss":0.0,"damage_taken":0.0},{"damage_healed":0.0,"max_hp_gain":0.0,"max_hp_loss":0.0,"gold_gain":275.0,"event_name":"Golden Shrine","player_choice":"Desecrate","floor":21.0,"gold_loss":0.0,"damage_taken":0.0,"cards_obtained":["Regret"]},{"damage_healed":0.0,"max_hp_gain":0.0,"max_hp_loss":0.0,"gold_gain":0.0,"event_name":"Tomb of Lord Red Mask","player_choice":"Ignored","floor":36.0,"gold_loss":0.0,"damage_taken":0.0},{"damage_healed":0.0,"max_hp_gain":0.0,"max_hp_loss":0.0,"gold_gain":0.0,"event_name":"Winding Halls","player_choice":"Embrace Madness","floor":39.0,"gold_loss":0.0,"damage_taken":9.0,"cards_obtained":["Madness","Madness"]},{"cards_removed":["Strike_G"],"damage_healed":0.0,"max_hp_gain":0.0,"max_hp_loss":0.0,"gold_gain":0.0,"event_name":"Falling","player_choice":"Removed Attack","floor":45.0,"gold_loss":0.0,"damage_taken":0.0}],"is_beta":false,"boss_relics":[{"not_picked":["Runic Dome","Empty Cage"],"picked":"WristBlade"},{"not_picked":["Lizard Tail","Calling Bell"],"picked":"Busted Crown"}],"items_purged_floors":[22,47],"is_endless":false,"potions_floor_spawned":[3,11,13,19,23,33,40,42,44],"ascension_level":3}