{"path_per_floor":["M","M","?","$","M","E","R","E","T","E","$","R","?","M","R","B",null,"M","M","?","?","$","R","E","R","T","R","E","$","M","$","R","B",null,"M","$","M","?","M","R","M","R","T","?","$","E"],"character_chosen":"THE_SILENT","items_purchased":["Accuracy","A Thousand Cuts","Regen Potion","Finisher","Blood Vial","Dexterity Potion","Whetstone","Toxic Egg 2"],"gold_per_floor":[118,130,130,63,88,123,123,157,157,197,71,71,71,84,84,214,252,271,289,289,289,214,214,253,253,253,253,296,220,233,35,35,161,161,186,39,53,386,406,406,421,421,421,421,67,95],"floor_reached":47,"campfire_rested":8,"playtime":3399,"current_hp_per_floor":[69,60,60,60,58,34,55,43,43,1,1,22,33,36,61,19,89,74,43,43,72,72,72,9,35,35,61,29,29,20,20,46,23,89,67,67,30,30,7,33,9,35,35,57,57,22],"items_purged":["Injury","Normality"],"gold":95,"score":582,"play_id":"52ea9e09-3080-4b62-a6e1-ad31edc93c0e","local_time":"20180314190042","is_prod":false,"is_daily":false,"is_ascension_mode":true,"campfire_upgraded":1,"timestamp":1521050442,"path_taken":["M","M","?","?","?","E","R","E","T","E","?","R","?","M","R","BOSS","M","M","?","?","$","R","E","R","T","R","E","?","M","$","R","BOSS","M","$","M","?","M","R","M","R","T","?","$","E","?"],"build_version":"2018-03-09","purchased_purges":3,"victory":false,"master_deck":["Defend_G","Defend_G","Defend_G","Defend_G+1","Defend_G","Strike_G+1","Strike_G","Strike_G","Strike_G+1","Strike_G+1","Survivor","Neutralize","Accuracy","Infinite Blades","Accuracy","Blur","Backflip","Blade Dance","A Thousand Cuts+1","Accuracy","Adrenaline","Finisher","Deflect","Dagger Throw+1","Venomology","Cloak And Dagger+1","Finisher","Footwork","Parasite","PiercingWail","Blur+1","Dodge and Roll","Writhe"],"max_hp_per_floor":[70,70,70,70,70,70,70,70,70,70,70,70,84,84,84,84,89,89,89,89,89,89,89,89,89,89,89,89,89,89,89,89,89,89,89,89,89,89,89,89,89,89,89,89,89,89],"relics":["Philosopher\u0027s Stone","Gambling Chip","Omamori","Gremlin Horn","Orichalcum","Mango","Tiny House","Vajra","Pen Nib","Sundial","Calipers","Blood Vial","Calling Bell","Lantern","War Paint","Blue Candle","Whetstone","Torii","Toxic Egg 2","Pantograph"],"card_choices":[{"not_picked":["Acrobatics","Bane"],"picked":"Accuracy"},{"not_picked":["PiercingWail","Leg Sweep"],"picked":"Infinite Blades"},{"not_picked":["All Out Attack","Slice"],"picked":"Blur"},{"not_picked":["Well Laid Plans","Escape Plan"],"picked":"Backflip"},{"not_picked":["Dodge and Roll","Accuracy"],"picked":"Blade Dance"},{"not_picked":["Cloak And Dagger","Distraction"],"picked":"Accuracy"},{"not_picked":["Venomology","Unload"],"picked":"Adrenaline"},{"not_picked":["Acrobatics","Quick Slash"],"picked":"Finisher"},{"not_picked":["Catalyst","Slice"],"picked":"Deflect"},{"not_picked":["Acrobatics","Underhanded Strike"],"picked":"Dagger Throw"},{"not_picked":["Acrobatics","Underhanded Strike"],"picked":"Venomology"},{"not_picked":["Deadly Poison","Quick Slash"],"picked":"Cloak And Dagger"},{"not_picked":["Dash","Outmaneuver"],"picked":"Footwork"},{"not_picked":["Endless Agony","Escape Plan"],"picked":"PiercingWail"},{"not_picked":["Outmaneuver","All Out Attack"],"picked":"Blur"},{"not_picked":["Acrobatics","Deadly Poison"],"picked":"Dodge and Roll"}],"player_experience":128708,"potions_floor_usage":[8,14,16,24,24,24,28,30,33,33,33,33,35,35,37,39,46,46,47],"damage_taken":[{"damage":1,"enemies":"Small Slimes","floor":1,"turns":4},{"damage":9,"enemies":"Jaw Worm","floor":2,"turns":6},{"damage":2,"enemies":"2 Louse","floor":5,"turns":3},{"damage":24,"enemies":"Lagavulin","floor":6,"turns":8},{"damage":12,"enemies":"3 Sentries","floor":8,"turns":8},{"damage":42,"enemies":"Gremlin Nob","floor":10,"turns":5},{"damage":3,"enemies":"Exordium Thugs","floor":14,"turns":5},{"damage":42,"enemies":"The Guardian","floor":16,"turns":13},{"damage":15,"enemies":"Spheric Guardian","floor":18,"turns":4},{"damage":31,"enemies":"2 Thieves","floor":19,"turns":5},{"damage":69,"enemies":"Slavers","floor":24,"turns":4},{"damage":32,"enemies":"Gremlin Leader","floor":28,"turns":4},{"damage":9,"enemies":"Snecko","floor":30,"turns":5},{"damage":25,"enemies":"Automaton","floor":33,"turns":8},{"damage":22,"enemies":"3 Shapes","floor":35,"turns":5},{"damage":39,"enemies":"3 Darklings","floor":37,"turns":5},{"damage":25,"enemies":"Sphere and 2 Shapes","floor":39,"turns":13},{"damage":26,"enemies":"4 Shapes","floor":41,"turns":8},{"damage":37,"enemies":"Nemesis","floor":46,"turns":7},{"damage":27,"enemies":"Maw","floor":47,"turns":6}],"event_choices":[{"event_name":"Golden Idol","player_choice":"Take Wound","floor":3,"damage_taken":0},{"event_name":"Scrap Ooze","player_choice":"success","floor":13,"damage_taken":3},{"event_name":"The Mausoleum","player_choice":"Yes","floor":20,"damage_taken":0},{"event_name":"The Library","player_choice":"Heal","floor":21,"damage_taken":0},{"event_name":"The Moai Head","player_choice":"Gave Idol","floor":38,"damage_taken":0},{"event_name":"Winding Halls","player_choice":"Writhe","floor":44,"damage_taken":0}],"boss_relics":[{"not_picked":["Velvet Choker","White Beast Statue"],"picked":"Tiny House"},{"not_picked":["Cursed Key","Runic Dome"],"picked":"Calling Bell"}],"potions_floor_spawned":[6,10,14,16,19,24,30,33,41,46],"seed_played":"3130839132999023825","killed_by":"Maw","ascension_level":1,"is_trial":false}