{"gold_per_floor":[117,117,133,149,168,168,218,230,230,264,143,154,189,87,87,184,184,196,214,83,8,24,24,50,50,50,50,80,93,93,43,43,141,141,159,159,173,186,202,202,230,230,256,256,256,61,89,0,0,0,0,0,0,31,31],"floor_reached":56,"playtime":2438,"items_purged":["Strike_R","Strike_R","Strike_R","Strike_R","Armaments"],"score":1428,"play_id":"5daae55a-4f72-4e43-bb7e-663723d7319e","local_time":"20190412121523","is_ascension_mode":false,"campfire_choices":[{"data":"Spot Weakness","floor":6,"key":"SMITH"},{"data":"Flame Barrier","floor":15,"key":"SMITH"},{"data":"Barricade","floor":23,"key":"SMITH"},{"data":"Whirlwind","floor":25,"key":"SMITH"},{"data":"Disarm","floor":30,"key":"SMITH"},{"data":"Finesse","floor":32,"key":"SMITH"},{"data":"Battle Trance","floor":40,"key":"SMITH"},{"data":"Offering","floor":42,"key":"SMITH"},{"floor":44,"key":"RECALL"},{"data":"Bash","floor":49,"key":"SMITH"},{"data":"Shrug It Off","floor":52,"key":"SMITH"}],"neow_cost":"PERCENT_DAMAGE","seed_source_timestamp":0,"circlet_count":0,"master_deck":["Defend_R","Defend_R","Defend_R","Defend_R","Bash+1","Shrug It Off+1","Whirlwind+1","Spot Weakness+1","Offering+1","Flame Barrier+1","Impervious","Fiend Fire+1","Twin Strike+1","Barricade+1","Sword Boomerang+1","Battle Trance+1","Finesse+1","Iron Wave+1","Spot Weakness+1","Disarm+1","Impervious","Disarm+1","Clothesline+1","Shrug It Off+1","Shrug It Off+1","Burning Pact+1","Clothesline+1"],"relics":["Burning Blood","Anchor","Meat on the Bone","Smiling Mask","Molten Egg 2","Runic Dome","Mummified Hand","Pear","Sundial","Philosopher\u0027s Stone","Toxic Egg 2","Darkstone Periapt","Pen Nib","Boot","Red Mask","Turnip"],"potions_floor_usage":[4,51,55,55,55],"damage_taken":[{"damage":0,"enemies":"Small Slimes","floor":1,"turns":3},{"damage":0,"enemies":"Cultist","floor":3,"turns":4},{"damage":7,"enemies":"2 Louse","floor":4,"turns":2},{"damage":15,"enemies":"Exordium Thugs","floor":5,"turns":3},{"damage":0,"enemies":"Lots of Slimes","floor":8,"turns":1},{"damage":10,"enemies":"3 Sentries","floor":10,"turns":5},{"damage":0,"enemies":"3 Louse","floor":12,"turns":1},{"damage":24,"enemies":"Gremlin Nob","floor":13,"turns":5},{"damage":48,"enemies":"Hexaghost","floor":16,"turns":9},{"damage":6,"enemies":"Spheric Guardian","floor":18,"turns":3},{"damage":6,"enemies":"3 Byrds","floor":19,"turns":4},{"damage":6,"enemies":"Snake Plant","floor":22,"turns":1},{"damage":6,"enemies":"Book of Stabbing","floor":24,"turns":3},{"damage":11,"enemies":"Gremlin Leader","floor":28,"turns":5},{"damage":6,"enemies":"Cultist and Chosen","floor":29,"turns":2},{"damage":19,"enemies":"Collector","floor":33,"turns":10},{"damage":6,"enemies":"Orb Walker","floor":35,"turns":2},{"damage":13,"enemies":"3 Darklings","floor":37,"turns":6},{"damage":6,"enemies":"Sphere and 2 Shapes","floor":38,"turns":5},{"damage":0,"enemies":"Jaw Worm Horde","floor":39,"turns":4},{"damage":0,"enemies":"Reptomancer","floor":41,"turns":8},{"damage":6,"enemies":"Giant Head","floor":47,"turns":8},{"damage":6,"enemies":"Time Eater","floor":50,"turns":10},{"damage":6,"enemies":"Shield and Spear","floor":54,"turns":11},{"damage":32,"enemies":"The Heart","floor":55,"turns":11}],"seed_played":"4383253133509645931","potions_obtained":[{"floor":2,"key":"Fruit Juice"},{"floor":2,"key":"Weak Potion"},{"floor":2,"key":"Regen Potion"},{"floor":4,"key":"Dexterity Potion"},{"floor":12,"key":"Swift Potion"},{"floor":16,"key":"SteroidPotion"},{"floor":37,"key":"Fruit Juice"},{"floor":54,"key":"Strength Potion"}],"is_trial":false,"path_per_floor":["M","?","M","M","M","R","T","M","T","E","$","M","E","$","R","B",null,"M","M","$","?","M","R","E","R","T","?","E","M","R","$","R","B",null,"M","?","M","M","M","R","E","R","T","R","?","$","E","?","R","B",null,"R","$","E","B",null],"character_chosen":"IRONCLAD","items_purchased":["Impervious","Twin Strike+1","Finesse","Pen Nib"],"campfire_rested":0,"item_purchase_floors":[11,14,20,46],"current_hp_per_floor":[78,78,84,88,79,79,79,85,85,81,81,87,69,69,69,39,101,101,101,101,101,101,101,101,101,111,111,106,106,106,106,106,93,111,111,111,104,104,110,110,111,111,111,111,111,111,111,111,111,111,116,116,116,116,90],"gold":31,"neow_bonus":"TWENTY_PERCENT_HP_BONUS","is_prod":false,"is_daily":false,"chose_seed":true,"campfire_upgraded":10,"win_rate":0,"timestamp":1555064123,"path_taken":["M","?","M","?","M","R","?","M","T","E","?","?","E","$","R","BOSS","M","M","$","?","M","R","E","R","T","?","E","M","R","$","R","BOSS","M","?","M","?","M","R","E","R","T","R","?","$","E","?","R","BOSS","R","$","E","BOSS"],"build_version":"2019-04-04","purchased_purges":5,"victory":true,"max_hp_per_floor":[96,96,96,101,101,101,101,101,101,101,101,101,101,101,101,101,101,101,101,101,101,101,101,101,101,111,111,111,111,111,111,111,111,111,111,111,111,111,111,111,111,111,111,111,111,111,111,111,111,111,116,116,116,116,116],"card_choices":[{"not_picked":["Metallicize","Body Slam"],"picked":"Shrug It Off","floor":1},{"not_picked":["Cleave","Burning Pact"],"picked":"Whirlwind","floor":3},{"not_picked":["Cleave","Dropkick"],"picked":"Armaments","floor":4},{"not_picked":["Flex","Whirlwind"],"picked":"Spot Weakness","floor":5},{"not_picked":["Fire Breathing","True Grit"],"picked":"Offering","floor":8},{"not_picked":["Cleave","Sword Boomerang"],"picked":"Flame Barrier","floor":10},{"not_picked":["Armaments","Pommel Strike","Havoc"],"picked":"SKIP","floor":12},{"not_picked":["Inflame","Entrench"],"picked":"Fiend Fire","floor":13},{"not_picked":["Double Tap","Brutality"],"picked":"Barricade","floor":16},{"not_picked":["Combust","Flex"],"picked":"Sword Boomerang+1","floor":18},{"not_picked":["Sever Soul+1","Clash+1"],"picked":"Battle Trance","floor":19},{"not_picked":["Burning Pact","Perfected Strike+1"],"picked":"Iron Wave+1","floor":22},{"not_picked":["Fiend Fire+1","Sword Boomerang+1","Reckless Charge+1"],"picked":"SKIP","floor":24},{"not_picked":["Flex","Power Through+1","Carnage+1"],"picked":"SKIP","floor":28},{"not_picked":["Flame Barrier","Iron Wave+1"],"picked":"Disarm","floor":29},{"not_picked":["Juggernaut","Feed+1"],"picked":"Impervious","floor":33},{"not_picked":["Twin Strike+1","Flex+1"],"picked":"Disarm+1","floor":35},{"not_picked":["Reckless Charge+1","Hemokinesis+1"],"picked":"Clothesline+1","floor":37},{"not_picked":["Feel No Pain+1","Twin Strike+1"],"picked":"Shrug It Off+1","floor":38},{"not_picked":["Twin Strike+1","Armaments+1"],"picked":"Shrug It Off+1","floor":39},{"not_picked":["Shrug It Off+1","Headbutt+1"],"picked":"Burning Pact+1","floor":41},{"not_picked":["Perfected Strike+1","Flex+1"],"picked":"Clothesline+1","floor":47},{"not_picked":["Immolate+1","Fiend Fire+1","Fire Breathing+1"],"picked":"SKIP","floor":54}],"player_experience":1958683,"relics_obtained":[{"floor":7,"key":"Anchor"},{"floor":9,"key":"Meat on the Bone"},{"floor":10,"key":"Smiling Mask"},{"floor":13,"key":"Molten Egg 2"},{"floor":24,"key":"Mummified Hand"},{"floor":26,"key":"Pear"},{"floor":28,"key":"Sundial"},{"floor":36,"key":"Toxic Egg 2"},{"floor":41,"key":"Darkstone Periapt"},{"floor":47,"key":"Boot"},{"floor":54,"key":"Turnip"}],"event_choices":[{"damage_healed":0,"gold_gain":0,"player_choice":"Got Potions","damage_taken":0,"max_hp_gain":0,"max_hp_loss":0,"event_name":"Lab","floor":2,"gold_loss":0},{"cards_removed":["Strike_R"],"damage_healed":0,"gold_gain":0,"player_choice":"Gave Gold","damage_taken":0,"max_hp_gain":0,"max_hp_loss":0,"event_name":"Beggar","floor":21,"gold_loss":75},{"damage_healed":0,"gold_gain":0,"player_choice":"Copied","damage_taken":0,"max_hp_gain":0,"max_hp_loss":0,"event_name":"Duplicator","floor":27,"gold_loss":0,"cards_obtained":["Spot Weakness"]},{"damage_healed":0,"gold_gain":0,"player_choice":"Relic","damage_taken":0,"max_hp_gain":0,"max_hp_loss":0,"event_name":"Wheel of Change","floor":36,"gold_loss":0},{"damage_healed":0,"gold_gain":0,"player_choice":"Memory 1","damage_taken":0,"max_hp_gain":0,"max_hp_loss":0,"event_name":"SensoryStone","floor":45,"gold_loss":0},{"damage_healed":0,"gold_gain":0,"player_choice":"Paid","damage_taken":0,"relics_obtained":["Red Mask"],"max_hp_gain":0,"max_hp_loss":0,"event_name":"Tomb of Lord Red Mask","floor":48,"gold_loss":89}],"is_beta":true,"boss_relics":[{"not_picked":["Eternal Feather","Empty Cage"],"picked":"Runic Dome"},{"not_picked":["Orrery","Calling Bell"],"picked":"Philosopher\u0027s Stone"}],"items_purged_floors":[11,14,20,31,46],"is_endless":false,"potions_floor_spawned":[4,12,16,18,19,35,37,54],"ascension_level":0}