{"gold_per_floor":[366,366,68,68,80,80,113,113,193,218,234,252,279,299,299,400,400,415,450,466,541,162,188,188,217,217,249,268,74,93,106,106,208,208,220,230,230,330,345,345,375,375,400,144,175,205,236,299,311,323,335,347,60,89,89],"floor_reached":56,"playtime":8483,"items_purged":["Doubt","Strike_B","Strike_B","Defend_B","Strike_B"],"score":1393,"play_id":"fc9da881-96d2-46d6-972a-9bfe40b51907","local_time":"20190331213719","is_ascension_mode":true,"campfire_choices":[{"data":"Sunder","floor":6.0,"key":"SMITH"},{"data":"Consume","floor":8.0,"key":"SMITH"},{"data":"Static Discharge","floor":15.0,"key":"SMITH"},{"data":"Echo Form","floor":24.0,"key":"SMITH"},{"data":"Capacitor","floor":32.0,"key":"SMITH"},{"floor":40.0,"key":"RECALL"},{"data":"Defend_B","floor":42.0,"key":"SMITH"},{"data":"Defend_B","floor":49,"key":"SMITH"},{"data":"Capacitor","floor":52,"key":"SMITH"}],"neow_cost":"CURSE","seed_source_timestamp":0,"circlet_count":0,"master_deck":["Strike_B","Defend_B","Defend_B+1","Defend_B+1","Zap+1","Dualcast","Barrage","Sunder+1","Consume+1","BootSequence","Static Discharge+1","Leap","Reinforced Body+1","Go for the Eyes","Conserve Battery+1","Echo Form+1","Steam+1","Conserve Battery+1","Go for the Eyes+1","Self Repair","Self Repair","Auto Shields+1","Capacitor+1","Electrodynamics","Purity+1","Blind+1","Good Instincts+1","Defragment+1","Double Energy+1","Fusion+1","Capacitor+1","Consume+1","Double Energy+1","Stack+1"],"special_seed":0,"relics":["Cracked Core","Du-Vu Doll","Toxic Egg 2","Bottled Tornado","Odd Mushroom","Runic Pyramid","Red Mask","DollysMirror","Pear","Incense Burner","Orichalcum","Lizard Tail","Mango","Question Card","Vajra","MawBank","Bag of Preparation","Bronze Scales"],"potions_floor_usage":[54,55,55],"damage_taken":[{"damage":16.0,"enemies":"Small Slimes","floor":1.0,"turns":3.0},{"damage":0.0,"enemies":"Jaw Worm","floor":5.0,"turns":3.0},{"damage":23.0,"enemies":"Gremlin Nob","floor":7.0,"turns":4.0},{"damage":15.0,"enemies":"3 Sentries","floor":10.0,"turns":5.0},{"damage":0.0,"enemies":"Cultist","floor":11.0,"turns":3.0},{"damage":0.0,"enemies":"3 Louse","floor":12.0,"turns":3.0},{"damage":0.0,"enemies":"The Mushroom Lair","floor":13.0,"turns":3.0},{"damage":1.0,"enemies":"Looter","floor":14.0,"turns":2.0},{"damage":15.0,"enemies":"The Guardian","floor":16.0,"turns":6.0},{"damage":3.0,"enemies":"3 Byrds","floor":18.0,"turns":4.0},{"damage":44.0,"enemies":"Masked Bandits","floor":19.0,"turns":3.0},{"damage":0.0,"enemies":"2 Thieves","floor":20.0,"turns":5.0},{"damage":7.0,"enemies":"Book of Stabbing","floor":23.0,"turns":6.0},{"damage":11.0,"enemies":"Gremlin Leader","floor":25.0,"turns":7.0},{"damage":14.0,"enemies":"Slavers","floor":27.0,"turns":5.0},{"damage":9.0,"enemies":"Shelled Parasite and Fungi","floor":28.0,"turns":7.0},{"damage":17.0,"enemies":"Sentry and Sphere","floor":30.0,"turns":5.0},{"damage":0.0,"enemies":"Snake Plant","floor":31.0,"turns":6.0},{"damage":17.0,"enemies":"Collector","floor":33.0,"turns":9.0},{"damage":10.0,"enemies":"3 Shapes","floor":35.0,"turns":4.0},{"damage":7.0,"enemies":"Orb Walker","floor":36.0,"turns":4.0},{"damage":1.0,"enemies":"Mind Bloom Boss Battle","floor":38.0,"turns":7.0},{"damage":11.0,"enemies":"Maw","floor":39.0,"turns":8.0},{"damage":21.0,"enemies":"Nemesis","floor":41.0,"turns":8.0},{"damage":35.0,"enemies":"Giant Head","floor":45.0,"turns":9.0},{"damage":9.0,"enemies":"Sphere and 2 Shapes","floor":46.0,"turns":3.0},{"damage":10,"enemies":"Spire Growth","floor":47,"turns":5},{"damage":18,"enemies":"Donu and Deca","floor":50,"turns":8},{"damage":34,"enemies":"Shield and Spear","floor":54,"turns":5},{"damage":41,"enemies":"The Heart","floor":55,"turns":8}],"seed_played":"-6435115069194278409","potions_obtained":[{"floor":4.0,"key":"SmokeBomb"},{"floor":4.0,"key":"Explosive Potion"},{"floor":4.0,"key":"SpeedPotion"},{"floor":11.0,"key":"SteroidPotion"},{"floor":12.0,"key":"PowerPotion"},{"floor":13.0,"key":"PowerPotion"},{"floor":14.0,"key":"Fire Potion"},{"floor":19.0,"key":"GamblersBrew"},{"floor":20.0,"key":"Block Potion"},{"floor":25.0,"key":"Dexterity Potion"},{"floor":28.0,"key":"Swift Potion"},{"floor":33.0,"key":"Block Potion"},{"floor":39.0,"key":"LiquidBronze"},{"floor":41.0,"key":"Weak Potion"},{"floor":45.0,"key":"FocusPotion"},{"floor":54,"key":"Explosive Potion"}],"is_trial":false,"path_per_floor":["M","?","$","?","M","R","E","R","T","E","M","M","?","M","R","B",null,"M","?","M","?","$","E","R","E","T","E","M","$","M","M","R","B",null,"M","M","?","?","M","R","E","R","T","$","E","M","M","T","R","B",null,"R","$","E","B",null],"character_chosen":"DEFECT","items_purchased":["Sunder","Consume","BootSequence","Self Repair","DollysMirror","Auto Shields+1","Capacitor","Consume+1","PowerPotion","GamblersBrew"],"campfire_rested":0,"item_purchase_floors":[3,3,3,22,22,29,44,44,53,53],"current_hp_per_floor":[59,59,59,59,59,59,36,36,36,21,21,21,21,20,20,5,75,72,28,28,21,21,38,38,48,48,55,60,60,71,85,85,82,85,85,85,75,99,99,99,92,92,92,92,78,76,66,66,66,76,99,99,99,79,59],"gold":89,"neow_bonus":"TWO_FIFTY_GOLD","is_prod":false,"is_daily":false,"chose_seed":false,"campfire_upgraded":8,"win_rate":0,"timestamp":1554086239,"path_taken":["M","?","$","?","M","R","E","R","T","E","?","M","?","M","R","BOSS","M","?","M","?","$","E","R","E","T","E","?","$","M","M","R","BOSS","M","M","?","?","M","R","E","R","T","$","E","M","M","?","R","BOSS","R","$","E","BOSS"],"build_version":"2019-01-23","purchased_purges":5,"victory":true,"max_hp_per_floor":[75,75,75,75,75,75,75,75,75,75,75,75,75,75,75,75,75,75,75,75,75,75,85,85,85,85,85,85,85,85,85,85,85,85,85,85,85,99,99,99,99,99,99,99,99,99,99,99,99,99,99,99,99,99,99],"card_choices":[{"not_picked":["Stack","Hologram"],"picked":"Barrage","floor":1.0},{"not_picked":["Double Energy","Thunder Strike"],"picked":"Static Discharge","floor":5.0},{"not_picked":["Reinforced Body","Barrage"],"picked":"Leap","floor":7.0},{"not_picked":["Streamline","Rebound"],"picked":"Reinforced Body+1","floor":10.0},{"not_picked":["Barrage","Turbo+1","Sweeping Beam"],"picked":"SKIP","floor":11.0},{"not_picked":["Hello World","Force Field+1","Barrage"],"picked":"SKIP","floor":12.0},{"not_picked":["Aggregate+1","Turbo+1"],"picked":"Go for the Eyes","floor":13.0},{"not_picked":["Steam+1","Turbo+1"],"picked":"Conserve Battery+1","floor":14.0},{"not_picked":["Electrodynamics","Seek+1"],"picked":"Echo Form","floor":16.0},{"not_picked":["Ball Lightning","Blizzard"],"picked":"Steam+1","floor":18.0},{"not_picked":["Rip and Tear","Sweeping Beam"],"picked":"Conserve Battery+1","floor":19.0},{"not_picked":["Beam Cell+1","Fission+1"],"picked":"Go for the Eyes+1","floor":20.0},{"not_picked":["Streamline","Sweeping Beam","Heatsinks"],"picked":"SKIP","floor":23.0},{"not_picked":["Barrage","Redo+1","Scrape"],"picked":"SKIP","floor":25.0},{"not_picked":["Beam Cell","Fusion+1","Gash+1"],"picked":"SKIP","floor":27.0},{"not_picked":["Loop","Sweeping Beam","Barrage"],"picked":"SKIP","floor":28.0},{"not_picked":["Melter","Electrodynamics"],"picked":"Capacitor","floor":30.0},{"not_picked":["Steam+1","Streamline","Hologram+1"],"picked":"SKIP","floor":31.0},{"not_picked":["Meteor Strike","Rainbow+1"],"picked":"Electrodynamics","floor":33.0},{"not_picked":["Stack+1","Steam+1","Hello World+1"],"picked":"SKIP","floor":35.0},{"not_picked":["Cold Snap+1","Streamline","Sweeping Beam"],"picked":"SKIP","floor":36.0},{"not_picked":["HandOfGreed","Panache"],"picked":"Purity+1","floor":37.0},{"not_picked":["Magnetism","Good Instincts+1"],"picked":"Blind+1","floor":37.0},{"not_picked":["Swift Strike","Trip+1"],"picked":"Good Instincts+1","floor":37.0},{"not_picked":["Reinforced Body+1","Auto Shields+1"],"picked":"Defragment+1","floor":38.0},{"not_picked":["Streamline+1","Turbo+1"],"picked":"Double Energy+1","floor":39.0},{"not_picked":["Ball Lightning","All For One"],"picked":"Fusion+1","floor":41.0},{"not_picked":["Heatsinks","Rip and Tear+1","Consume+1","Rebound"],"picked":"SKIP","floor":45.0},{"not_picked":["Compile Driver+1","BootSequence+1","Streamline+1"],"picked":"Double Energy+1","floor":46.0},{"not_picked":["Doom and Gloom+1","Skim+1","Beam Cell"],"picked":"Stack+1","floor":47},{"not_picked":["Redo+1","Compile Driver","Static Discharge","Skim+1"],"picked":"SKIP","floor":54}],"player_experience":189095,"relics_obtained":[{"floor":7.0,"key":"Du-Vu Doll"},{"floor":9.0,"key":"Toxic Egg 2"},{"floor":10.0,"key":"Bottled Tornado"},{"floor":13.0,"key":"Odd Mushroom"},{"floor":19.0,"key":"Red Mask"},{"floor":23.0,"key":"Pear"},{"floor":25.0,"key":"Incense Burner"},{"floor":27.0,"key":"Orichalcum"},{"floor":38.0,"key":"Mango"},{"floor":41.0,"key":"Question Card"},{"floor":43.0,"key":"Vajra"},{"floor":45.0,"key":"MawBank"},{"floor":48,"key":"Bag of Preparation"},{"floor":54,"key":"Bronze Scales"}],"event_choices":[{"damage_healed":0.0,"max_hp_gain":0.0,"max_hp_loss":0.0,"gold_gain":0.0,"event_name":"Living Wall","player_choice":"Grow","floor":2.0,"gold_loss":0.0,"damage_taken":0.0,"cards_upgraded":["Zap"]},{"damage_healed":0.0,"max_hp_gain":0.0,"max_hp_loss":0.0,"gold_gain":0.0,"event_name":"Lab","player_choice":"Got Potions","floor":4.0,"gold_loss":0.0,"damage_taken":0.0},{"damage_healed":0.0,"max_hp_gain":0.0,"max_hp_loss":0.0,"gold_gain":0.0,"event_name":"Mushrooms","player_choice":"Fought Mushrooms","floor":13.0,"gold_loss":0.0,"damage_taken":0.0},{"damage_healed":0.0,"max_hp_gain":0.0,"max_hp_loss":0.0,"gold_gain":0.0,"event_name":"Masked Bandits","player_choice":"Fought Bandits","floor":19.0,"gold_loss":0.0,"damage_taken":0.0},{"damage_healed":0.0,"max_hp_gain":0.0,"max_hp_loss":0.0,"gold_gain":75.0,"event_name":"FaceTrader","player_choice":"Touch","floor":21.0,"gold_loss":0.0,"damage_taken":7.0},{"damage_healed":0.0,"max_hp_gain":0.0,"max_hp_loss":0.0,"gold_gain":0.0,"event_name":"SensoryStone","player_choice":"Memory 3","floor":37.0,"gold_loss":0.0,"damage_taken":10.0},{"damage_healed":0.0,"max_hp_gain":0.0,"max_hp_loss":0.0,"gold_gain":0.0,"event_name":"MindBloom","player_choice":"Fight","floor":38.0,"gold_loss":0.0,"damage_taken":0.0}],"is_beta":false,"boss_relics":[{"not_picked":["Snecko Eye","Fusion Hammer"],"picked":"Runic Pyramid"},{"not_picked":["FrozenCore","Eternal Feather"],"picked":"Lizard Tail"}],"items_purged_floors":[3,22,29,44,53],"is_endless":false,"potions_floor_spawned":[11,12,13,14,19,20,25,28,33,39,41,45,54],"ascension_level":3}