{"path_per_floor":["M","?","?","?","$","E","T","R","T","$","M","$","M","?","R","B",null,"M","M","$","M"],"character_chosen":"DEFECT","items_purchased":["Cables","Storm","Capacitor"],"gold_per_floor":[110,110,110,285,34,62,113,113,113,36,52,29,42,42,42,139,139,158,171,96,106,106],"floor_reached":22,"campfire_rested":1,"playtime":1448,"item_purchase_floors":[5,10,12],"current_hp_per_floor":[69,69,69,69,69,33,33,55,55,55,49,49,44,44,44,54,75,56,28,28,16,0],"items_purged":["Strike_B"],"gold":106,"score":182,"play_id":"88afdc54-7ad0-44b9-83b8-76e2b06aa5c3","local_time":"20180525180939","is_prod":false,"is_daily":false,"chose_seed":false,"is_ascension_mode":false,"campfire_upgraded":1,"win_rate":0,"timestamp":1527264579,"campfire_choices":[{"floor":8,"key":"REST"},{"data":"Storm","floor":15,"key":"SMITH"}],"path_taken":["M","?","?","?","$","E","?","R","T","?","?","?","?","?","R","BOSS","M","M","$","M","?"],"build_version":"2018-05-24","seed_source_timestamp":3208742365497,"purchased_purges":1,"victory":false,"master_deck":["Strike_B","Strike_B","Defend_B","Defend_B","Defend_B","Zap","Dualcast","Storm+1","White Noise","Redo","Doubt","Defragment+1","Storm","Redo","Capacitor","Redo","Injury","Core Surge","Capacitor","Darkness","Melter","White Noise","Static Discharge","Loop"],"max_hp_per_floor":[75,75,75,75,75,75,75,75,75,75,75,75,75,75,75,75,75,75,75,75,75,75],"relics":["Cracked Core","Cables","Bronze Scales","Bag of Preparation","Pantograph","Orrery"],"card_choices":[{"not_picked":["Redo","Sweeping Beam"],"picked":"Storm","floor":1},{"not_picked":["Stack","Sweeping Beam"],"picked":"Defragment","floor":6},{"not_picked":["Stack","Turbo"],"picked":"Redo","floor":11},{"not_picked":["Aggregate","All For One"],"picked":"Redo","floor":13},{"not_picked":["Buffer","Fission"],"picked":"Core Surge","floor":16},{"not_picked":["Redo","Sweeping Beam"],"picked":"Capacitor","floor":17},{"not_picked":["Reprogram","Turbo"],"picked":"Darkness","floor":17},{"not_picked":["Static Discharge","Leap"],"picked":"Melter","floor":17},{"not_picked":["Static Discharge","Coolheaded+1"],"picked":"White Noise","floor":18},{"not_picked":["Go for the Eyes","Gash"],"picked":"Static Discharge","floor":19},{"not_picked":["Redo","Sweeping Beam"],"picked":"Loop","floor":21}],"player_experience":28817,"potions_floor_usage":[22,22],"damage_taken":[{"damage":6,"enemies":"Jaw Worm","floor":1,"turns":3},{"damage":36,"enemies":"Gremlin Nob","floor":6,"turns":4},{"damage":6,"enemies":"Cultist","floor":11,"turns":3},{"damage":5,"enemies":"Small Slimes","floor":13,"turns":2},{"damage":15,"enemies":"The Guardian","floor":16,"turns":6},{"damage":19,"enemies":"3 Byrds","floor":18,"turns":3},{"damage":35,"enemies":"2 Thieves","floor":19,"turns":3},{"damage":12,"enemies":"3 Cultists","floor":21,"turns":3},{"damage":17,"enemies":"Snake Plant","floor":22,"turns":2}],"relics_obtained":[{"floor":6,"key":"Bronze Scales"},{"floor":7,"key":"Bag of Preparation"},{"floor":9,"key":"Pantograph"}],"event_choices":[{"event_name":"Transmorgrifier","player_choice":"Transform","floor":2,"damage_taken":0},{"event_name":"Living Wall","player_choice":"Change","floor":3,"damage_taken":0},{"event_name":"Liars Game","player_choice":"agreed","floor":4,"damage_taken":0},{"event_name":"Accursed Blacksmith","player_choice":"Forge","floor":14,"damage_taken":0}],"boss_relics":[{"not_picked":["White Beast Statue","Tiny House"],"picked":"Orrery"}],"items_purged_floors":[20],"potions_floor_spawned":[6,19],"seed_played":"-8214111616173011557","killed_by":"Snake Plant","ascension_level":0,"potions_obtained":[{"floor":6,"key":"SkillPotion"},{"floor":19,"key":"Weak Potion"}],"is_trial":false}