{"gold_per_floor":[117,97,111,38,51,51,82,94,129,155,187,224,386,413,425,515,527,479,501,108,108,121,121,151,151,151,151,180,180,207,221,221,296,296,309,111,130,149,163,163,180,180,205,236,236,236,210,510,510,510,510,510,1,32,32],"floor_reached":56,"playtime":5769,"items_purged":["Doubt"],"score":1890,"play_id":"c564517f-04de-4078-9673-680d9830c271","local_time":"20190412190016","is_ascension_mode":true,"campfire_choices":[{"data":"Predator","floor":6.0,"key":"SMITH"},{"floor":15.0,"key":"REST"},{"floor":23.0,"key":"REST"},{"data":"After Image","floor":27.0,"key":"SMITH"},{"floor":32.0,"key":"REST"},{"floor":40.0,"key":"REST"},{"floor":46,"key":"REST"},{"floor":49,"key":"RECALL"},{"floor":52,"key":"REST"}],"neow_cost":"NONE","seed_source_timestamp":0,"circlet_count":0,"master_deck":["AscendersBane","Defend_G","Defend_G","Defend_G","Defend_G","Defend_G","Survivor","Neutralize+1","Bouncing Flask","Predator+1","Catalyst","Footwork","Glass Knife","Cloak And Dagger","Backflip","After Image+1","Dodge and Roll+1","Night Terror+1","Footwork+1","Noxious Fumes","Well Laid Plans+1","Finesse","Deflect+1","Cloak And Dagger","Escape Plan","Escape Plan","Malaise","Blur","PiercingWail","PiercingWail+1","Backflip","Bane+1","PiercingWail","Noxious Fumes"],"special_seed":0,"relics":["Ring of the Snake","MawBank","Juzu Bracelet","PreservedInsect","Astrolabe","Paper Crane","Mango","Gremlin Horn","Red Mask","Snake Skull","Fusion Hammer","Bag of Marbles","Peace Pipe","Bird Faced Urn","Pocketwatch"],"potions_floor_usage":[55],"damage_taken":[{"damage":0.0,"enemies":"Small Slimes","floor":1.0,"turns":4.0},{"damage":0.0,"enemies":"Cultist","floor":3.0,"turns":4.0},{"damage":2.0,"enemies":"Jaw Worm","floor":5.0,"turns":5.0},{"damage":17.0,"enemies":"Gremlin Nob","floor":7.0,"turns":4.0},{"damage":1.0,"enemies":"Blue Slaver","floor":10.0,"turns":4.0},{"damage":4.0,"enemies":"Lots of Slimes","floor":11.0,"turns":6.0},{"damage":15.0,"enemies":"3 Sentries","floor":12.0,"turns":9.0},{"damage":3.0,"enemies":"Looter","floor":14.0,"turns":3.0},{"damage":7.0,"enemies":"The Guardian","floor":16.0,"turns":13.0},{"damage":7.0,"enemies":"2 Thieves","floor":18.0,"turns":4.0},{"damage":7.0,"enemies":"Spheric Guardian","floor":19.0,"turns":5.0},{"damage":0.0,"enemies":"Snecko","floor":22.0,"turns":6.0},{"damage":3.0,"enemies":"Gremlin Leader","floor":24.0,"turns":5.0},{"damage":38.0,"enemies":"Masked Bandits","floor":28.0,"turns":8.0},{"damage":2.0,"enemies":"Book of Stabbing","floor":30.0,"turns":8.0},{"damage":0.0,"enemies":"Snake Plant","floor":31.0,"turns":5.0},{"damage":8.0,"enemies":"Champ","floor":33.0,"turns":10.0},{"damage":0.0,"enemies":"Orb Walker","floor":35.0,"turns":4.0},{"damage":0.0,"enemies":"3 Shapes","floor":37.0,"turns":6.0},{"damage":16.0,"enemies":"Transient","floor":38.0,"turns":5.0},{"damage":14.0,"enemies":"Maw","floor":39.0,"turns":9.0},{"damage":1.0,"enemies":"Jaw Worm Horde","floor":41.0,"turns":7.0},{"damage":15.0,"enemies":"Reptomancer","floor":44.0,"turns":3.0},{"damage":24,"enemies":"Donu and Deca","floor":50,"turns":11},{"damage":35,"enemies":"Shield and Spear","floor":54,"turns":9},{"damage":44,"enemies":"The Heart","floor":55,"turns":11}],"seed_played":"-820321172297590305","potions_obtained":[{"floor":1.0,"key":"Swift Potion"},{"floor":2.0,"key":"SkillPotion"},{"floor":7.0,"key":"Weak Potion"},{"floor":11.0,"key":"SteroidPotion"},{"floor":12.0,"key":"FearPotion"},{"floor":16.0,"key":"Energy Potion"},{"floor":22.0,"key":"PowerPotion"},{"floor":24.0,"key":"EssenceOfSteel"},{"floor":28.0,"key":"PowerPotion"},{"floor":31.0,"key":"Poison Potion"},{"floor":35.0,"key":"Explosive Potion"},{"floor":41.0,"key":"Fire Potion"}],"is_trial":false,"path_per_floor":["M","?","M","$","M","R","E","$","T","M","M","E","?","M","R","B",null,"M","M","$","?","M","R","E","?","T","R","?","?","E","M","R","B",null,"M","$","M","M","M","R","M","?","T","E","?","R","$","?","R","B",null,"R","$","E","B",null],"character_chosen":"THE_SILENT","items_purchased":["Bouncing Flask","Paper Crane","Finesse","PiercingWail","Bag of Marbles","PiercingWail","GhostInAJar","GhostInAJar","Bird Faced Urn","Noxious Fumes"],"campfire_rested":6,"item_purchase_floors":[4,20,20,36,36,47,53,53,53,53],"current_hp_per_floor":[59,59,59,59,57,57,40,40,40,39,35,20,20,17,36,29,57,50,43,43,43,43,62,73,73,73,73,35,35,33,33,57,49,72,72,72,72,56,42,66,65,65,65,50,50,74,74,74,74,50,73,80,80,49,17],"gold":32,"neow_bonus":"UPGRADE_CARD","is_prod":false,"is_daily":false,"chose_seed":false,"campfire_upgraded":2,"win_rate":0,"timestamp":1555110016,"path_taken":["M","?","M","$","M","R","E","$","T","M","M","E","?","M","R","BOSS","M","M","$","?","M","R","E","?","T","R","?","?","E","M","R","BOSS","M","$","M","M","M","R","M","?","T","E","?","R","?","?","R","BOSS","R","$","E","BOSS"],"build_version":"2019-01-23","purchased_purges":1,"victory":true,"max_hp_per_floor":[66,66,66,66,66,66,66,66,66,66,66,66,66,66,66,66,66,66,66,66,66,66,66,80,80,80,80,80,80,80,80,80,80,80,80,80,80,80,80,80,80,80,80,80,80,80,80,80,80,80,80,80,80,80,80],"card_choices":[{"not_picked":["Acrobatics","Bane","Accuracy"],"picked":"SKIP","floor":1.0},{"not_picked":["Blade Dance","Tactician","PiercingWail"],"picked":"SKIP","floor":3.0},{"not_picked":["Riddle With Holes","Finisher"],"picked":"Predator","floor":5.0},{"not_picked":["Cloak And Dagger","Expertise"],"picked":"Catalyst","floor":7.0},{"not_picked":["Setup","Distraction"],"picked":"Footwork","floor":10.0},{"not_picked":["Dagger Throw","Concentrate"],"picked":"Glass Knife","floor":11.0},{"not_picked":["Terror","Eviscerate"],"picked":"Cloak And Dagger","floor":12.0},{"not_picked":["Deadly Poison","Poisoned Stab"],"picked":"Backflip","floor":14.0},{"not_picked":["Envenom","Phantasmal Killer"],"picked":"After Image","floor":16.0},{"not_picked":["Poisoned Stab","Blade Dance"],"picked":"Noxious Fumes","floor":18.0},{"not_picked":["Dodge and Roll","Blur"],"picked":"Well Laid Plans+1","floor":19.0},{"not_picked":["Poisoned Stab","Choke"],"picked":"Deflect+1","floor":22.0},{"not_picked":["Tools of the Trade","Prepared"],"picked":"Cloak And Dagger","floor":24.0},{"not_picked":["Tactician","Bouncing Flask"],"picked":"Escape Plan","floor":30.0},{"not_picked":["Slice","Flying Knee"],"picked":"Escape Plan","floor":31.0},{"not_picked":["Tools of the Trade","Unload"],"picked":"Malaise","floor":33.0},{"not_picked":["Outmaneuver","Dagger Throw"],"picked":"Blur","floor":35.0},{"not_picked":["Underhanded Strike","Slice"],"picked":"PiercingWail+1","floor":37.0},{"not_picked":["Slice","Well Laid Plans","Tactician"],"picked":"SKIP","floor":38.0},{"not_picked":["Dagger Spray+1","Acrobatics"],"picked":"Backflip","floor":39.0},{"not_picked":["Quick Slash","Dodge and Roll"],"picked":"Bane+1","floor":41.0},{"not_picked":["Setup","Reflex","Dagger Spray"],"picked":"SKIP","floor":44},{"not_picked":["Calculated Gamble+1","Expertise","Storm of Steel"],"picked":"SKIP","floor":54}],"player_experience":816290,"relics_obtained":[{"floor":7.0,"key":"MawBank"},{"floor":9.0,"key":"Juzu Bracelet"},{"floor":12.0,"key":"PreservedInsect"},{"floor":24.0,"key":"Mango"},{"floor":26.0,"key":"Gremlin Horn"},{"floor":28.0,"key":"Red Mask"},{"floor":30.0,"key":"Snake Skull"},{"floor":44,"key":"Peace Pipe"},{"floor":54,"key":"Pocketwatch"}],"event_choices":[{"damage_healed":0.0,"max_hp_gain":0.0,"max_hp_loss":0.0,"gold_gain":0.0,"event_name":"The Woman in Blue","player_choice":"Bought 1 Potion","floor":2.0,"gold_loss":0.0,"damage_taken":0.0},{"damage_healed":0.0,"max_hp_gain":0.0,"max_hp_loss":0.0,"gold_gain":150.0,"event_name":"Liars Game","player_choice":"AGREE","floor":13.0,"gold_loss":0.0,"damage_taken":0.0,"cards_obtained":["Doubt"]},{"damage_healed":0.0,"max_hp_gain":0.0,"max_hp_loss":0.0,"gold_gain":0.0,"event_name":"Ghosts","player_choice":"Ignored","floor":21.0,"gold_loss":0.0,"damage_taken":0.0},{"damage_healed":0.0,"max_hp_gain":0.0,"max_hp_loss":0.0,"gold_gain":0.0,"cards_transformed":["Strike_G"],"event_name":"Transmorgrifier","player_choice":"Transformed","floor":25.0,"gold_loss":0.0,"damage_taken":0.0,"cards_obtained":["Concentrate"]},{"damage_healed":0.0,"max_hp_gain":0.0,"max_hp_loss":0.0,"gold_gain":0.0,"event_name":"Masked Bandits","player_choice":"Fought Bandits","floor":28.0,"gold_loss":0.0,"damage_taken":0.0},{"cards_removed":["Strike_G"],"damage_healed":0.0,"max_hp_gain":0.0,"max_hp_loss":0.0,"gold_gain":0.0,"event_name":"Bonfire Elementals","player_choice":"Offered Basic","floor":29.0,"gold_loss":0.0,"damage_taken":0.0},{"damage_healed":0.0,"max_hp_gain":0.0,"max_hp_loss":0.0,"gold_gain":0.0,"event_name":"Match and Keep!","player_choice":"0 cards matched","floor":42.0,"gold_loss":0.0,"damage_taken":0.0,"cards_obtained":[]},{"cards_removed":["Concentrate"],"damage_healed":0,"gold_gain":0,"player_choice":"Purged","damage_taken":0,"max_hp_gain":0,"max_hp_loss":0,"event_name":"Purifier","floor":45,"gold_loss":0},{"damage_healed":0,"gold_gain":300,"player_choice":"Gold","damage_taken":0,"max_hp_gain":0,"max_hp_loss":0,"event_name":"Wheel of Change","floor":48,"gold_loss":0}],"is_beta":false,"boss_relics":[{"not_picked":["Orrery","WristBlade"],"picked":"Astrolabe"},{"not_picked":["Lizard Tail","Philosopher\u0027s Stone"],"picked":"Fusion Hammer"}],"items_purged_floors":[20],"is_endless":false,"potions_floor_spawned":[1,7,11,12,16,22,24,28,31,35,41,54],"ascension_level":15}