{"path_per_floor":["M","M","?","M","?","M","E","?","T","M","M","$","R","M","R","B",null,"M","?","$","M","?","R","E","R","T"],"character_chosen":"THE_SILENT","items_purchased":["Molten Egg 2","Happy Flower"],"gold_per_floor":[111,130,205,224,304,324,356,356,356,370,390,135,135,145,145,241,241,261,261,118,105,105,105,139,139,164],"floor_reached":27,"campfire_rested":4,"playtime":2305,"current_hp_per_floor":[67,64,53,49,49,47,37,23,23,22,22,22,43,43,64,29,70,42,42,42,31,15,36,6,27,34],"items_purged":[],"gold":164,"score":245,"play_id":"4cfe8df1-1370-444b-9623-e200494f3a7f","local_time":"20180318132236","is_prod":false,"is_daily":false,"is_ascension_mode":true,"campfire_upgraded":0,"timestamp":1521375756,"path_taken":["M","M","?","M","?","M","E","?","T","M","M","?","R","M","R","BOSS","M","?","$","M","?","R","E","R","T","?"],"build_version":"2018-03-15v3","purchased_purges":0,"victory":false,"master_deck":["Defend_G+1","Defend_G+1","Defend_G+1","Defend_G+1","Defend_G+1","Strike_G+1","Strike_G+1","Strike_G+1","Strike_G+1","Strike_G+1","Survivor","Neutralize","Unload","Setup","Venomology","Sucker Punch","Flying Knee","PiercingWail","Envenom","Bane+1","Footwork"],"max_hp_per_floor":[70,70,70,70,70,70,70,70,70,70,70,70,70,70,70,70,70,70,70,70,70,70,70,70,70,77],"relics":["Ring of the Snake","Kunai","Torii","Molten Egg 2","The Specimen","Happy Flower","Nilry\u0027s Codex","Gambling Chip","Strawberry"],"card_choices":[{"not_picked":["Bane","Masterful Stab"],"picked":"Setup"},{"not_picked":["Choke","Backflip"],"picked":"Venomology"},{"not_picked":["Deadly Poison","Outmaneuver"],"picked":"Sucker Punch"},{"not_picked":["Slice","Outmaneuver"],"picked":"Flying Knee"},{"not_picked":["Prepared","Tools of the Trade"],"picked":"PiercingWail"},{"not_picked":["Doppelganger","Unload"],"picked":"Envenom"},{"not_picked":["Flechettes","Deflect"],"picked":"Bane"},{"not_picked":["Deflect","Heel Hook"],"picked":"Footwork"}],"player_experience":179726,"potions_floor_usage":[16,16,16,21,24,24],"damage_taken":[{"damage":3.0,"enemies":"Jaw Worm","floor":1.0,"turns":5.0},{"damage":3.0,"enemies":"Small Slimes","floor":2.0,"turns":4.0},{"damage":4.0,"enemies":"2 Louse","floor":4.0,"turns":2.0},{"damage":2.0,"enemies":"Blue Slaver","floor":6.0,"turns":4.0},{"damage":10.0,"enemies":"Gremlin Nob","floor":7.0,"turns":4.0},{"damage":1.0,"enemies":"3 Louse","floor":10.0,"turns":4.0},{"damage":0.0,"enemies":"Looter","floor":11.0,"turns":3.0},{"damage":0.0,"enemies":"Large Slime","floor":14.0,"turns":4.0},{"damage":35,"enemies":"Slime Boss","floor":16,"turns":15},{"damage":28,"enemies":"3 Byrds","floor":18,"turns":8},{"damage":11,"enemies":"2 Thieves","floor":21,"turns":4},{"damage":30,"enemies":"Slavers","floor":24,"turns":10},{"damage":36,"enemies":"Snecko","floor":27,"turns":6}],"event_choices":[{"event_name":"World of Goop","player_choice":"Gather Gold","floor":3.0,"damage_taken":0.0},{"event_name":"Golden Wing","player_choice":"Gained Gold","floor":5.0,"damage_taken":0.0},{"event_name":"Shining Light","player_choice":"Entered Light","floor":8.0,"damage_taken":0.0},{"event_name":"Back to Basics","player_choice":"Simplicity","floor":19,"damage_taken":0},{"event_name":"Cursed Tome","player_choice":"Obtained Book","floor":22,"damage_taken":0}],"boss_relics":[{"not_picked":["White Beast Statue","Astrolabe"],"picked":"The Specimen"}],"potions_floor_spawned":[1,2,4,14,24],"seed_played":"-3326708488759763759","killed_by":"Snecko","ascension_level":1,"is_trial":false}