{"gold_per_floor":[109,120,270,270,195,230,230,255,255,270,270],"floor_reached":11,"playtime":161,"items_purged":[],"score":196,"play_id":"4b897290-25ac-49bc-ab04-7bb551c94025","local_time":"20190401023031","is_ascension_mode":true,"campfire_choices":[],"neow_cost":"NONE","seed_source_timestamp":32462508663037,"circlet_count":0,"master_deck":["AscendersBane","Strike_B","Strike_B","Strike_B","Strike_B","Defend_B","Defend_B","Defend_B","Defend_B","Zap","Dualcast","Hologram","Conserve Battery","Core Surge","Steam"],"relics":["Cracked Core","NeowsBlessing","Golden Idol","Letter Opener"],"potions_floor_usage":[],"damage_taken":[{"damage":0,"enemies":"Cultist","floor":1,"turns":1},{"damage":0,"enemies":"Jaw Worm","floor":2,"turns":1},{"damage":0,"enemies":"Lagavulin","floor":6,"turns":1},{"damage":0,"enemies":"Small Slimes","floor":8,"turns":2},{"damage":14,"enemies":"Exordium Wildlife","floor":10,"turns":5},{"damage":0,"enemies":"2 Fungi Beasts","floor":11,"turns":1}],"seed_played":"5064607098952325981","potions_obtained":[{"floor":8,"key":"Dexterity Potion"}],"is_trial":false,"path_per_floor":["M","M","?","?","?","E","$","M","T","M","M"],"character_chosen":"DEFECT","items_purchased":[],"campfire_rested":0,"item_purchase_floors":[],"current_hp_per_floor":[64,64,64,40,40,40,40,40,40,26,26],"gold":270,"neow_bonus":"THREE_ENEMY_KILL","is_prod":false,"is_daily":false,"chose_seed":false,"campfire_upgraded":0,"win_rate":0,"timestamp":1554078631,"path_taken":["M","?","?","?","?","E","$","M","T","M","?"],"build_version":"2019-03-15","purchased_purges":0,"victory":false,"max_hp_per_floor":[71,71,71,71,71,71,71,71,71,71,71],"card_choices":[{"not_picked":["Barrage","Scrape"],"picked":"Hologram","floor":1},{"not_picked":["Cold Snap","Redo"],"picked":"Conserve Battery","floor":2},{"not_picked":["Double Energy","Auto Shields"],"picked":"Core Surge","floor":6},{"not_picked":["Coolheaded","Hologram"],"picked":"Steam","floor":8},{"not_picked":["Beam Cell","Rebound","Compile Driver"],"picked":"SKIP","floor":10}],"player_experience":1047947,"relics_obtained":[{"floor":6,"key":"Letter Opener"}],"event_choices":[{"damage_healed":0,"gold_gain":150,"player_choice":"AGREE","damage_taken":0,"max_hp_gain":0,"max_hp_loss":0,"event_name":"Liars Game","floor":3,"gold_loss":0,"cards_obtained":["Doubt"]},{"damage_healed":0,"gold_gain":0,"player_choice":"Take Damage","damage_taken":24,"relics_obtained":["Golden Idol"],"max_hp_gain":0,"max_hp_loss":0,"event_name":"Golden Idol","floor":4,"gold_loss":0},{"cards_removed":["Doubt"],"damage_healed":0,"gold_gain":0,"player_choice":"Card Removal","damage_taken":0,"max_hp_gain":0,"max_hp_loss":0,"event_name":"The Cleric","floor":5,"gold_loss":75}],"is_beta":true,"boss_relics":[],"items_purged_floors":[],"is_endless":false,"potions_floor_spawned":[8],"killed_by":"2 Fungi Beasts","ascension_level":20}