{"gold_per_floor":[114,125,125,188,238,263,413,413,413,413,423,456,471,488,488,563,563,575,400,450,460,460,485,517,529],"floor_reached":25,"playtime":1148,"items_purged":[],"score":456,"play_id":"96661006-573a-43a5-9246-66acabfd3e47","local_time":"20190411003420","is_ascension_mode":true,"campfire_choices":[{"data":"Dualcast","floor":8.0,"key":"SMITH"},{"data":"Scrape","floor":10.0,"key":"SMITH"},{"data":"Core Surge","floor":15.0,"key":"SMITH"}],"neow_cost":"NONE","seed_source_timestamp":39439551034936,"circlet_count":0,"master_deck":["AscendersBane","Strike_B+1","Strike_B+1","Strike_B+1","Strike_B+1","Defend_B+1","Defend_B+1","Defend_B+1","Defend_B+1","Zap+1","Dualcast+1","Scrape+1","Gash","Core Surge+1","Cold Snap+1","Go for the Eyes+1","BootSequence","Go for the Eyes+1","Cold Snap+1","Thunder Strike+1","Cold Snap+1","Capacitor","Bandage Up+1","Cold Snap+1","Cold Snap+1","Ball Lightning+1"],"special_seed":0,"relics":["Cracked Core","Whetstone","SsserpentHead","Dead Branch","Molten Egg 2","Ancient Tea Set","Black Star","MawBank","Nunchaku"],"potions_floor_usage":[18,23],"damage_taken":[{"damage":0.0,"enemies":"Small Slimes","floor":1.0,"turns":4.0},{"damage":0.0,"enemies":"Cultist","floor":2.0,"turns":3.0},{"damage":0.0,"enemies":"Jaw Worm","floor":4.0,"turns":3.0},{"damage":10.0,"enemies":"3 Sentries","floor":6.0,"turns":6.0},{"damage":8.0,"enemies":"Large Slime","floor":11.0,"turns":5.0},{"damage":4.0,"enemies":"Gremlin Nob","floor":12.0,"turns":3.0},{"damage":0.0,"enemies":"Exordium Thugs","floor":13.0,"turns":3.0},{"damage":4.0,"enemies":"Blue Slaver","floor":14.0,"turns":3.0},{"damage":27.0,"enemies":"Hexaghost","floor":16.0,"turns":12.0},{"damage":13,"enemies":"2 Thieves","floor":18,"turns":4},{"damage":11,"enemies":"Spheric Guardian","floor":21,"turns":4},{"damage":17,"enemies":"Slavers","floor":23,"turns":6},{"damage":10,"enemies":"Snake Plant","floor":24,"turns":7},{"damage":24,"enemies":"Gremlin Leader","floor":25,"turns":2}],"seed_played":"3434161689409383541","potions_obtained":[{"floor":1.0,"key":"PowerPotion"},{"floor":6.0,"key":"LiquidBronze"},{"floor":12.0,"key":"Energy Potion"},{"floor":24,"key":"Fire Potion"}],"is_trial":false,"path_per_floor":["M","M","?","M","?","E","?","R","T","R","M","E","M","M","R","B",null,"M","$","?","M","?","E","M","E"],"character_chosen":"DEFECT","items_purchased":["Capacitor","Bandage Up"],"campfire_rested":0,"item_purchase_floors":[19,19],"current_hp_per_floor":[64,64,64,64,64,54,54,54,54,54,46,42,42,38,38,11,56,43,43,43,36,36,25,21,0],"gold":529,"neow_bonus":"RANDOM_COMMON_RELIC","is_prod":false,"is_daily":false,"chose_seed":false,"campfire_upgraded":3,"win_rate":0,"timestamp":1554968060,"path_taken":["M","M","?","?","?","E","?","R","T","R","M","E","M","M","R","BOSS","M","$","?","M","?","E","M","E"],"build_version":"2019-01-23","purchased_purges":0,"victory":false,"max_hp_per_floor":[71,71,71,71,71,71,71,71,71,71,71,71,71,71,71,71,71,71,71,71,71,71,71,71,71],"card_choices":[{"not_picked":["Reprogram","Hello World"],"picked":"Scrape","floor":1.0},{"not_picked":["Ball Lightning","Rebound"],"picked":"Gash","floor":2.0},{"not_picked":["Darkness","Ball Lightning"],"picked":"Core Surge","floor":4.0},{"not_picked":["Streamline","Steam"],"picked":"Cold Snap","floor":6.0},{"not_picked":["Turbo","Leap"],"picked":"Go for the Eyes+1","floor":11.0},{"not_picked":["Biased Cognition","Rebound+1"],"picked":"BootSequence","floor":12.0},{"not_picked":["Redo","Conserve Battery"],"picked":"Go for the Eyes+1","floor":13.0},{"not_picked":["Static Discharge","Go for the Eyes+1"],"picked":"Cold Snap+1","floor":14.0},{"not_picked":["Fission","Amplify"],"picked":"Thunder Strike+1","floor":16.0},{"not_picked":["Coolheaded","Stack+1"],"picked":"Cold Snap+1","floor":18},{"not_picked":["Electrodynamics","Doom and Gloom+1"],"picked":"Cold Snap+1","floor":21},{"not_picked":["Compile Driver+1","Rebound+1"],"picked":"Cold Snap+1","floor":23},{"not_picked":["Redo","Leap"],"picked":"Ball Lightning+1","floor":24}],"player_experience":706941,"relics_obtained":[{"floor":6.0,"key":"Dead Branch"},{"floor":9.0,"key":"Molten Egg 2"},{"floor":12.0,"key":"Ancient Tea Set"},{"floor":23,"key":"MawBank"},{"floor":23,"key":"Nunchaku"}],"event_choices":[{"damage_healed":0.0,"max_hp_gain":0.0,"max_hp_loss":0.0,"gold_gain":0.0,"event_name":"FaceTrader","player_choice":"Trade","floor":3.0,"gold_loss":0.0,"damage_taken":0.0,"relics_obtained":["SsserpentHead"]},{"damage_healed":0.0,"max_hp_gain":0.0,"max_hp_loss":0.0,"gold_gain":0.0,"event_name":"Living Wall","player_choice":"Grow","floor":5.0,"gold_loss":0.0,"damage_taken":0.0,"cards_upgraded":["Zap"]},{"damage_healed":0.0,"max_hp_gain":0.0,"max_hp_loss":0.0,"gold_gain":100.0,"event_name":"Wheel of Change","player_choice":"Gold","floor":7.0,"gold_loss":0.0,"damage_taken":0.0},{"damage_healed":0,"gold_gain":0,"player_choice":"Simplicity","damage_taken":0,"max_hp_gain":0,"max_hp_loss":0,"event_name":"Back to Basics","floor":20,"gold_loss":0,"cards_upgraded":["Strike_B","Strike_B","Defend_B","Defend_B","Defend_B","Defend_B"]},{"damage_healed":0,"gold_gain":0,"player_choice":"Upgraded Two","damage_taken":0,"max_hp_gain":0,"max_hp_loss":0,"event_name":"Designer","floor":22,"gold_loss":50,"cards_upgraded":["Cold Snap","Bandage Up"]}],"is_beta":false,"boss_relics":[{"not_picked":["FrozenCore","Busted Crown"],"picked":"Black Star"}],"items_purged_floors":[],"is_endless":false,"potions_floor_spawned":[1,6,12,16,24],"killed_by":"Gremlin Leader","ascension_level":17}