{"gold_per_floor":[109,4,4,154,174,207,207,107,130,205,170,170,195,213,213,213],"floor_reached":16,"playtime":192,"items_purged":["Strike_B","Doubt"],"score":246,"play_id":"ef6fe01a-51b8-4eaf-9be4-b325964ca301","local_time":"20190407200159","is_ascension_mode":true,"campfire_choices":[{"data":"Dualcast","floor":7,"key":"SMITH"},{"data":"Rip and Tear","floor":12,"key":"SMITH"},{"data":"Rebound","floor":15,"key":"SMITH"}],"neow_cost":"NONE","seed_source_timestamp":17791607543598,"circlet_count":0,"master_deck":["AscendersBane","Strike_B","Strike_B","Strike_B","Defend_B","Defend_B","Defend_B","Defend_B","Zap","Dualcast+1","Rebound+1","Compile Driver","Leap","Rip and Tear+1","FTL","Cold Snap"],"relics":["Cracked Core","NeowsBlessing","Golden Idol","Nunchaku","Bronze Scales"],"potions_floor_usage":[],"damage_taken":[{"damage":0,"enemies":"Small Slimes","floor":1,"turns":1},{"damage":0,"enemies":"2 Louse","floor":5,"turns":1},{"damage":0,"enemies":"Lagavulin","floor":6,"turns":1},{"damage":0,"enemies":"Cultist","floor":13,"turns":2},{"damage":6,"enemies":"Exordium Wildlife","floor":14,"turns":3},{"damage":0,"enemies":"Slime Boss","floor":16,"turns":4}],"seed_played":"5616107409559464977","potions_obtained":[{"floor":13,"key":"Weak Potion"},{"floor":14,"key":"LiquidBronze"}],"is_trial":false,"path_per_floor":["M","$","?","?","M","E","R","$","T","?","?","R","M","M","R","B"],"character_chosen":"DEFECT","items_purchased":["Compile Driver"],"campfire_rested":0,"item_purchase_floors":[2],"current_hp_per_floor":[64,64,64,64,64,64,64,64,64,53,64,64,64,58,58,58],"gold":213,"neow_bonus":"THREE_ENEMY_KILL","is_prod":false,"is_daily":false,"chose_seed":false,"campfire_upgraded":3,"win_rate":0,"timestamp":1554660119,"path_taken":["M","$","?","?","M","E","R","$","T","?","?","R","M","M","R","BOSS"],"build_version":"2019-04-04","purchased_purges":2,"victory":false,"max_hp_per_floor":[71,71,64,64,64,64,64,64,64,64,64,64,64,64,64,64],"card_choices":[{"not_picked":["Stack","Scrape"],"picked":"Rebound","floor":1},{"not_picked":["Hologram","Steam"],"picked":"Leap","floor":5},{"not_picked":["Machine Learning","Amplify"],"picked":"Rip and Tear","floor":6},{"not_picked":["Melter","Barrage"],"picked":"FTL","floor":13},{"not_picked":["Barrage","Undo"],"picked":"Cold Snap","floor":14}],"player_experience":1076041,"relics_obtained":[{"floor":6,"key":"Nunchaku"},{"floor":9,"key":"Bronze Scales"}],"event_choices":[{"damage_healed":0,"gold_gain":0,"player_choice":"Lose Max HP","damage_taken":0,"relics_obtained":["Golden Idol"],"max_hp_gain":0,"max_hp_loss":7,"event_name":"Golden Idol","floor":3,"gold_loss":0},{"damage_healed":0,"gold_gain":150,"player_choice":"AGREE","damage_taken":0,"max_hp_gain":0,"max_hp_loss":0,"event_name":"Liars Game","floor":4,"gold_loss":0,"cards_obtained":["Doubt"]},{"damage_healed":0,"gold_gain":75,"player_choice":"Gather Gold","damage_taken":11,"max_hp_gain":0,"max_hp_loss":0,"event_name":"World of Goop","floor":10,"gold_loss":0},{"damage_healed":16,"gold_gain":0,"player_choice":"Healed","damage_taken":0,"max_hp_gain":0,"max_hp_loss":0,"event_name":"The Cleric","floor":11,"gold_loss":35}],"is_beta":true,"boss_relics":[],"items_purged_floors":[2,8],"is_endless":false,"potions_floor_spawned":[13,14],"killed_by":"Slime Boss","ascension_level":20}