{"gold_per_floor":[112,262,40,40,54,54,54,87,87,107,118,150,36,36,36,36],"floor_reached":16,"playtime":351,"items_purged":["Doubt"],"score":266,"play_id":"a7479746-8ef9-4781-804d-18435b8bc5df","local_time":"20190405173021","is_ascension_mode":true,"campfire_choices":[{"data":"Genetic Algorithm","floor":6,"key":"SMITH"},{"floor":15,"key":"REST"}],"neow_cost":"NONE","seed_source_timestamp":22151277353792,"circlet_count":0,"master_deck":["AscendersBane","Strike_B","Strike_B","Strike_B","Strike_B","Defend_B+1","Defend_B","Defend_B","Defend_B","Zap","Dualcast","Reinforced Body+1","Genetic Algorithm+1","Fission+1","Conserve Battery","Compile Driver","Stack+1","Genetic Algorithm+1"],"relics":["Cracked Core","NeowsBlessing","Sling","Mummified Hand","Frozen Egg 2","Cables","Toxic Egg 2"],"potions_floor_usage":[12,12],"damage_taken":[{"damage":0,"enemies":"Jaw Worm","floor":1,"turns":1},{"damage":0,"enemies":"Small Slimes","floor":5,"turns":1},{"damage":0,"enemies":"Lagavulin","floor":8,"turns":1},{"damage":0,"enemies":"2 Louse","floor":10,"turns":2},{"damage":0,"enemies":"Blue Slaver","floor":11,"turns":4},{"damage":34,"enemies":"Gremlin Nob","floor":12,"turns":4},{"damage":30,"enemies":"Hexaghost","floor":16,"turns":11}],"seed_played":"3014430768079640462","potions_obtained":[{"floor":1,"key":"Poison Potion"},{"floor":5,"key":"Fire Potion"},{"floor":12,"key":"Ancient Potion"}],"is_trial":false,"path_per_floor":["M","?","$","?","M","R","?","E","T","M","M","E","$","?","R","B"],"character_chosen":"DEFECT","items_purchased":["Sling","Genetic Algorithm+1"],"campfire_rested":1,"item_purchase_floors":[3,13],"current_hp_per_floor":[64,64,64,43,43,43,43,43,43,43,43,9,9,9,30,0],"gold":36,"neow_bonus":"THREE_ENEMY_KILL","is_prod":false,"is_daily":false,"chose_seed":false,"campfire_upgraded":1,"win_rate":0,"timestamp":1554478221,"path_taken":["M","?","$","?","M","R","?","E","T","M","?","E","$","?","R","BOSS"],"build_version":"2019-04-04","purchased_purges":1,"victory":false,"max_hp_per_floor":[71,71,71,71,71,71,71,71,71,71,71,71,71,71,71,71],"card_choices":[{"not_picked":["Darkness","Turbo"],"picked":"Reinforced Body","floor":1},{"not_picked":["Conserve Battery","Coolheaded"],"picked":"Genetic Algorithm","floor":5},{"not_picked":["Steam","Redo"],"picked":"Fission","floor":8},{"not_picked":["Compile Driver","Sweeping Beam"],"picked":"Conserve Battery","floor":10},{"not_picked":["Thunder Strike","Gash"],"picked":"Compile Driver","floor":11},{"not_picked":["Steam Power","Turbo"],"picked":"Stack","floor":12}],"player_experience":1069728,"relics_obtained":[{"floor":8,"key":"Frozen Egg 2"},{"floor":9,"key":"Cables"},{"floor":12,"key":"Toxic Egg 2"}],"event_choices":[{"damage_healed":0,"gold_gain":150,"player_choice":"AGREE","damage_taken":0,"max_hp_gain":0,"max_hp_loss":0,"event_name":"Liars Game","floor":2,"gold_loss":0,"cards_obtained":["Doubt"]},{"damage_healed":0,"gold_gain":0,"player_choice":"Entered Light","damage_taken":21,"max_hp_gain":0,"max_hp_loss":0,"event_name":"Shining Light","floor":4,"gold_loss":0,"cards_upgraded":["Reinforced Body","Defend_B"]},{"damage_healed":0,"gold_gain":0,"player_choice":"Searched \u00271\u0027 times","damage_taken":0,"relics_obtained":["Mummified Hand"],"max_hp_gain":0,"max_hp_loss":0,"event_name":"Dead Adventurer","floor":7,"gold_loss":0},{"damage_healed":0,"gold_gain":0,"player_choice":"Grow","damage_taken":0,"max_hp_gain":0,"max_hp_loss":0,"event_name":"Living Wall","floor":14,"gold_loss":0,"cards_upgraded":["Fission"]}],"is_beta":true,"boss_relics":[],"items_purged_floors":[13],"is_endless":false,"potions_floor_spawned":[1,5,12],"killed_by":"Hexaghost","ascension_level":20}