{"gold_per_floor":[214,57,57,74,41,41,41,41,41,66,81,6,26,26,26,126,126,146,165,90,190,204,239,239,251,251,251,268,268,268],"floor_reached":30,"playtime":918,"items_purged":["Strike_G"],"score":397,"play_id":"77981ee0-fce0-4813-b09e-de5f261677dd","local_time":"20190411131639","is_ascension_mode":true,"campfire_choices":[{"data":"Neutralize","floor":6.0,"key":"SMITH"},{"data":"Dagger Spray","floor":8.0,"key":"SMITH"},{"floor":15.0,"key":"REST"},{"floor":24,"key":"REST"},{"floor":27,"key":"REST"}],"neow_cost":"NONE","seed_source_timestamp":93767099250393,"circlet_count":0,"master_deck":["AscendersBane","Defend_G","Defend_G","Defend_G","Defend_G","Defend_G","Strike_G","Strike_G","Strike_G","Survivor","Neutralize+1","Dagger Spray+1","Crippling Poison","Swift Strike+1","Catalyst","Catalyst","Corpse Explosion","Catalyst","Cloak And Dagger","Infinite Blades","Deadly Poison","Infinite Blades"],"special_seed":0,"relics":["Ring of the Snake","Snake Skull","Molten Egg 2","Du-Vu Doll","PreservedInsect","Ancient Tea Set","WristBlade","Vajra","Juzu Bracelet"],"potions_floor_usage":[16,23,25,28,29,29],"damage_taken":[{"damage":2.0,"enemies":"Small Slimes","floor":1.0,"turns":5.0},{"damage":0.0,"enemies":"2 Louse","floor":4.0,"turns":4.0},{"damage":19.0,"enemies":"Gremlin Nob","floor":10.0,"turns":4.0},{"damage":4.0,"enemies":"Cultist","floor":11.0,"turns":3.0},{"damage":2.0,"enemies":"Exordium Wildlife","floor":13.0,"turns":3.0},{"damage":33,"enemies":"Hexaghost","floor":16,"turns":10},{"damage":8,"enemies":"Chosen","floor":18,"turns":5},{"damage":10,"enemies":"Shell Parasite","floor":19,"turns":3},{"damage":23,"enemies":"Chosen and Byrds","floor":22,"turns":6},{"damage":10,"enemies":"Gremlin Leader","floor":23,"turns":5},{"damage":17,"enemies":"Snake Plant","floor":25,"turns":5},{"damage":2,"enemies":"Cultist and Chosen","floor":28,"turns":3},{"damage":25,"enemies":"Colosseum Slavers","floor":29,"turns":4},{"damage":13,"enemies":"Centurion and Healer","floor":30,"turns":2}],"seed_played":"-1619534010745261550","potions_obtained":[{"floor":1.0,"key":"Strength Potion"},{"floor":16,"key":"Ancient Potion"},{"floor":18,"key":"SpeedPotion"},{"floor":23,"key":"Ancient Potion"},{"floor":25,"key":"AttackPotion"},{"floor":28,"key":"Dexterity Potion"}],"is_trial":false,"path_per_floor":["M","$","?","M","?","R","?","R","T","E","M","$","M","T","R","B",null,"M","M","?","?","M","E","R","M","T","R","M","?","M"],"character_chosen":"THE_SILENT","items_purchased":["Snake Skull"],"campfire_rested":3,"item_purchase_floors":[2],"current_hp_per_floor":[61,61,58,58,58,58,58,58,58,39,35,35,33,33,54,21,58,50,40,40,40,17,7,28,11,11,32,30,5,0],"gold":268,"neow_bonus":"HUNDRED_GOLD","is_prod":false,"is_daily":false,"chose_seed":false,"campfire_upgraded":2,"win_rate":0,"timestamp":1554981399,"path_taken":["M","$","?","M","?","R","?","R","T","E","?","$","M","?","R","BOSS","M","M","?","?","?","E","R","M","T","R","M","?","M"],"build_version":"2019-04-04","purchased_purges":1,"victory":false,"max_hp_per_floor":[70,70,70,70,70,70,70,70,70,70,70,70,70,70,70,70,70,70,70,70,70,70,70,70,70,70,70,70,70,70],"card_choices":[{"not_picked":["Deflect","Underhanded Strike"],"picked":"Dagger Spray","floor":1.0},{"not_picked":["Acrobatics","Deflect"],"picked":"Crippling Poison","floor":4.0},{"not_picked":["Slice+1","Flying Knee+1"],"picked":"Catalyst","floor":10.0},{"not_picked":["PiercingWail","Cloak And Dagger"],"picked":"Catalyst","floor":11.0},{"not_picked":["Concentrate","Dodge and Roll","Leg Sweep"],"picked":"SKIP","floor":13.0},{"not_picked":["Bullet Time","Tools of the Trade"],"picked":"Corpse Explosion","floor":16},{"not_picked":["Acrobatics","Quick Slash+1"],"picked":"Catalyst","floor":18},{"not_picked":["Sucker Punch+1","Dodge and Roll"],"picked":"Cloak And Dagger","floor":19},{"not_picked":["Dodge and Roll","Leg Sweep","Outmaneuver"],"picked":"SKIP","floor":22},{"not_picked":["Acrobatics","Riddle With Holes+1"],"picked":"Infinite Blades","floor":23},{"not_picked":["Deflect","Finisher+1"],"picked":"Deadly Poison","floor":25},{"not_picked":["Poisoned Stab+1","Dagger Spray+1"],"picked":"Infinite Blades","floor":28}],"player_experience":421132,"relics_obtained":[{"floor":9.0,"key":"Du-Vu Doll"},{"floor":10.0,"key":"PreservedInsect"},{"floor":14.0,"key":"Ancient Tea Set"},{"floor":23,"key":"Vajra"},{"floor":26,"key":"Juzu Bracelet"}],"event_choices":[{"damage_healed":0.0,"max_hp_gain":0.0,"max_hp_loss":0.0,"gold_gain":0.0,"event_name":"Scrap Ooze","player_choice":"Success","floor":3.0,"gold_loss":0.0,"damage_taken":3.0,"relics_obtained":["Molten Egg 2"]},{"damage_healed":0.0,"max_hp_gain":0.0,"max_hp_loss":0.0,"gold_gain":0.0,"event_name":"World of Goop","player_choice":"Left Gold","floor":5.0,"gold_loss":33.0,"damage_taken":0.0},{"damage_healed":0.0,"max_hp_gain":0.0,"max_hp_loss":0.0,"gold_gain":0.0,"event_name":"Match and Keep!","player_choice":"1 cards matched","floor":7.0,"gold_loss":0.0,"damage_taken":0.0,"cards_obtained":["Swift Strike"]},{"cards_removed":["Strike_G"],"damage_healed":0,"gold_gain":0,"player_choice":"Gave Gold","damage_taken":0,"max_hp_gain":0,"max_hp_loss":0,"event_name":"Beggar","floor":20,"gold_loss":75},{"damage_healed":0,"gold_gain":100,"player_choice":"Pray","damage_taken":0,"max_hp_gain":0,"max_hp_loss":0,"event_name":"Golden Shrine","floor":21,"gold_loss":0},{"damage_healed":0,"gold_gain":0,"player_choice":"Fight","damage_taken":0,"max_hp_gain":0,"max_hp_loss":0,"event_name":"Colosseum","floor":29,"gold_loss":0},{"damage_healed":0,"gold_gain":0,"player_choice":"Fled From Nobs","damage_taken":0,"max_hp_gain":0,"max_hp_loss":0,"event_name":"Colosseum","floor":29,"gold_loss":0}],"is_beta":true,"boss_relics":[{"not_picked":["HoveringKite","Tiny House"],"picked":"WristBlade"}],"items_purged_floors":[12],"is_endless":false,"potions_floor_spawned":[1,16,18,23,25,28,29],"killed_by":"Centurion and Healer","ascension_level":12}