{"gold_per_floor":[144,319,319,319,244,342,342,391,391,489,538,636,636,734,734,1059,1059,1059],"floor_reached":18,"playtime":764,"items_purged":["Doubt"],"score":336,"play_id":"c0f5fc35-e761-447c-8e8b-169eb3b30453","local_time":"20181207065839","daily_mods":["Insanity","Flight","Midas"],"is_ascension_mode":false,"campfire_choices":[{"floor":7.0,"key":"REST"},{"floor":13.0,"key":"REST"},{"floor":15.0,"key":"REST"}],"neow_cost":"","seed_source_timestamp":0,"circlet_count":0,"master_deck":["Dagger Throw","Poisoned Stab","Quick Slash","Bane","Deflect","Quick Slash","Quick Slash","Riddle With Holes","Prepared","Deflect","Cloak And Dagger","Footwork","Flying Knee","Cloak And Dagger","Outmaneuver","Blade Dance","Dagger Throw","Dagger Spray","Heel Hook","Distraction","Finisher","Prepared","Blade Dance","Flying Knee","Flechettes","Deflect","Accuracy","Blade Dance","Riddle With Holes","Poisoned Stab","Distraction","Bouncing Flask","Crippling Poison","Dodge and Roll","Underhanded Strike","Dodge and Roll","Dagger Throw","Distraction","Deadly Poison","Concentrate","Flying Knee","Dagger Throw","Sucker Punch","Choke","Distraction","Heel Hook","Flying Knee","Riddle With Holes","Bane","Cloak And Dagger","Bouncing Flask","Blur","A Thousand Cuts"],"special_seed":17871,"relics":["Ring of the Snake","Dodecahedron","Golden Idol","Pantograph","Question Card","Thread and Needle","Art of War","Sundial","Busted Crown"],"potions_floor_usage":[],"damage_taken":[{"damage":0.0,"enemies":"Cultist","floor":1.0,"turns":2.0},{"damage":9.0,"enemies":"3 Sentries","floor":6.0,"turns":6.0},{"damage":5.0,"enemies":"Jaw Worm","floor":8.0,"turns":2.0},{"damage":32.0,"enemies":"Lagavulin","floor":10.0,"turns":5.0},{"damage":0.0,"enemies":"2 Louse","floor":11.0,"turns":2.0},{"damage":10.0,"enemies":"Gremlin Nob","floor":12.0,"turns":3.0},{"damage":5.0,"enemies":"3 Sentries","floor":14.0,"turns":7.0},{"damage":13.0,"enemies":"The Guardian","floor":16.0,"turns":9.0},{"damage":0,"enemies":"2 Thieves","floor":18,"turns":1}],"seed_played":"-933783544503899618","potions_obtained":[{"floor":8.0,"key":"SneckoOil"},{"floor":10.0,"key":"FearPotion"},{"floor":11.0,"key":"Strength Potion"},{"floor":16.0,"key":"Energy Potion"}],"is_trial":false,"path_per_floor":["M","?","T","?","$","E","R","M","T","E","M","E","R","E","R","B",null,"M"],"character_chosen":"THE_SILENT","items_purchased":[],"campfire_rested":3,"item_purchase_floors":[],"current_hp_per_floor":[70,70,70,65,65,56,65,60,60,28,28,18,37,32,51,52,65,65],"gold":1059,"neow_bonus":"","is_prod":false,"is_daily":true,"chose_seed":false,"campfire_upgraded":0,"win_rate":0,"timestamp":1544162319,"path_taken":["M","?","?","?","$","E","R","?","T","E","?","E","R","E","R","BOSS","M"],"build_version":"2018-12-06","purchased_purges":1,"victory":false,"max_hp_per_floor":[70,70,70,65,65,65,65,65,65,65,65,65,65,65,65,65,65,65],"card_choices":[{"not_picked":["Acrobatics","Terror","Underhanded Strike"],"picked":"SKIP","floor":1.0},{"not_picked":["PiercingWail","Dagger Spray","Prepared"],"picked":"SKIP","floor":6.0},{"not_picked":["Blade Dance","Dodge and Roll"],"picked":"Bouncing Flask","floor":8.0},{"not_picked":["Backflip","Dagger Throw","Poisoned Stab"],"picked":"Blur","floor":10.0},{"not_picked":["Prepared","Quick Slash","Deadly Poison","Flying Knee"],"picked":"SKIP","floor":11.0},{"not_picked":["Dagger Spray","Backflip","Deflect","PiercingWail"],"picked":"SKIP","floor":12.0},{"not_picked":["Underhanded Strike","Cloak And Dagger","Flying Knee","Predator"],"picked":"SKIP","floor":14.0},{"not_picked":["Glass Knife","Grand Finale","Venomology"],"picked":"A Thousand Cuts","floor":16.0}],"player_experience":795209,"relics_obtained":[{"floor":3.0,"key":"Dodecahedron"},{"floor":6.0,"key":"Pantograph"},{"floor":9.0,"key":"Question Card"},{"floor":10.0,"key":"Thread and Needle"},{"floor":12.0,"key":"Art of War"},{"floor":14.0,"key":"Sundial"}],"event_choices":[{"damage_healed":0.0,"max_hp_gain":0.0,"max_hp_loss":0.0,"gold_gain":175.0,"event_name":"Liars Game","player_choice":"AGREE","floor":2.0,"gold_loss":0.0,"damage_taken":0.0,"cards_obtained":["Doubt"]},{"damage_healed":0.0,"max_hp_gain":0.0,"max_hp_loss":5.0,"gold_gain":0.0,"event_name":"Golden Idol","player_choice":"Lose Max HP","floor":4.0,"gold_loss":0.0,"damage_taken":0.0,"relics_obtained":["Golden Idol"]}],"is_beta":true,"boss_relics":[{"not_picked":["WristBlade","Eternal Feather"],"picked":"Busted Crown"}],"items_purged_floors":[5],"is_endless":false,"potions_floor_spawned":[8,10,11,16],"killed_by":"2 Thieves","ascension_level":0}