{"gold_per_floor":[110,90,104,119,119,151,151,151,151,151,161,188,198,218,218,295,295,308,308,9,19,49,49,76,76,76,110,127,141,176,190,190,190],"floor_reached":33,"playtime":1414,"items_purged":["Strike_B"],"score":684,"play_id":"3c6900d8-ba92-41b1-b9d5-a30a240b608c","local_time":"20190405123403","is_ascension_mode":true,"campfire_choices":[{"data":"Rainbow","floor":7,"key":"SMITH"},{"data":"Zap","floor":10,"key":"SMITH"},{"floor":15,"key":"REST"},{"data":"Go for the Eyes","floor":23,"key":"SMITH"},{"floor":25,"key":"REST"},{"floor":32,"key":"REST"}],"neow_cost":"NONE","seed_source_timestamp":3270806811008,"circlet_count":0,"master_deck":["AscendersBane","Strike_B","Strike_B","Strike_B","Defend_B","Defend_B","Defend_B","Defend_B","Zap+1","Dualcast","Ball Lightning","Ball Lightning","Rainbow+1","Gash","Conserve Battery","All For One","BootSequence","Conserve Battery","Steam","Conserve Battery","Hologram","Go for the Eyes+1","BootSequence","Compile Driver+1","Genetic Algorithm","Self Repair","Coolheaded","FTL","Cold Snap+1"],"special_seed":0,"relics":["Cracked Core","DataDisk","Shuriken","Ancient Tea Set","Oddly Smooth Stone","Mercury Hourglass","Orrery","Runic Capacitor","Red Mask","Art of War","Letter Opener","Pear","Dodecahedron"],"potions_floor_usage":[6,22,30,33,33],"damage_taken":[{"damage":2.0,"enemies":"Jaw Worm","floor":1.0,"turns":3.0},{"damage":1.0,"enemies":"Cultist","floor":3.0,"turns":3.0},{"damage":0.0,"enemies":"2 Louse","floor":4.0,"turns":1.0},{"damage":0,"enemies":"3 Sentries","floor":6,"turns":2},{"damage":0,"enemies":"2 Fungi Beasts","floor":11,"turns":2},{"damage":11,"enemies":"Gremlin Nob","floor":12,"turns":3},{"damage":7,"enemies":"3 Louse","floor":13,"turns":2},{"damage":12,"enemies":"Exordium Wildlife","floor":14,"turns":2},{"damage":14,"enemies":"Slime Boss","floor":16,"turns":6},{"damage":6,"enemies":"Shell Parasite","floor":18,"turns":5},{"damage":0,"enemies":"3 Byrds","floor":21,"turns":3},{"damage":0,"enemies":"Masked Bandits","floor":22,"turns":3},{"damage":33,"enemies":"Gremlin Leader","floor":24,"turns":5},{"damage":16,"enemies":"Slavers","floor":27,"turns":5},{"damage":3,"enemies":"Centurion and Healer","floor":28,"turns":7},{"damage":13,"enemies":"Shelled Parasite and Fungi","floor":29,"turns":6},{"damage":21,"enemies":"Book of Stabbing","floor":30,"turns":4},{"damage":0,"enemies":"Snake Plant","floor":31,"turns":4},{"damage":69,"enemies":"Collector","floor":33,"turns":7}],"seed_played":"5917985935434108422","potions_obtained":[{"floor":1.0,"key":"PowerPotion"},{"floor":2.0,"key":"Fire Potion"},{"floor":21,"key":"Fire Potion"},{"floor":28,"key":"PowerPotion"},{"floor":29,"key":"Regen Potion"},{"floor":31,"key":"Weak Potion"}],"is_trial":false,"path_per_floor":["M","?","M","M","?","E","R","?","T","R","M","E","M","M","R","B",null,"M","?","$","M","?","R","E","R","T","E","M","M","E","M","R","B"],"character_chosen":"DEFECT","items_purchased":["Runic Capacitor"],"campfire_rested":3,"item_purchase_floors":[20],"current_hp_per_floor":[62,62,61,61,35,35,35,35,35,35,35,24,17,5,26,12,56,50,64,64,64,64,64,31,52,52,46,43,37,16,23,47,0],"gold":190,"neow_bonus":"RANDOM_COMMON_RELIC","is_prod":false,"is_daily":false,"chose_seed":false,"campfire_upgraded":3,"win_rate":0,"timestamp":1554460443,"path_taken":["M","?","?","M","?","E","R","?","T","R","M","E","M","M","R","BOSS","M","?","$","M","?","R","E","R","T","E","M","M","E","M","R","BOSS"],"build_version":"2019-04-04","purchased_purges":1,"victory":false,"max_hp_per_floor":[71,71,71,71,71,71,71,71,71,71,71,71,71,71,71,71,71,71,71,71,71,71,71,71,71,71,81,81,81,81,81,81,81],"card_choices":[{"not_picked":["Reprogram","Static Discharge"],"picked":"Ball Lightning","floor":1.0},{"not_picked":["Leap","Beam Cell"],"picked":"Ball Lightning","floor":3.0},{"not_picked":["Sunder","Hello World","Redo"],"picked":"SKIP","floor":4.0},{"not_picked":["Blizzard","Cold Snap"],"picked":"Rainbow","floor":6},{"not_picked":["Reprogram","Turbo","Barrage"],"picked":"SKIP","floor":11},{"not_picked":["Sunder","Melter"],"picked":"Gash","floor":12},{"not_picked":["Lockon","Reprogram","Compile Driver"],"picked":"SKIP","floor":13},{"not_picked":["Coolheaded","Sweeping Beam"],"picked":"Conserve Battery","floor":14},{"not_picked":["Hyperbeam","Reboot"],"picked":"All For One","floor":16},{"not_picked":["Chaos","Streamline"],"picked":"BootSequence","floor":17},{"not_picked":["Compile Driver","Streamline"],"picked":"Conserve Battery","floor":17},{"not_picked":["Sweeping Beam","Barrage"],"picked":"Steam","floor":17},{"not_picked":["Streamline","Recycle"],"picked":"Conserve Battery","floor":17},{"not_picked":["Compile Driver","Steam Power"],"picked":"Hologram","floor":17},{"not_picked":["Double Energy","Heatsinks"],"picked":"Go for the Eyes","floor":18},{"not_picked":["Conserve Battery","Darkness"],"picked":"BootSequence","floor":21},{"not_picked":["Steam","Rebound"],"picked":"Compile Driver+1","floor":22},{"not_picked":["Conserve Battery","Stack","Hologram+1"],"picked":"SKIP","floor":24},{"not_picked":["Machine Learning","Rebound"],"picked":"Genetic Algorithm","floor":27},{"not_picked":["Auto Shields","Go for the Eyes"],"picked":"Self Repair","floor":28},{"not_picked":["Sweeping Beam","Force Field"],"picked":"Coolheaded","floor":29},{"not_picked":["Storm","Loop"],"picked":"FTL","floor":30},{"not_picked":["Rebound","Sweeping Beam"],"picked":"Cold Snap+1","floor":31}],"player_experience":1068239,"relics_obtained":[{"floor":6,"key":"Ancient Tea Set"},{"floor":9,"key":"Oddly Smooth Stone"},{"floor":12,"key":"Mercury Hourglass"},{"floor":22,"key":"Red Mask"},{"floor":24,"key":"Art of War"},{"floor":26,"key":"Letter Opener"},{"floor":27,"key":"Pear"},{"floor":30,"key":"Dodecahedron"}],"event_choices":[{"damage_healed":0.0,"max_hp_gain":0.0,"max_hp_loss":0.0,"gold_gain":0.0,"event_name":"The Woman in Blue","player_choice":"Bought 1 Potion","floor":2.0,"gold_loss":0.0,"damage_taken":0.0},{"damage_healed":0.0,"max_hp_gain":0.0,"max_hp_loss":0.0,"gold_gain":0.0,"event_name":"Scrap Ooze","player_choice":"Success","floor":5.0,"gold_loss":0.0,"damage_taken":26.0,"relics_obtained":["Shuriken"]},{"damage_healed":0,"gold_gain":0,"player_choice":"Ignored","damage_taken":0,"max_hp_gain":0,"max_hp_loss":0,"event_name":"Golden Wing","floor":8,"gold_loss":0},{"damage_healed":14,"gold_gain":0,"player_choice":"Heal","damage_taken":0,"max_hp_gain":0,"max_hp_loss":0,"event_name":"The Library","floor":19,"gold_loss":0},{"damage_healed":0,"gold_gain":0,"player_choice":"Fought Bandits","damage_taken":0,"max_hp_gain":0,"max_hp_loss":0,"event_name":"Masked Bandits","floor":22,"gold_loss":0}],"is_beta":true,"boss_relics":[{"not_picked":["Coffee Dripper","White Beast Statue"],"picked":"Orrery"}],"items_purged_floors":[20],"is_endless":false,"potions_floor_spawned":[1,3,21,28,29,31],"killed_by":"Collector","ascension_level":20}