{"gold_per_floor":[109,109,109,128,128,128,52,52,104,104,137,137,153,172,172,293,293,307,25,46,46,61,61,61],"floor_reached":24,"playtime":961,"items_purged":[],"score":310,"play_id":"1ca9a430-03c2-44e3-ba77-1ab23198b152","local_time":"20190411125933","is_ascension_mode":true,"campfire_choices":[{"data":"Dagger Spray","floor":6,"key":"SMITH"},{"data":"Footwork","floor":8,"key":"SMITH"},{"floor":10,"key":"REST"},{"floor":15,"key":"REST"},{"floor":23,"key":"REST"}],"neow_cost":"NONE","seed_source_timestamp":92795941142659,"circlet_count":0,"master_deck":["AscendersBane","Defend_G","Defend_G","Defend_G","Defend_G","Defend_G","Strike_G","Strike_G","Strike_G","Strike_G","Survivor","Neutralize+1","Dagger Throw","Dagger Spray+1","Footwork+1","Slice","Underhanded Strike","Backstab","Heel Hook","Die Die Die","Eviscerate","Acrobatics","Backstab","Deep Breath","Escape Plan","Neutralize","Bandage Up","Dagger Throw+1"],"relics":["Ring of the Snake","Golden Idol","Dream Catcher","Bag of Preparation","Orrery","Membership Card"],"potions_floor_usage":[16,20],"damage_taken":[{"damage":5,"enemies":"2 Louse","floor":1,"turns":3},{"damage":4,"enemies":"Small Slimes","floor":4,"turns":4},{"damage":21,"enemies":"3 Sentries","floor":11,"turns":7},{"damage":0,"enemies":"Cultist","floor":13,"turns":3},{"damage":10,"enemies":"Large Slime","floor":14,"turns":7},{"damage":47,"enemies":"Slime Boss","floor":16,"turns":12},{"damage":16,"enemies":"Spheric Guardian","floor":18,"turns":5},{"damage":16,"enemies":"Shell Parasite","floor":20,"turns":4},{"damage":30,"enemies":"Snake Plant","floor":22,"turns":5},{"damage":31,"enemies":"Snecko","floor":24,"turns":3}],"seed_played":"-7197933329501668003","potions_obtained":[{"floor":4,"key":"Swift Potion"},{"floor":11,"key":"FearPotion"},{"floor":13,"key":"PowerPotion"}],"is_trial":false,"path_per_floor":["M","?","$","M","?","R","$","R","T","R","E","?","M","M","R","B",null,"M","$","M","?","M","R","M"],"character_chosen":"THE_SILENT","items_purchased":["Footwork","Membership Card","Deep Breath","Escape Plan"],"campfire_rested":3,"item_purchase_floors":[7,19,19,19],"current_hp_per_floor":[65,65,65,61,42,42,42,42,42,65,44,44,44,34,57,10,60,44,44,28,28,2,25,0],"gold":61,"neow_bonus":"TEN_PERCENT_HP_BONUS","is_prod":false,"is_daily":false,"chose_seed":false,"campfire_upgraded":2,"win_rate":0,"timestamp":1554980373,"path_taken":["M","?","$","M","?","R","$","R","T","R","E","?","M","M","R","BOSS","M","?","M","?","M","R","?"],"build_version":"2019-04-04","purchased_purges":0,"victory":false,"max_hp_per_floor":[77,77,77,77,77,77,77,77,77,77,77,77,77,77,77,77,77,77,77,77,77,77,77,77],"card_choices":[{"not_picked":["Poisoned Stab","PiercingWail"],"picked":"Dagger Throw","floor":1},{"not_picked":["Dagger Throw","Terror"],"picked":"Dagger Spray","floor":4},{"not_picked":["Poisoned Stab","Masterful Stab"],"picked":"Slice","floor":10},{"not_picked":["Bane","Backflip"],"picked":"Underhanded Strike","floor":11},{"not_picked":["Sucker Punch","PiercingWail","Flying Knee"],"picked":"SKIP","floor":13},{"not_picked":["Dagger Throw","Masterful Stab"],"picked":"Backstab","floor":14},{"not_picked":["Bane","Dagger Spray"],"picked":"Heel Hook","floor":15},{"not_picked":["Unload","After Image"],"picked":"Die Die Die","floor":16},{"not_picked":["Flying Knee","Well Laid Plans"],"picked":"Eviscerate","floor":17},{"not_picked":["Riddle With Holes","Choke"],"picked":"Acrobatics","floor":17},{"not_picked":["Bane+1","Deadly Poison"],"picked":"Backstab","floor":18},{"not_picked":["Bullet Time","Dagger Spray","Outmaneuver+1"],"picked":"SKIP","floor":20},{"not_picked":["Eviscerate","Outmaneuver","Skewer"],"picked":"SKIP","floor":22},{"not_picked":["Caltrops","Cloak And Dagger"],"picked":"Dagger Throw+1","floor":23}],"player_experience":420171,"relics_obtained":[{"floor":9,"key":"Dream Catcher"},{"floor":11,"key":"Bag of Preparation"}],"event_choices":[{"damage_healed":0,"gold_gain":0,"player_choice":"Grow","damage_taken":0,"max_hp_gain":0,"max_hp_loss":0,"event_name":"Living Wall","floor":2,"gold_loss":0,"cards_upgraded":["Neutralize"]},{"damage_healed":0,"gold_gain":0,"player_choice":"Take Damage","damage_taken":19,"relics_obtained":["Golden Idol"],"max_hp_gain":0,"max_hp_loss":0,"event_name":"Golden Idol","floor":5,"gold_loss":0},{"cards_removed":["Strike_G"],"damage_healed":0,"gold_gain":0,"player_choice":"Offered Basic","damage_taken":0,"max_hp_gain":0,"max_hp_loss":0,"event_name":"Bonfire Elementals","floor":12,"gold_loss":0},{"damage_healed":0,"gold_gain":0,"player_choice":"2 cards matched","damage_taken":0,"max_hp_gain":0,"max_hp_loss":0,"event_name":"Match and Keep!","floor":21,"gold_loss":0,"cards_obtained":["Neutralize","Bandage Up"]}],"is_beta":true,"boss_relics":[{"not_picked":["Empty Cage","White Beast Statue"],"picked":"Orrery"}],"items_purged_floors":[],"is_endless":false,"potions_floor_spawned":[4,11,13],"killed_by":"Snecko","ascension_level":12}