{"path_per_floor":["M","?","M","?","?","E","R","$","T","E","$","M","E"],"character_chosen":"DEFECT","items_purchased":["Orichalcum"],"gold_per_floor":[111,111,123,123,123,151,151,5,31,61,61,73,102,102],"floor_reached":14,"campfire_rested":1,"playtime":456,"item_purchase_floors":[8],"current_hp_per_floor":[62,62,55,41,41,18,38,38,38,22,22,22,10,0],"items_purged":[],"gold":102,"score":106,"play_id":"e3cac753-4162-4146-8580-11b259c0216b","local_time":"20180525135920","is_prod":false,"is_daily":false,"chose_seed":false,"is_ascension_mode":false,"campfire_upgraded":0,"win_rate":0,"timestamp":1527249560,"campfire_choices":[{"floor":7,"key":"REST"}],"path_taken":["M","?","?","?","?","E","R","?","T","E","$","?","E","M"],"build_version":"2018-05-24","seed_source_timestamp":107968867055474,"purchased_purges":0,"victory":false,"master_deck":["Strike_B","Strike_B","Strike_B","Strike_B","Defend_B+1","Defend_B","Defend_B","Defend_B","Zap","Dualcast","Thunder Strike+1","Chaos","Loop","Normality","Go for the Eyes","Compile Driver","Chaos","Electrodynamics"],"max_hp_per_floor":[68,68,68,68,68,68,68,68,68,68,68,68,68,68],"relics":["Cracked Core","Ancient Tea Set","Unceasing Top","Orichalcum","Boot","Anchor","Bottled Flame"],"card_choices":[{"not_picked":["Reboot","All For One"],"picked":"Thunder Strike","floor":0},{"not_picked":["Turbo","Hologram"],"picked":"Chaos","floor":1},{"not_picked":["Fusion","Chill"],"picked":"Loop","floor":3},{"not_picked":["Stack","Steam"],"picked":"Go for the Eyes","floor":6},{"not_picked":["Sweeping Beam","Multi-Cast"],"picked":"Compile Driver","floor":10},{"not_picked":["Hologram","Stack"],"picked":"Chaos","floor":12},{"not_picked":["Coolheaded","Undo"],"picked":"Electrodynamics","floor":13}],"player_experience":23013,"potions_floor_usage":[13,13,14],"damage_taken":[{"damage":6,"enemies":"Jaw Worm","floor":1,"turns":3},{"damage":7,"enemies":"Small Slimes","floor":3,"turns":3},{"damage":23,"enemies":"Lagavulin","floor":6,"turns":6},{"damage":16,"enemies":"3 Sentries","floor":10,"turns":6},{"damage":0,"enemies":"Cultist","floor":12,"turns":3},{"damage":12,"enemies":"Lagavulin","floor":13,"turns":5},{"damage":20,"enemies":"Gremlin Gang","floor":14,"turns":3}],"relics_obtained":[{"floor":6,"key":"Unceasing Top"},{"floor":9,"key":"Boot"},{"floor":10,"key":"Anchor"},{"floor":13,"key":"Bottled Flame"}],"event_choices":[{"event_name":"Golden Wing","player_choice":"Ignored","floor":2,"damage_taken":0},{"event_name":"Shining Light","player_choice":"Entered Light","floor":4,"damage_taken":0},{"event_name":"Accursed Blacksmith","player_choice":"Rummage","floor":5,"damage_taken":0}],"boss_relics":[],"items_purged_floors":[],"potions_floor_spawned":[1,6,12],"seed_played":"-2841472200569189587","killed_by":"Gremlin Gang","ascension_level":0,"potions_obtained":[{"floor":1,"key":"Swift Potion"},{"floor":6,"key":"SneckoOil"},{"floor":12,"key":"Dexterity Potion"}],"is_trial":false}