{"path_per_floor":["M","?","M","?","?","R","M","?","T","M","M","E","$","M","R","B",null,"M","M","?","?","$","R"],"character_chosen":"IRONCLAD","items_purchased":["Matryoshka","Toxic Egg 2","Shrug It Off"],"gold_per_floor":[114,114,126,201,376,376,395,453,453,465,484,517,9,28,28,131,131,118,136,136,136,9,9],"floor_reached":24,"campfire_rested":1,"playtime":1240,"current_hp_per_floor":[65,65,70,59,59,59,65,60,60,57,63,71,71,75,75,51,90,66,51,51,35,35,76],"items_purged":["Parasite"],"gold":9,"score":206,"play_id":"cdcf690f-d0dd-4f3f-9e63-eebedaf89fce","local_time":"20180312183922","is_prod":false,"is_daily":false,"is_ascension_mode":true,"campfire_upgraded":2,"timestamp":1520876362,"path_taken":["M","?","M","?","?","R","M","?","T","M","M","E","$","M","R","BOSS","M","M","?","?","?","R","E"],"build_version":"2018-03-09","purchased_purges":1,"victory":false,"master_deck":["Strike_R","Strike_R","Strike_R","Strike_R","Strike_R","Defend_R","Defend_R","Defend_R","Defend_R","Bash","Dropkick","Pommel Strike+1","Doubt","Iron Wave","Clothesline","Anger","Metallicize+1","Rampage","Clothesline","Feed","Regret","Regret","Shrug It Off+1","Shrug It Off+1"],"max_hp_per_floor":[80,80,80,80,80,80,80,80,80,80,80,90,90,90,90,90,90,90,90,90,90,87,87],"relics":["Burning Blood","Pen Nib","Red Skull","Pear","Matryoshka","Toxic Egg 2","Calling Bell","Meat on the Bone","Regal Pillow","Champion Belt","Enchiridion"],"card_choices":[{"not_picked":["Body Slam","True Grit"],"picked":"Dropkick"},{"not_picked":["Body Slam","Twin Strike"],"picked":"Pommel Strike"},{"not_picked":["Clothesline","Shockwave"],"picked":"Iron Wave"},{"not_picked":["Wild Strike","Spot Weakness"],"picked":"Clothesline"},{"not_picked":["Hemokinesis","Disarm"],"picked":"Anger"},{"not_picked":["Feed","Cleave"],"picked":"Metallicize"},{"not_picked":["Perfected Strike","Clash"],"picked":"Rampage"},{"not_picked":["Reckless Charge","Perfected Strike"],"picked":"Clothesline"},{"not_picked":["Berserk","Dark Embrace"],"picked":"Feed"},{"not_picked":["Pommel Strike","Thunderclap"],"picked":"Shrug It Off"}],"player_experience":87654,"potions_floor_usage":[8,16,16,16,19,19],"damage_taken":[{"damage":21,"enemies":"Cultist","floor":1,"turns":7},{"damage":1,"enemies":"Jaw Worm","floor":3,"turns":6},{"damage":0,"enemies":"2 Louse","floor":7,"turns":3},{"damage":26,"enemies":"3 Sentries","floor":8,"turns":11},{"damage":9,"enemies":"Blue Slaver","floor":10,"turns":5},{"damage":0,"enemies":"Large Slime","floor":11,"turns":5},{"damage":8,"enemies":"3 Sentries","floor":12,"turns":9},{"damage":2,"enemies":"Looter","floor":14,"turns":3},{"damage":30,"enemies":"Slime Boss","floor":16,"turns":11},{"damage":30,"enemies":"2 Thieves","floor":18,"turns":4},{"damage":48,"enemies":"3 Byrds","floor":19,"turns":9},{"damage":81,"enemies":"Book of Stabbing","floor":24,"turns":8}],"event_choices":[{"event_name":"Golden Wing","player_choice":"Ignored","floor":2,"damage_taken":0},{"event_name":"World of Goop","player_choice":"Gather Gold","floor":4,"damage_taken":0},{"event_name":"Liars Game","player_choice":"agreed","floor":5,"damage_taken":0},{"event_name":"Dead Adventurer","player_choice":"Searched \u00273\u0027 times","floor":8,"damage_taken":0},{"event_name":"Drug Dealer","player_choice":"Ignored","floor":20,"damage_taken":0},{"event_name":"Cursed Tome","player_choice":"Obtained Book","floor":21,"damage_taken":0}],"boss_relics":[{"not_picked":["Eternal Feather","Orrery"],"picked":"Calling Bell"}],"potions_floor_spawned":[7,10,12,16,18],"seed_played":"-7833398663481155952","killed_by":"Book of Stabbing","ascension_level":1,"is_trial":false}