{"gold_per_floor":[114,114,114,39,114,142,161,189,265,285,285,285,250,273,273,273],"floor_reached":16,"playtime":358,"items_purged":["Strike_B"],"score":262,"play_id":"30dbc3fc-9753-45f9-b3b5-635e2f25f8ee","local_time":"20190405183524","is_ascension_mode":true,"campfire_choices":[{"floor":12,"key":"REST"},{"data":"Defragment","floor":15,"key":"SMITH"}],"neow_cost":"NONE","seed_source_timestamp":26021771628867,"circlet_count":0,"master_deck":["AscendersBane","Strike_B","Strike_B","Strike_B+1","Defend_B+1","Defend_B","Defend_B","Defend_B","Zap","Dualcast","Defragment+1","Leap","Static Discharge","Cold Snap"],"special_seed":0,"relics":["Cracked Core","NeowsBlessing","Juzu Bracelet","FossilizedHelix","The Courier","Anchor","Odd Mushroom"],"potions_floor_usage":[16],"damage_taken":[{"damage":0.0,"enemies":"2 Louse","floor":1.0,"turns":1.0},{"damage":0.0,"enemies":"Gremlin Nob","floor":6.0,"turns":1.0},{"damage":0.0,"enemies":"Cultist","floor":7.0,"turns":1.0},{"damage":17.0,"enemies":"Lagavulin","floor":8.0,"turns":7.0},{"damage":0,"enemies":"Small Slimes","floor":10,"turns":3},{"damage":23,"enemies":"The Mushroom Lair","floor":14,"turns":6},{"damage":26,"enemies":"Hexaghost","floor":16,"turns":10}],"seed_played":"8072117530936301472","potions_obtained":[{"floor":1.0,"key":"Energy Potion"},{"floor":8.0,"key":"Ancient Potion"},{"floor":10,"key":"SkillPotion"}],"is_trial":false,"path_per_floor":["M","?","?","$","?","E","M","E","T","M","?","R","?","?","R","B"],"character_chosen":"DEFECT","items_purchased":[],"campfire_rested":1,"item_purchase_floors":[],"current_hp_per_floor":[64,43,43,43,32,32,32,15,15,15,4,25,42,19,19,0],"gold":273,"neow_bonus":"THREE_ENEMY_KILL","is_prod":false,"is_daily":false,"chose_seed":false,"campfire_upgraded":1,"win_rate":0,"timestamp":1554482124,"path_taken":["M","?","?","$","?","E","M","E","T","M","?","R","?","?","R","BOSS"],"build_version":"2019-04-04","purchased_purges":1,"victory":false,"max_hp_per_floor":[71,71,71,71,71,71,71,71,71,71,71,71,71,71,71,71],"card_choices":[{"not_picked":["Sunder","Steam"],"picked":"Defragment","floor":1.0},{"not_picked":["Reinforced Body","Hologram"],"picked":"Leap","floor":6.0},{"not_picked":["Aggregate","Sweeping Beam","Gash"],"picked":"SKIP","floor":7.0},{"not_picked":["Doom and Gloom","Compile Driver"],"picked":"Static Discharge","floor":8.0},{"not_picked":["Rebound","Sunder","Beam Cell"],"picked":"SKIP","floor":10},{"not_picked":["Go for the Eyes","Barrage"],"picked":"Cold Snap","floor":14}],"player_experience":1071529,"relics_obtained":[{"floor":6.0,"key":"FossilizedHelix"},{"floor":8.0,"key":"The Courier"},{"floor":14,"key":"Odd Mushroom"}],"event_choices":[{"damage_healed":0.0,"max_hp_gain":0.0,"max_hp_loss":0.0,"gold_gain":0.0,"event_name":"Shining Light","player_choice":"Entered Light","floor":2.0,"gold_loss":0.0,"damage_taken":21.0,"cards_upgraded":["Strike_B","Defend_B"]},{"damage_healed":0.0,"max_hp_gain":0.0,"max_hp_loss":0.0,"gold_gain":0.0,"event_name":"WeMeetAgain","player_choice":"Gave Potion","floor":3.0,"gold_loss":0.0,"damage_taken":0.0,"relics_obtained":["Juzu Bracelet"]},{"damage_healed":0.0,"max_hp_gain":0.0,"max_hp_loss":0.0,"gold_gain":75.0,"event_name":"World of Goop","player_choice":"Gather Gold","floor":5.0,"gold_loss":0.0,"damage_taken":11.0},{"damage_healed":0,"gold_gain":0,"player_choice":"Success","damage_taken":11,"relics_obtained":["Anchor"],"max_hp_gain":0,"max_hp_loss":0,"event_name":"Scrap Ooze","floor":11,"gold_loss":0},{"damage_healed":17,"gold_gain":0,"player_choice":"Healed","damage_taken":0,"max_hp_gain":0,"max_hp_loss":0,"event_name":"The Cleric","floor":13,"gold_loss":35},{"damage_healed":0,"gold_gain":0,"player_choice":"Fought Mushrooms","damage_taken":0,"max_hp_gain":0,"max_hp_loss":0,"event_name":"Mushrooms","floor":14,"gold_loss":0}],"is_beta":true,"boss_relics":[],"items_purged_floors":[4],"is_endless":false,"potions_floor_spawned":[1,8,10],"killed_by":"Hexaghost","ascension_level":20}