{"gold_per_floor":[13,28,48,48,48,48,73,73,73,103,46,63,63,63,63,142,142,153,153,214,264,364,364,397,397,397,423,487,487,12,32,32,107,107,119,187,237,287,306,306,316,316,316,366,431,431,448,101,101,101],"floor_reached":51,"playtime":5695,"items_purged":[],"score":1286,"play_id":"44d7d7d3-1d0b-4fdb-adeb-5d732cc83ee3","local_time":"20190412143718","is_ascension_mode":true,"campfire_choices":[{"floor":6,"key":"REST"},{"data":"Coolheaded","floor":8,"key":"SMITH"},{"data":"Zap","floor":13,"key":"SMITH"},{"data":"Biased Cognition","floor":15,"key":"SMITH"},{"data":"Echo Form","floor":23,"key":"SMITH"},{"floor":25,"key":"REST"},{"floor":29,"key":"REST"},{"data":"Hologram","floor":32,"key":"SMITH"},{"floor":40,"key":"REST"},{"floor":42,"key":"REST"},{"floor":46,"key":"REST"},{"floor":49,"key":"REST"}],"neow_cost":"NO_GOLD","seed_source_timestamp":961057361918510,"circlet_count":0,"master_deck":["AscendersBane","Defend_B","Defend_B","Defend_B","Defend_B","Zap+1","Dualcast+1","Doom and Gloom+1","Coolheaded+1","Cold Snap","Biased Cognition+1","Sweeping Beam","Genetic Algorithm","Echo Form+1","BootSequence+1","Force Field+1","Machine Learning+1","Hologram+1","Conserve Battery","Electrodynamics","Redo","Heatsinks","Loop","FTL+1","Steam","Chill","PanicButton","Turbo","BootSequence","Cold Snap"],"relics":["Cracked Core","Darkstone Periapt","Vajra","Mercury Hourglass","Astrolabe","SsserpentHead","The Courier","Shuriken","Bottled Flame","Blood Vial","Happy Flower","Runic Pyramid","Meat on the Bone","Strange Spoon","Lantern"],"potions_floor_usage":[7,18,27,27,33,33,35,45,50],"damage_taken":[{"damage":1,"enemies":"Cultist","floor":1,"turns":4},{"damage":3,"enemies":"2 Louse","floor":2,"turns":2},{"damage":19,"enemies":"Small Slimes","floor":3,"turns":3},{"damage":22,"enemies":"Gremlin Nob","floor":7,"turns":5},{"damage":26,"enemies":"Lagavulin","floor":10,"turns":8},{"damage":0,"enemies":"3 Louse","floor":12,"turns":2},{"damage":14,"enemies":"Hexaghost","floor":16,"turns":9},{"damage":0,"enemies":"Spheric Guardian","floor":18,"turns":5},{"damage":15,"enemies":"Shell Parasite","floor":20,"turns":5},{"damage":37,"enemies":"Book of Stabbing","floor":24,"turns":8},{"damage":18,"enemies":"Slavers","floor":27,"turns":4},{"damage":0,"enemies":"Sentry and Sphere","floor":28,"turns":5},{"damage":0,"enemies":"Centurion and Healer","floor":31,"turns":4},{"damage":15,"enemies":"Collector","floor":33,"turns":10},{"damage":15,"enemies":"3 Darklings","floor":35,"turns":3},{"damage":9,"enemies":"Orb Walker","floor":36,"turns":4},{"damage":39,"enemies":"Jaw Worm Horde","floor":39,"turns":3},{"damage":27,"enemies":"Writhing Mass","floor":41,"turns":6},{"damage":9,"enemies":"Sphere and 2 Shapes","floor":45,"turns":4},{"damage":10,"enemies":"Maw","floor":47,"turns":7},{"damage":36,"enemies":"Donu and Deca","floor":50,"turns":9}],"seed_played":"6826007407736612732","potions_obtained":[{"floor":1,"key":"FairyPotion"},{"floor":3,"key":"EssenceOfSteel"},{"floor":16,"key":"GamblersBrew"},{"floor":20,"key":"AttackPotion"},{"floor":24,"key":"Dexterity Potion"},{"floor":33,"key":"SneckoOil"},{"floor":36,"key":"Dexterity Potion"},{"floor":39,"key":"FocusPotion"}],"is_trial":false,"path_per_floor":["M","M","M","?","?","R","E","R","T","E","$","M","R","?","R","B",null,"M","?","M","?","?","R","E","R","T","E","M","R","$","M","R","B",null,"M","M","?","?","M","R","M","R","T","?","M","R","M","$","R","B",null],"character_chosen":"DEFECT","items_purchased":["Sweeping Beam","Heatsinks","Loop","Blood Vial","GamblersBrew","Fire Potion","Happy Flower","Strange Spoon","Cold Snap","GamblersBrew","Lantern"],"campfire_rested":7,"item_purchase_floors":[11,30,30,30,30,30,30,48,48,48,48],"current_hp_per_floor":[77,74,55,55,29,54,32,32,32,6,6,6,6,6,6,2,64,64,64,49,66,66,66,29,54,54,36,36,61,61,63,63,50,76,63,56,56,56,19,44,19,44,44,44,49,74,66,66,85,49],"gold":101,"neow_bonus":"TWENTY_PERCENT_HP_BONUS","is_prod":false,"is_daily":false,"chose_seed":false,"campfire_upgraded":5,"win_rate":0,"timestamp":1555058238,"path_taken":["M","?","M","?","?","R","E","R","T","E","$","M","R","?","R","BOSS","M","?","?","?","?","R","E","R","T","E","?","R","$","M","R","BOSS","M","?","?","?","M","R","M","R","T","?","?","R","M","?","R","BOSS"],"build_version":"2019-01-23","purchased_purges":0,"victory":true,"max_hp_per_floor":[85,85,85,85,85,85,85,85,85,85,85,85,85,85,85,85,85,85,85,85,85,85,85,85,85,85,85,85,85,85,85,85,85,85,85,85,85,85,85,85,85,85,85,85,85,85,85,85,85,85],"card_choices":[{"not_picked":["Darkness","Steam Power"],"picked":"Doom and Gloom","floor":1},{"not_picked":["Steam","Conserve Battery"],"picked":"Coolheaded","floor":2},{"not_picked":["Turbo","Rebound","Beam Cell"],"picked":"SKIP","floor":3},{"not_picked":["Amplify","Gash"],"picked":"Cold Snap","floor":7},{"not_picked":["Sweeping Beam","Blizzard"],"picked":"Biased Cognition","floor":10},{"not_picked":["Conserve Battery","Double Energy"],"picked":"Genetic Algorithm","floor":12},{"not_picked":["Machine Learning","Seek"],"picked":"Echo Form","floor":16},{"not_picked":["Melter+1","Heatsinks"],"picked":"Hologram","floor":18},{"not_picked":["Cold Snap","Streamline"],"picked":"Conserve Battery","floor":20},{"not_picked":["Recycle","Steam"],"picked":"Electrodynamics","floor":24},{"not_picked":["Thunder Strike","Streamline"],"picked":"Redo","floor":27},{"not_picked":["Redo","Scrape","Streamline"],"picked":"SKIP","floor":28},{"not_picked":["Storm","Streamline"],"picked":"FTL+1","floor":31},{"not_picked":["Conserve Battery","Stack"],"picked":"Steam","floor":35},{"not_picked":["Redo","Ball Lightning"],"picked":"Chill","floor":36},{"not_picked":["Panache","Chrysalis"],"picked":"PanicButton","floor":37},{"not_picked":["Barrage","Auto Shields","Sweeping Beam+1"],"picked":"SKIP","floor":39},{"not_picked":["Redo","Darkness+1","Steam Power"],"picked":"SKIP","floor":41},{"not_picked":["Cold Snap","Streamline"],"picked":"Turbo","floor":45},{"not_picked":["Lockon","Beam Cell"],"picked":"BootSequence","floor":47}],"player_experience":1126329,"relics_obtained":[{"floor":7,"key":"Darkstone Periapt"},{"floor":9,"key":"Vajra"},{"floor":10,"key":"Mercury Hourglass"},{"floor":24,"key":"The Courier"},{"floor":26,"key":"Shuriken"},{"floor":27,"key":"Bottled Flame"},{"floor":43,"key":"Meat on the Bone"}],"event_choices":[{"damage_healed":0,"gold_gain":0,"player_choice":"Ignored","damage_taken":0,"max_hp_gain":0,"max_hp_loss":0,"event_name":"Liars Game","floor":4,"gold_loss":0},{"damage_healed":0,"gold_gain":0,"player_choice":"Entered Light","damage_taken":26,"max_hp_gain":0,"max_hp_loss":0,"event_name":"Shining Light","floor":5,"gold_loss":0,"cards_upgraded":["Dualcast","Doom and Gloom"]},{"damage_healed":0,"gold_gain":0,"player_choice":"Searched \u00270\u0027 times","damage_taken":0,"max_hp_gain":0,"max_hp_loss":0,"event_name":"Dead Adventurer","floor":14,"gold_loss":0},{"damage_healed":0,"gold_gain":0,"player_choice":"Trade","damage_taken":0,"relics_obtained":["SsserpentHead"],"max_hp_gain":0,"max_hp_loss":0,"event_name":"FaceTrader","floor":19,"gold_loss":0},{"damage_healed":17,"gold_gain":0,"player_choice":"Heal","damage_taken":0,"max_hp_gain":0,"max_hp_loss":0,"event_name":"The Library","floor":21,"gold_loss":0},{"damage_healed":0,"gold_gain":50,"player_choice":"Pray","damage_taken":0,"max_hp_gain":0,"max_hp_loss":0,"event_name":"Golden Shrine","floor":22,"gold_loss":0},{"damage_healed":0,"gold_gain":0,"player_choice":"Memory 1","damage_taken":0,"max_hp_gain":0,"max_hp_loss":0,"event_name":"SensoryStone","floor":37,"gold_loss":0},{"damage_healed":0,"gold_gain":0,"player_choice":"Ignored","damage_taken":0,"max_hp_gain":0,"max_hp_loss":0,"event_name":"Mysterious Sphere","floor":38,"gold_loss":0},{"cards_removed":["Strike_B"],"damage_healed":0,"gold_gain":0,"player_choice":"Removed Attack","damage_taken":0,"max_hp_gain":0,"max_hp_loss":0,"event_name":"Falling","floor":44,"gold_loss":0}],"is_beta":false,"boss_relics":[{"not_picked":["Pandora\u0027s Box","Inserter"],"picked":"Astrolabe"},{"not_picked":["Orrery","Fusion Hammer"],"picked":"Runic Pyramid"}],"items_purged_floors":[],"is_endless":false,"potions_floor_spawned":[1,3,16,20,24,33,36,39],"ascension_level":17}