{"gold_per_floor":[118,43,58,73,93,93,93,103,103,80,109,109,109,122,122,227,227,243,189,189,189,189,189,139,156,156,174,206,206,206,57,57,161,161,172,72,0,55,155,155,187,198,198,212,227,241,254,270,270,270],"floor_reached":51,"playtime":2723,"items_purged":["Defend_R","Writhe"],"score":869,"play_id":"f716de2c-6a8a-4457-9666-01bcabf26828","local_time":"20190412184252","is_ascension_mode":true,"campfire_choices":[{"data":"Spot Weakness","floor":6.0,"key":"SMITH"},{"data":"Impervious","floor":12.0,"key":"SMITH"},{"data":"Perfected Strike","floor":15.0,"key":"SMITH"},{"data":"Armaments","floor":23.0,"key":"SMITH"},{"data":"Ghostly","floor":32.0,"key":"SMITH"},{"data":"Ghostly","floor":40,"key":"SMITH"},{"data":"Ghostly","floor":49,"key":"SMITH"}],"neow_cost":"NONE","seed_source_timestamp":0,"circlet_count":0,"master_deck":["Strike_R+1","Strike_R","Strike_R","Strike_R","Strike_R+1","Defend_R","Defend_R","Defend_R","Bash","Perfected Strike+1","Spot Weakness+1","Perfected Strike","Perfected Strike","Twin Strike","Perfected Strike+1","Impervious+1","Pommel Strike","Demon Form","True Grit+1","Armaments+1","Pommel Strike+1","Wild Strike+1","Wild Strike+1","Ghostly Armor","Ghostly+1","Ghostly+1","Ghostly+1","Ghostly","Ghostly","Perfected Strike+1","Barricade","Twin Strike+1","Entrench+1","Entrench+1","Double Tap","Havoc+1","Twin Strike+1","Wild Strike+1","Clothesline+1"],"special_seed":0,"relics":["Burning Blood","NeowsBlessing","Juzu Bracelet","Bottled Lightning","Champion Belt","Snecko Eye","Molten Egg 2","Pear","Red Skull","Whetstone","Sozu","Red Mask","Mango","Ginger","Oddly Smooth Stone","Blood Vial"],"potions_floor_usage":[33,33,50],"damage_taken":[{"damage":0.0,"enemies":"Cultist","floor":1.0,"turns":1.0},{"damage":0.0,"enemies":"Jaw Worm","floor":3.0,"turns":1.0},{"damage":0.0,"enemies":"2 Louse","floor":4.0,"turns":1.0},{"damage":12.0,"enemies":"Large Slime","floor":5.0,"turns":5.0},{"damage":17.0,"enemies":"Red Slaver","floor":8.0,"turns":2.0},{"damage":23.0,"enemies":"3 Sentries","floor":11.0,"turns":4.0},{"damage":0.0,"enemies":"2 Fungi Beasts","floor":14.0,"turns":2.0},{"damage":47.0,"enemies":"The Guardian","floor":16.0,"turns":9.0},{"damage":6.0,"enemies":"2 Thieves","floor":18.0,"turns":2.0},{"damage":0.0,"enemies":"Shell Parasite","floor":25.0,"turns":1.0},{"damage":0.0,"enemies":"Shelled Parasite and Fungi","floor":27.0,"turns":2.0},{"damage":25.0,"enemies":"Gremlin Leader","floor":28.0,"turns":4.0},{"damage":44,"enemies":"Collector","floor":33,"turns":6},{"damage":0,"enemies":"Orb Walker","floor":35,"turns":2},{"damage":13,"enemies":"2 Orb Walkers","floor":38,"turns":5},{"damage":0,"enemies":"Mind Bloom Boss Battle","floor":39,"turns":3},{"damage":12,"enemies":"Reptomancer","floor":41,"turns":2},{"damage":4,"enemies":"3 Shapes","floor":42,"turns":2},{"damage":1,"enemies":"Maw","floor":44,"turns":4},{"damage":2,"enemies":"Spire Growth","floor":45,"turns":3},{"damage":1,"enemies":"Jaw Worm Horde","floor":46,"turns":2},{"damage":0,"enemies":"Maw","floor":47,"turns":6},{"damage":0,"enemies":"Spire Growth","floor":48,"turns":2},{"damage":46,"enemies":"Donu and Deca","floor":50,"turns":6}],"seed_played":"3312327130122597404","potions_obtained":[{"floor":4.0,"key":"Strength Potion"},{"floor":11.0,"key":"GamblersBrew"},{"floor":14.0,"key":"Fruit Juice"},{"floor":16.0,"key":"Explosive Potion"},{"floor":27.0,"key":"SpeedPotion"},{"floor":28.0,"key":"Swift Potion"}],"is_trial":false,"path_per_floor":["M","$","M","M","M","R","?","M","T","$","E","R","?","M","R","B",null,"M","$","?","?","?","R","?","M","T","M","E","?","?","$","R","B",null,"M","$","?","?","?","R","E","M","T","M","M","M","M","M","R","B",null],"character_chosen":"IRONCLAD","items_purchased":["Perfected Strike","Armaments","Whetstone"],"campfire_rested":0,"item_purchase_floors":[10,19,31],"current_hp_per_floor":[80,80,80,80,74,74,74,63,63,63,46,46,39,50,50,9,85,85,85,85,85,85,85,85,85,95,95,76,47,47,47,47,9,47,47,47,47,54,60,60,54,56,56,61,61,61,61,61,61,21],"gold":270,"neow_bonus":"THREE_ENEMY_KILL","is_prod":false,"is_daily":false,"chose_seed":false,"campfire_upgraded":7,"win_rate":0,"timestamp":1555058572,"path_taken":["M","?","?","M","M","R","?","M","T","$","E","R","?","M","R","BOSS","M","$","?","?","?","R","?","M","T","M","E","?","?","?","R","BOSS","M","?","?","?","?","R","E","M","T","M","M","M","M","M","R","BOSS"],"build_version":"2019-01-23","purchased_purges":2,"victory":true,"max_hp_per_floor":[80,80,80,80,80,80,80,80,80,80,80,80,80,85,85,85,85,85,85,85,85,85,85,85,85,95,95,95,47,47,47,47,47,47,47,47,47,61,61,61,61,61,61,61,61,61,61,61,61,61],"card_choices":[{"not_picked":["Iron Wave","Armaments"],"picked":"Perfected Strike","floor":1.0},{"not_picked":["Whirlwind","Pommel Strike"],"picked":"Spot Weakness","floor":3.0},{"not_picked":["Body Slam","Havoc"],"picked":"Perfected Strike","floor":4.0},{"not_picked":["Power Through","Havoc"],"picked":"Perfected Strike","floor":5.0},{"not_picked":["Bloodletting","Wild Strike"],"picked":"Twin Strike","floor":8.0},{"not_picked":["Intimidate","Dropkick"],"picked":"Impervious","floor":11.0},{"not_picked":["Sever Soul","Flex"],"picked":"Pommel Strike","floor":14.0},{"not_picked":["Reaper","Brutality"],"picked":"Demon Form","floor":16.0},{"not_picked":["Feel No Pain+1","Warcry"],"picked":"True Grit+1","floor":18.0},{"not_picked":["Anger+1","Combust+1"],"picked":"Wild Strike+1","floor":25.0},{"not_picked":["Body Slam+1","Havoc+1"],"picked":"Wild Strike+1","floor":27.0},{"not_picked":["Metallicize","Entrench"],"picked":"Ghostly Armor","floor":28.0},{"not_picked":["Brutality","Impervious"],"picked":"Barricade","floor":33},{"not_picked":["Sword Boomerang+1","Feel No Pain+1"],"picked":"Twin Strike+1","floor":35},{"not_picked":["Uppercut+1","Headbutt+1"],"picked":"Entrench+1","floor":38},{"not_picked":["Clothesline+1","Wild Strike+1"],"picked":"Entrench+1","floor":39},{"not_picked":["Clothesline+1","Flex"],"picked":"Double Tap","floor":41},{"not_picked":["Twin Strike+1","Flame Barrier"],"picked":"Havoc+1","floor":42},{"not_picked":["True Grit","Clash+1"],"picked":"Twin Strike+1","floor":44},{"not_picked":["Armaments+1","Sword Boomerang+1","Flame Barrier"],"picked":"SKIP","floor":45},{"not_picked":["Cleave+1","Armaments"],"picked":"Wild Strike+1","floor":46},{"not_picked":["Shrug It Off+1","Heavy Blade+1","Sever Soul+1"],"picked":"SKIP","floor":47},{"not_picked":["Offering","Disarm"],"picked":"Clothesline+1","floor":48}],"player_experience":115225,"relics_obtained":[{"floor":9.0,"key":"Bottled Lightning"},{"floor":11.0,"key":"Champion Belt"},{"floor":26.0,"key":"Pear"},{"floor":28.0,"key":"Red Skull"},{"floor":38,"key":"Mango"},{"floor":39,"key":"Ginger"},{"floor":41,"key":"Oddly Smooth Stone"},{"floor":43,"key":"Blood Vial"}],"event_choices":[{"damage_healed":0.0,"max_hp_gain":0.0,"max_hp_loss":0.0,"gold_gain":0.0,"event_name":"Big Fish","player_choice":"Box","floor":7.0,"gold_loss":0.0,"damage_taken":0.0,"relics_obtained":["Juzu Bracelet"],"cards_obtained":["Regret"]},{"cards_removed":["Regret"],"damage_healed":0.0,"max_hp_gain":0.0,"max_hp_loss":0.0,"gold_gain":0.0,"event_name":"Golden Wing","player_choice":"Card Removal","floor":13.0,"gold_loss":0.0,"damage_taken":7.0},{"damage_healed":0.0,"max_hp_gain":0.0,"max_hp_loss":0.0,"gold_gain":0.0,"event_name":"The Mausoleum","player_choice":"Opened","floor":20.0,"gold_loss":0.0,"damage_taken":0.0,"relics_obtained":["Molten Egg 2"],"cards_obtained":["Writhe"]},{"damage_healed":0.0,"max_hp_gain":0.0,"max_hp_loss":0.0,"gold_gain":0.0,"event_name":"Upgrade Shrine","player_choice":"Upgraded","floor":21.0,"gold_loss":0.0,"damage_taken":0.0,"cards_upgraded":["Perfected Strike"]},{"damage_healed":0.0,"max_hp_gain":0.0,"max_hp_loss":0.0,"gold_gain":0.0,"event_name":"The Library","player_choice":"Read","floor":22.0,"gold_loss":0.0,"damage_taken":0.0,"cards_obtained":["Pommel Strike"]},{"damage_healed":0.0,"max_hp_gain":0.0,"max_hp_loss":0.0,"gold_gain":0.0,"event_name":"The Joust","player_choice":"Bet on Murderer","floor":24.0,"gold_loss":50.0,"damage_taken":0.0},{"damage_healed":0.0,"max_hp_gain":0.0,"max_hp_loss":48.0,"gold_gain":0.0,"event_name":"Ghosts","player_choice":"Became a Ghost","floor":29.0,"gold_loss":0.0,"damage_taken":0.0,"cards_obtained":["Ghostly","Ghostly","Ghostly","Ghostly","Ghostly"]},{"damage_healed":0.0,"max_hp_gain":0.0,"max_hp_loss":0.0,"gold_gain":0.0,"event_name":"Duplicator","player_choice":"Copied","floor":30.0,"gold_loss":0.0,"damage_taken":0.0,"cards_obtained":["Perfected Strike"]},{"damage_healed":0,"gold_gain":0,"player_choice":"Paid","damage_taken":0,"relics_obtained":["Red Mask"],"max_hp_gain":0,"max_hp_loss":0,"event_name":"Tomb of Lord Red Mask","floor":37,"gold_loss":72},{"damage_healed":0,"gold_gain":0,"player_choice":"Fight","damage_taken":0,"max_hp_gain":0,"max_hp_loss":0,"event_name":"Mysterious Sphere","floor":38,"gold_loss":0},{"damage_healed":0,"gold_gain":0,"player_choice":"Fight","damage_taken":0,"max_hp_gain":0,"max_hp_loss":0,"event_name":"MindBloom","floor":39,"gold_loss":0}],"is_beta":false,"boss_relics":[{"not_picked":["Runic Pyramid","Ectoplasm"],"picked":"Snecko Eye"},{"not_picked":["Runic Dome","White Beast Statue"],"picked":"Sozu"}],"items_purged_floors":[2,36],"is_endless":false,"potions_floor_spawned":[4,11,14,16,27,28,35,38,39,44,46],"ascension_level":3}