{"gold_per_floor":[113,130,130,140,140,140,167,184,236,236,246,257,283,298,298,375,375,390,402,402,417,367,367,382,45,45,62,62,75,90,100,100,171,171,187,11,23,23,23,23,55,65,65,65,65,96,96,96,96,96],"floor_reached":50,"playtime":5540,"items_purged":["Strike_G"],"score":928,"play_id":"6a5a3078-63f3-499a-a99a-aaafcc1bfe77","local_time":"20190406132758","is_ascension_mode":true,"campfire_choices":[{"data":"Neutralize","floor":6,"key":"SMITH"},{"floor":10,"key":"REST"},{"floor":15,"key":"REST"},{"floor":23,"key":"REST"},{"data":"Bouncing Flask","floor":28,"key":"SMITH"},{"floor":32,"key":"REST"},{"floor":40,"key":"REST"},{"floor":44,"key":"REST"},{"floor":47,"key":"REST"},{"floor":49,"key":"REST"}],"neow_cost":"NONE","seed_source_timestamp":2104009619450707,"circlet_count":0,"master_deck":["AscendersBane","Defend_G","Defend_G","Defend_G","Defend_G","Defend_G","Strike_G","Strike_G","Survivor","Neutralize+1","Quick Slash","Dagger Throw","Cloak And Dagger","Poisoned Stab","Slice","Dagger Throw","Bouncing Flask+1","Backflip","Glass Knife","Deflect","Cloak And Dagger","Backflip","Noxious Fumes","Clumsy","Well Laid Plans+1","Crippling Poison","Wraith Form v2","Footwork","Backflip","Sucker Punch+1","Backflip","Regret","Leg Sweep"],"relics":["Ring of the Serpent","NeowsBlessing","Bottled Flame","Blood Vial","Snake Skull","Shovel","Cursed Key","Toy Ornithopter","Singing Bowl","Pear","Meat on the Bone","Juzu Bracelet"],"potions_floor_usage":[7,11,13,21,27,33,33,35,41,50],"damage_taken":[{"damage":0,"enemies":"Jaw Worm","floor":1,"turns":1},{"damage":0,"enemies":"2 Louse","floor":2,"turns":1},{"damage":0,"enemies":"Cultist","floor":4,"turns":1},{"damage":48,"enemies":"Lagavulin","floor":7,"turns":12},{"damage":0,"enemies":"Looter","floor":8,"turns":4},{"damage":1,"enemies":"3 Louse","floor":11,"turns":6},{"damage":0,"enemies":"2 Fungi Beasts","floor":12,"turns":3},{"damage":19,"enemies":"3 Sentries","floor":13,"turns":9},{"damage":7,"enemies":"Large Slime","floor":14,"turns":6},{"damage":10,"enemies":"Hexaghost","floor":16,"turns":9},{"damage":0,"enemies":"Chosen","floor":18,"turns":4},{"damage":9,"enemies":"Shell Parasite","floor":19,"turns":5},{"damage":27,"enemies":"Cultist and Chosen","floor":21,"turns":7},{"damage":14,"enemies":"Centurion and Healer","floor":24,"turns":8},{"damage":0,"enemies":"Snake Plant","floor":27,"turns":4},{"damage":16,"enemies":"Snecko","floor":29,"turns":4},{"damage":1,"enemies":"Centurion and Healer","floor":30,"turns":6},{"damage":8,"enemies":"Snake Plant","floor":31,"turns":3},{"damage":42,"enemies":"Automaton","floor":33,"turns":13},{"damage":16,"enemies":"3 Darklings","floor":35,"turns":3},{"damage":12,"enemies":"Orb Walker","floor":37,"turns":4},{"damage":48,"enemies":"Reptomancer","floor":41,"turns":9},{"damage":19,"enemies":"Sphere and 2 Shapes","floor":42,"turns":6},{"damage":19,"enemies":"Nemesis","floor":46,"turns":9},{"damage":85,"enemies":"Awakened One","floor":50,"turns":20}],"seed_played":"-1682174012060512525","potions_obtained":[{"floor":2,"key":"Energy Potion"},{"floor":7,"key":"EntropicBrew"},{"floor":8,"key":"Regen Potion"},{"floor":14,"key":"SpeedPotion"},{"floor":24,"key":"Block Potion"},{"floor":29,"key":"FearPotion"},{"floor":30,"key":"Weak Potion"},{"floor":33,"key":"SkillPotion"},{"floor":37,"key":"Fire Potion"}],"is_trial":false,"path_per_floor":["M","M","?","M","T","R","E","M","T","R","M","M","E","M","R","B",null,"M","M","?","M","?","R","M","$","T","M","R","M","M","M","R","B",null,"M","$","M","?","$","R","E","M","T","R","?","E","R","?","R","B"],"character_chosen":"THE_SILENT","items_purchased":["Noxious Fumes","Toy Ornithopter","Footwork","Backflip","GhostInAJar"],"campfire_rested":8,"item_purchase_floors":[25,25,36,36,36],"current_hp_per_floor":[59,59,52,52,52,52,4,6,6,25,41,43,26,21,40,32,58,60,53,53,28,28,47,35,35,35,42,42,30,31,27,48,18,57,50,50,42,42,42,64,33,16,16,41,41,36,61,61,80,0],"gold":96,"neow_bonus":"THREE_ENEMY_KILL","is_prod":false,"is_daily":false,"chose_seed":false,"campfire_upgraded":2,"win_rate":0,"timestamp":1554571678,"path_taken":["M","M","?","M","?","R","E","M","T","R","M","M","E","M","R","BOSS","M","M","?","M","?","R","M","$","T","M","R","M","?","M","R","BOSS","M","$","M","?","$","R","E","M","T","R","?","E","R","?","R","BOSS"],"build_version":"2019-01-23","purchased_purges":1,"victory":false,"max_hp_per_floor":[66,66,66,66,66,66,66,66,66,66,66,66,66,66,66,66,66,66,66,66,66,66,66,66,66,66,66,66,68,68,70,70,70,70,72,72,74,74,74,74,84,84,84,84,84,84,84,80,80,80],"card_choices":[{"not_picked":["Choke","Deadly Poison"],"picked":"Quick Slash","floor":1},{"not_picked":["Sucker Punch","Calculated Gamble","Choke"],"picked":"SKIP","floor":2},{"not_picked":["Slice","Cloak And Dagger"],"picked":"Dagger Throw","floor":4},{"not_picked":["Caltrops","Outmaneuver"],"picked":"Cloak And Dagger","floor":7},{"not_picked":["Cloak And Dagger","Concentrate"],"picked":"Poisoned Stab","floor":8},{"not_picked":["Blur","Well Laid Plans"],"picked":"Slice","floor":11},{"not_picked":["Burst","Distraction"],"picked":"Dagger Throw","floor":12},{"not_picked":["Dodge and Roll","Deadly Poison"],"picked":"Bouncing Flask","floor":13},{"not_picked":["Prepared","Underhanded Strike"],"picked":"Backflip","floor":14},{"not_picked":["Bullet Time","Grand Finale"],"picked":"Glass Knife","floor":16},{"not_picked":["Prepared","Poisoned Stab"],"picked":"Deflect","floor":18},{"not_picked":["Unload","Sucker Punch"],"picked":"Cloak And Dagger","floor":19},{"not_picked":["Setup","Predator","Accuracy"],"picked":"SKIP","floor":21},{"not_picked":["Reflex","Blade Dance"],"picked":"Backflip","floor":24},{"not_picked":["Riddle With Holes","Crippling Poison"],"picked":"Well Laid Plans+1","floor":27},{"not_picked":["Deadly Poison","Poisoned Stab","Deflect"],"picked":"Singing Bowl","floor":29},{"not_picked":["Dash","Flying Knee"],"picked":"Crippling Poison","floor":30},{"not_picked":["Cloak And Dagger","Caltrops","Blade Dance"],"picked":"Singing Bowl","floor":31},{"not_picked":["Die Die Die","Phantasmal Killer"],"picked":"Wraith Form v2","floor":33},{"not_picked":["Dagger Spray","Escape Plan","Underhanded Strike"],"picked":"Singing Bowl","floor":35},{"not_picked":["Reflex","Flying Knee+1","Deadly Poison"],"picked":"Singing Bowl","floor":37},{"not_picked":["Cloak And Dagger","Slice"],"picked":"Sucker Punch+1","floor":41},{"not_picked":["Poisoned Stab","Prepared"],"picked":"Backflip","floor":42},{"not_picked":["Prepared","Concentrate"],"picked":"Leg Sweep","floor":46}],"player_experience":787188,"relics_obtained":[{"floor":5,"key":"Bottled Flame"},{"floor":7,"key":"Blood Vial"},{"floor":9,"key":"Snake Skull"},{"floor":13,"key":"Shovel"},{"floor":26,"key":"Singing Bowl"},{"floor":41,"key":"Pear"},{"floor":43,"key":"Meat on the Bone"},{"floor":46,"key":"Juzu Bracelet"}],"event_choices":[{"cards_removed":["Strike_G"],"damage_healed":0,"gold_gain":0,"player_choice":"Card Removal","damage_taken":7,"max_hp_gain":0,"max_hp_loss":0,"event_name":"Golden Wing","floor":3,"gold_loss":0},{"damage_healed":0,"gold_gain":0,"player_choice":"Ignored","damage_taken":0,"max_hp_gain":0,"max_hp_loss":0,"event_name":"Ghosts","floor":20,"gold_loss":0},{"damage_healed":0,"gold_gain":0,"player_choice":"Bet on Murderer","damage_taken":0,"max_hp_gain":0,"max_hp_loss":0,"event_name":"The Joust","floor":22,"gold_loss":50},{"cards_removed":["Strike_G"],"damage_healed":0,"gold_gain":0,"player_choice":"Removed Attack","damage_taken":0,"max_hp_gain":0,"max_hp_loss":0,"event_name":"Falling","floor":38,"gold_loss":0},{"damage_healed":0,"gold_gain":0,"player_choice":"Ignored","damage_taken":0,"max_hp_gain":0,"max_hp_loss":0,"event_name":"Mysterious Sphere","floor":45,"gold_loss":0},{"damage_healed":0,"gold_gain":0,"player_choice":"Max HP","damage_taken":0,"max_hp_gain":0,"max_hp_loss":4,"event_name":"Winding Halls","floor":48,"gold_loss":0}],"is_beta":false,"boss_relics":[{"not_picked":["Coffee Dripper","HoveringKite"],"picked":"Cursed Key"},{"not_picked":["Orrery","Black Star"],"picked":"Ring of the Serpent"}],"items_purged_floors":[25],"is_endless":false,"potions_floor_spawned":[2,7,8,14,16,18,24,29,30,31,33,37],"killed_by":"Awakened One","ascension_level":15}