{"gold_per_floor":[217,233,243,258,330,330,310,320,347,361,286,298,249,249,249,350,350,367,138,138,138,138,138,154,154,154,167,179,193,261,39,39,136,136,152,162,172,183,194,194,214,21,47,47,57,71,71,86,86,86],"floor_reached":51,"playtime":4477,"items_purged":["Strike_B","Strike_B","Defend_B"],"score":597,"play_id":"2372ace4-3d4f-433f-a309-959a0bdae942","local_time":"20180702205829","is_ascension_mode":false,"campfire_choices":[{"data":"Static Discharge","floor":6.0,"key":"SMITH"},{"data":"Cold Snap","floor":15.0,"key":"SMITH"},{"floor":23.0,"key":"REST"},{"data":"Consume","floor":25.0,"key":"SMITH"},{"floor":32.0,"key":"REST"},{"floor":40.0,"key":"REST"},{"data":"Capacitor","floor":44.0,"key":"SMITH"},{"floor":47.0,"key":"REST"},{"data":"Static Discharge","floor":49.0,"key":"SMITH"}],"neow_cost":"","seed_source_timestamp":12165719132457,"circlet_count":0,"master_deck":["Strike_B","Strike_B","Defend_B","Defend_B","Defend_B","Zap","Dualcast","Cold Snap+1","Stack","Melter","Static Discharge+1","Cold Snap","Loop","Capacitor+1","Ball Lightning","Amplify","Redo","Consume+1","Leap","Skim+1","Redo","Madness","Capacitor","Coolheaded","Go for the Eyes","Static Discharge","Thunder Strike","Stack","Go for the Eyes+1","Static Discharge+1","Conserve Battery+1"],"special_seed":0,"relics":["Cracked Core","Ornamental Fan","Lantern","Orrery","Dream Catcher","Nilry\u0027s Codex","Toolbox","Bottled Lightning","Busted Crown","Lee\u0027s Waffle","Omamori"],"potions_floor_usage":[50,50],"damage_taken":[{"damage":1.0,"enemies":"Cultist","floor":1.0,"turns":3.0},{"damage":4.0,"enemies":"Jaw Worm","floor":2.0,"turns":4.0},{"damage":0.0,"enemies":"Small Slimes","floor":3.0,"turns":3.0},{"damage":7.0,"enemies":"Exordium Wildlife","floor":4.0,"turns":6.0},{"damage":0.0,"enemies":"Large Slime","floor":8.0,"turns":4.0},{"damage":4.0,"enemies":"2 Fungi Beasts","floor":10.0,"turns":3.0},{"damage":1.0,"enemies":"Gremlin Gang","floor":12.0,"turns":3.0},{"damage":41.0,"enemies":"The Guardian","floor":16.0,"turns":9.0},{"damage":15.0,"enemies":"2 Thieves","floor":18.0,"turns":4.0},{"damage":7.0,"enemies":"3 Byrds","floor":24.0,"turns":5.0},{"damage":9.0,"enemies":"Snake Plant","floor":27.0,"turns":3.0},{"damage":14.0,"enemies":"Cultist and Chosen","floor":28.0,"turns":5.0},{"damage":17.0,"enemies":"3 Cultists","floor":29.0,"turns":5.0},{"damage":49.0,"enemies":"Collector","floor":33.0,"turns":9.0},{"damage":20.0,"enemies":"3 Darklings","floor":35.0,"turns":3.0},{"damage":7.0,"enemies":"3 Shapes","floor":36.0,"turns":6.0},{"damage":14.0,"enemies":"Maw","floor":37.0,"turns":7.0},{"damage":12.0,"enemies":"3 Darklings","floor":38.0,"turns":7.0},{"damage":14.0,"enemies":"Sphere and 2 Shapes","floor":39.0,"turns":3.0},{"damage":14.0,"enemies":"Maw","floor":41.0,"turns":8.0},{"damage":0.0,"enemies":"4 Shapes","floor":45.0,"turns":6.0},{"damage":31.0,"enemies":"3 Darklings","floor":46.0,"turns":4.0},{"damage":8.0,"enemies":"Sphere and 2 Shapes","floor":48.0,"turns":5.0},{"damage":59,"enemies":"Awakened One","floor":50,"turns":10}],"seed_played":"-3396727818377774486","potions_obtained":[{"floor":3.0,"key":"Block Potion"},{"floor":4.0,"key":"SkillPotion"},{"floor":7.0,"key":"Poison Potion"},{"floor":8.0,"key":"SteroidPotion"},{"floor":16.0,"key":"Explosive Potion"},{"floor":18.0,"key":"FairyPotion"},{"floor":24.0,"key":"Strength Potion"},{"floor":27.0,"key":"Explosive Potion"},{"floor":35.0,"key":"Fire Potion"},{"floor":39.0,"key":"EntropicBrew"},{"floor":45.0,"key":"LiquidBronze"}],"is_trial":false,"path_per_floor":["M","M","M","M","T","R","?","M","T","M","$","M","$","?","R","B",null,"M","$","?","?","?","R","M","R","T","M","M","M","T","$","R","B",null,"M","M","M","M","M","R","M","$","T","R","M","M","R","M","R","B"],"character_chosen":"DEFECT","items_purchased":["Ball Lightning","Redo","Madness","Block Potion","Weak Potion","Lee\u0027s Waffle"],"campfire_rested":4,"item_purchase_floors":[],"current_hp_per_floor":[74,70,70,63,63,63,63,63,63,59,59,58,58,63,63,22,80,65,65,65,65,49,73,66,66,66,57,43,26,26,26,50,1,80,60,53,39,27,13,37,30,87,87,87,87,56,82,81,81,22],"gold":86,"neow_bonus":"","is_prod":false,"is_daily":false,"chose_seed":false,"campfire_upgraded":5,"win_rate":0.0,"timestamp":1530536309,"path_taken":["M","M","M","M","?","R","?","?","T","M","$","M","$","?","R","BOSS","M","$","?","?","?","R","M","R","T","M","M","?","?","?","R","BOSS","M","M","M","?","M","R","M","$","T","R","M","M","R","?","R","BOSS"],"build_version":"2018-06-28","purchased_purges":3,"victory":true,"max_hp_per_floor":[75,75,75,75,75,75,75,75,75,75,75,75,75,80,80,80,80,80,80,80,80,80,80,80,80,80,80,80,80,80,80,80,80,80,80,80,80,80,80,80,80,87,87,87,87,87,87,87,87,87],"card_choices":[{"not_picked":["Skim","Compile Driver"],"picked":"Cold Snap","floor":1.0},{"not_picked":["Reinforced Body","Heatsinks"],"picked":"Stack","floor":2.0},{"not_picked":["Stack","Fusion"],"picked":"Melter","floor":3.0},{"not_picked":["Ball Lightning","Skim"],"picked":"Static Discharge","floor":4.0},{"not_picked":["Compile Driver","Defragment"],"picked":"Cold Snap","floor":8.0},{"not_picked":["Rebound","Double Energy"],"picked":"Loop","floor":10.0},{"not_picked":["Go for the Eyes","Ball Lightning"],"picked":"Capacitor","floor":12.0},{"not_picked":["Seek","Buffer"],"picked":"Amplify","floor":16.0},{"not_picked":["Stack","Conserve Battery"],"picked":"Redo","floor":17.0},{"not_picked":["Stack","Gash"],"picked":"Consume","floor":17.0},{"not_picked":["Hologram","Loop"],"picked":"Leap","floor":17.0},{"not_picked":["Leap","Steam"],"picked":"Skim+1","floor":18.0},{"not_picked":["Conserve Battery","Glacier"],"picked":"Coolheaded","floor":23.0},{"not_picked":["Undo","Gash"],"picked":"Go for the Eyes","floor":24.0},{"not_picked":["All For One","Stack"],"picked":"Static Discharge","floor":27.0},{"not_picked":["Conserve Battery","White Noise","Static Discharge"],"picked":"SKIP","floor":28.0},{"not_picked":["Gash","Steam Power","Leap"],"picked":"SKIP","floor":29.0},{"not_picked":["Machine Learning","Fission"],"picked":"Thunder Strike","floor":33.0},{"not_picked":["Streamline"],"picked":"SKIP","floor":35.0},{"not_picked":[],"picked":"Stack","floor":36.0},{"not_picked":[],"picked":"Go for the Eyes+1","floor":37.0},{"not_picked":["Go for the Eyes"],"picked":"SKIP","floor":38.0},{"not_picked":[],"picked":"Static Discharge","floor":39.0},{"not_picked":["Reinforced Body"],"picked":"SKIP","floor":41.0},{"not_picked":["Capacitor+1"],"picked":"SKIP","floor":45.0},{"not_picked":["Sweeping Beam"],"picked":"SKIP","floor":46.0},{"not_picked":[],"picked":"Conserve Battery+1","floor":48.0}],"player_experience":42179,"relics_obtained":[{"floor":5.0,"key":"Ornamental Fan"},{"floor":9.0,"key":"Lantern"},{"floor":22.0,"key":"Nilry\u0027s Codex"},{"floor":26.0,"key":"Toolbox"},{"floor":30.0,"key":"Bottled Lightning"},{"floor":43.0,"key":"Omamori"}],"event_choices":[{"event_name":"The Woman in Blue","player_choice":"Bought 1 Potion","floor":7.0,"damage_taken":0.0},{"event_name":"Big Fish","player_choice":"Donut","floor":14.0,"damage_taken":0.0},{"event_name":"Duplicator","player_choice":"One dupe","floor":20.0,"damage_taken":0.0},{"event_name":"The Mausoleum","player_choice":"Yes","floor":21.0,"damage_taken":0.0},{"event_name":"Cursed Tome","player_choice":"Obtained Book","floor":22.0,"damage_taken":0.0}],"boss_relics":[{"not_picked":["Runic Pyramid","White Beast Statue"],"picked":"Orrery"},{"not_picked":["Runic Dome","Lizard Tail"],"picked":"Busted Crown"}],"items_purged_floors":[],"is_endless":false,"potions_floor_spawned":[3,4,8,16,18,24,27,35,39,41,45,46],"ascension_level":0}