{"gold_per_floor":[111,24,24,24,174,209,223,223,223,223,59,59,59,98,98,98],"floor_reached":16,"playtime":341,"items_purged":["Doubt"],"score":258,"play_id":"b79e726a-6168-4564-87fa-0fd1ac107630","local_time":"20190412190108","is_ascension_mode":true,"campfire_choices":[{"data":"Streamline","floor":8,"key":"SMITH"},{"data":"Dualcast","floor":10,"key":"SMITH"},{"data":"Sweeping Beam","floor":12,"key":"SMITH"},{"floor":15,"key":"REST"}],"neow_cost":"NONE","seed_source_timestamp":18764204974226,"circlet_count":0,"master_deck":["AscendersBane","Strike_B","Strike_B","Strike_B","Defend_B","Defend_B","Defend_B","Defend_B","Zap+1","Dualcast+1","Streamline+1","Gash","Cold Snap","Cold Snap","Sweeping Beam+1","Dramatic Entrance","Reinforced Body"],"relics":["Cracked Core","NeowsBlessing","Happy Flower","Golden Idol","Smiling Mask"],"potions_floor_usage":[14,16],"damage_taken":[{"damage":0,"enemies":"2 Louse","floor":1,"turns":1},{"damage":0,"enemies":"Gremlin Nob","floor":6,"turns":1},{"damage":0,"enemies":"Small Slimes","floor":7,"turns":1},{"damage":26,"enemies":"Lagavulin","floor":14,"turns":4},{"damage":45,"enemies":"Hexaghost","floor":16,"turns":11}],"seed_played":"-5478142743194185722","potions_obtained":[{"floor":1,"key":"Poison Potion"},{"floor":7,"key":"Regen Potion"}],"is_trial":false,"path_per_floor":["M","$","?","?","?","E","M","R","T","R","$","R","?","E","R","B"],"character_chosen":"DEFECT","items_purchased":["Gash","Cold Snap","Dramatic Entrance"],"campfire_rested":1,"item_purchase_floors":[2,2,11],"current_hp_per_floor":[64,64,64,57,57,57,57,57,57,57,57,57,33,7,28,0],"gold":98,"neow_bonus":"THREE_ENEMY_KILL","is_prod":false,"is_daily":false,"chose_seed":false,"campfire_upgraded":3,"win_rate":0,"timestamp":1555088468,"path_taken":["M","$","?","?","?","E","?","R","T","R","$","R","?","E","R","BOSS"],"build_version":"2019-04-04","purchased_purges":1,"victory":false,"max_hp_per_floor":[71,71,71,71,71,71,71,71,71,71,71,71,71,71,71,71],"card_choices":[{"not_picked":["Double Energy","Hello World"],"picked":"Streamline","floor":1},{"not_picked":["Turbo","Redo"],"picked":"Cold Snap","floor":6},{"not_picked":["Rebound","Aggregate"],"picked":"Sweeping Beam","floor":7},{"not_picked":["Beam Cell","Thunder Strike"],"picked":"Reinforced Body","floor":14}],"player_experience":1109563,"relics_obtained":[{"floor":6,"key":"Happy Flower"},{"floor":14,"key":"Smiling Mask"}],"event_choices":[{"damage_healed":0,"gold_gain":0,"player_choice":"Grow","damage_taken":0,"max_hp_gain":0,"max_hp_loss":0,"event_name":"Living Wall","floor":3,"gold_loss":0,"cards_upgraded":["Zap"]},{"cards_removed":["Strike_B"],"damage_healed":0,"gold_gain":0,"player_choice":"Card Removal","damage_taken":7,"max_hp_gain":0,"max_hp_loss":0,"event_name":"Golden Wing","floor":4,"gold_loss":0},{"damage_healed":0,"gold_gain":150,"player_choice":"AGREE","damage_taken":0,"max_hp_gain":0,"max_hp_loss":0,"event_name":"Liars Game","floor":5,"gold_loss":0,"cards_obtained":["Doubt"]},{"damage_healed":0,"gold_gain":0,"player_choice":"Take Damage","damage_taken":24,"relics_obtained":["Golden Idol"],"max_hp_gain":0,"max_hp_loss":0,"event_name":"Golden Idol","floor":13,"gold_loss":0}],"is_beta":true,"boss_relics":[],"items_purged_floors":[11],"is_endless":false,"potions_floor_spawned":[1,7],"killed_by":"Hexaghost","ascension_level":20}