{"gold_per_floor":[112,124,143,68,68,103,103,149,173,188,198,232,132,132,132,234,234,248,263,48,59,74,74,135,10,10,10,27,41,41,41],"floor_reached":31,"playtime":4698,"items_purged":["Strike_G","Strike_G","Strike_G"],"score":280,"play_id":"3a10cbf2-8d4b-43ad-945a-346ea42969ff","local_time":"20190321195739","is_ascension_mode":true,"campfire_choices":[{"data":"Noxious Fumes","floor":7.0,"key":"SMITH"},{"data":"Noxious Fumes","floor":15.0,"key":"SMITH"},{"floor":23.0,"key":"REST"}],"neow_cost":"TEN_PERCENT_HP_LOSS","seed_source_timestamp":0,"circlet_count":0,"master_deck":["Defend_G","Defend_G","Defend_G","Strike_G","Strike_G+1","Survivor","Neutralize+1","Noxious Fumes+1","Noxious Fumes+1","Caltrops","Envenom","Noxious Fumes","Footwork","Poisoned Stab+1"],"special_seed":0,"relics":["Ring of the Snake","Pocketwatch","Omamori","Whetstone","Bronze Scales","PreservedInsect","Black Star","Snake Skull","Ancient Tea Set","Tiny Chest","Kunai","Juzu Bracelet"],"potions_floor_usage":[31],"damage_taken":[{"damage":0.0,"enemies":"Cultist","floor":1.0,"turns":4.0},{"damage":0.0,"enemies":"Jaw Worm","floor":2.0,"turns":4.0},{"damage":1.0,"enemies":"2 Louse","floor":3.0,"turns":3.0},{"damage":28.0,"enemies":"Gremlin Nob","floor":6.0,"turns":5.0},{"damage":0.0,"enemies":"Large Slime","floor":10.0,"turns":6.0},{"damage":0.0,"enemies":"Exordium Thugs","floor":11.0,"turns":5.0},{"damage":4.0,"enemies":"3 Sentries","floor":12.0,"turns":6.0},{"damage":16.0,"enemies":"The Guardian","floor":16.0,"turns":9.0},{"damage":15.0,"enemies":"2 Thieves","floor":18.0,"turns":4.0},{"damage":0.0,"enemies":"3 Byrds","floor":19.0,"turns":2.0},{"damage":27.0,"enemies":"Sentry and Sphere","floor":21.0,"turns":6.0},{"damage":2.0,"enemies":"Cultist and Chosen","floor":22.0,"turns":5.0},{"damage":10.0,"enemies":"Book of Stabbing","floor":24.0,"turns":4.0},{"damage":23,"enemies":"Centurion and Healer","floor":28,"turns":6},{"damage":9,"enemies":"Snake Plant","floor":29,"turns":4},{"damage":4,"enemies":"3 Cultists","floor":31,"turns":3}],"seed_played":"3241961131074535859","potions_obtained":[{"floor":2.0,"key":"SkillPotion"},{"floor":6.0,"key":"Weak Potion"},{"floor":11.0,"key":"GamblersBrew"},{"floor":21.0,"key":"AttackPotion"},{"floor":28,"key":"Fire Potion"}],"is_trial":false,"path_per_floor":["M","M","M","$","?","E","R","T","T","M","M","E","$","?","R","B",null,"M","M","$","M","M","R","E","$","T","?","M","M","T","M"],"character_chosen":"THE_SILENT","items_purchased":["Snake Skull","Footwork"],"campfire_rested":1,"item_purchase_floors":[20,20],"current_hp_per_floor":[63,63,62,62,67,39,39,39,39,39,39,35,35,28,28,12,68,53,53,53,26,24,44,34,34,34,34,11,2,2,0],"gold":41,"neow_bonus":"ONE_RARE_RELIC","is_prod":false,"is_daily":false,"chose_seed":false,"campfire_upgraded":2,"win_rate":0,"timestamp":1553216259,"path_taken":["M","M","M","$","?","E","R","?","T","M","M","E","$","?","R","BOSS","M","M","$","M","M","R","E","$","T","?","M","?","?","M"],"build_version":"2019-01-23","purchased_purges":3,"victory":false,"max_hp_per_floor":[63,63,63,63,68,68,68,68,68,68,68,68,68,68,68,68,68,68,68,68,68,68,68,68,68,68,68,68,68,68,68],"card_choices":[{"not_picked":["Acrobatics","Prepared","Flying Knee"],"picked":"SKIP","floor":1.0},{"not_picked":["Prepared","Bane"],"picked":"Noxious Fumes","floor":2.0},{"not_picked":["Skewer","Dagger Throw"],"picked":"Noxious Fumes","floor":3.0},{"not_picked":["Underhanded Strike","Sucker Punch","Cloak And Dagger"],"picked":"SKIP","floor":6.0},{"not_picked":["Reflex","Flying Knee","Prepared"],"picked":"SKIP","floor":10.0},{"not_picked":["Dagger Throw","Outmaneuver","Phantasmal Killer"],"picked":"SKIP","floor":11.0},{"not_picked":["Acrobatics","Calculated Gamble"],"picked":"Caltrops","floor":12.0},{"not_picked":["Glass Knife","After Image"],"picked":"Envenom","floor":16.0},{"not_picked":["Underhanded Strike","Choke"],"picked":"Noxious Fumes","floor":18.0},{"not_picked":["Quick Slash","Skewer+1","Prepared"],"picked":"SKIP","floor":19.0},{"not_picked":["Acrobatics+1","Underhanded Strike"],"picked":"Poisoned Stab+1","floor":21.0},{"not_picked":["Outmaneuver","Heel Hook+1","Poisoned Stab"],"picked":"SKIP","floor":22.0},{"not_picked":["Dodge and Roll","Flying Knee","All Out Attack"],"picked":"SKIP","floor":24.0},{"not_picked":["Prepared","Dagger Spray","Poisoned Stab"],"picked":"SKIP","floor":28},{"not_picked":["Terror","Acrobatics","Predator"],"picked":"SKIP","floor":29}],"player_experience":105261,"relics_obtained":[{"floor":6.0,"key":"Omamori"},{"floor":8.0,"key":"Whetstone"},{"floor":9.0,"key":"Bronze Scales"},{"floor":12.0,"key":"PreservedInsect"},{"floor":24.0,"key":"Ancient Tea Set"},{"floor":24.0,"key":"Tiny Chest"},{"floor":26,"key":"Kunai"},{"floor":30,"key":"Juzu Bracelet"}],"event_choices":[{"damage_healed":0.0,"max_hp_gain":5.0,"max_hp_loss":0.0,"gold_gain":0.0,"event_name":"Big Fish","player_choice":"Donut","floor":5.0,"gold_loss":0.0,"damage_taken":0.0},{"cards_removed":["Defend_G"],"damage_healed":0.0,"max_hp_gain":0.0,"max_hp_loss":0.0,"gold_gain":0.0,"event_name":"Golden Wing","player_choice":"Card Removal","floor":14.0,"gold_loss":0.0,"damage_taken":7.0},{"cards_removed":["Defend_G"],"damage_healed":0,"gold_gain":0,"player_choice":"Purged","damage_taken":0,"max_hp_gain":0,"max_hp_loss":0,"event_name":"Purifier","floor":27,"gold_loss":0}],"is_beta":false,"boss_relics":[{"not_picked":["Philosopher\u0027s Stone","Calling Bell"],"picked":"Black Star"}],"items_purged_floors":[4,13,25],"is_endless":false,"potions_floor_spawned":[2,6,11,21,28],"killed_by":"3 Cultists","ascension_level":1}