{"gold_per_floor":[115,40,55,72,86,112,112,142,169,184,134,154,169,203,203,303,303,313,313,172,189,78,109,109,134,134,146,146,164,176,189,189,285,285,299,299,100,114,130,163,65,65,110,121,121,25,36,53,53,53],"floor_reached":51,"playtime":7794,"items_purged":["Strike_B","Defend_B"],"score":728,"play_id":"0ea8d8af-09e4-4baf-8252-bc04d2adbb6b","local_time":"20190326054946","is_ascension_mode":true,"campfire_choices":[{"data":"Defragment","floor":7.0,"key":"SMITH"},{"data":"Static Discharge","floor":15.0,"key":"SMITH"},{"data":"Consume","floor":24.0,"key":"SMITH"},{"data":"Conserve Battery","floor":28.0,"key":"SMITH"},{"data":"Zap","floor":32.0,"key":"SMITH"},{"floor":42.0,"key":"REST"},{"floor":49,"key":"REST"}],"neow_cost":"NONE","seed_source_timestamp":0,"circlet_count":0,"master_deck":["Zap+1","Dualcast","Defragment+1","Hologram","Coolheaded","Gash","Self Repair","Conserve Battery+1","Coolheaded","Static Discharge+1","Seek+1","Barrage+1","BootSequence","Consume+1","Capacitor","Reprogram+1","Barrage+1","Cold Snap+1","Doom and Gloom","Ball Lightning","Go for the Eyes","Rebound","White Noise+1","Coolheaded+1","Madness","Madness","Gash","BootSequence+1","Bandage Up","Streamline+1","Panacea","Force Field+1","Capacitor"],"special_seed":0,"relics":["Cracked Core","Vajra","Happy Flower","Bag of Preparation","Potion Belt","Inserter","Question Card","Bottled Tornado","Art of War","Pandora\u0027s Box","Strange Spoon","War Paint","Dream Catcher"],"potions_floor_usage":[50,50],"damage_taken":[{"damage":0.0,"enemies":"Cultist","floor":1.0,"turns":4.0},{"damage":7.0,"enemies":"Small Slimes","floor":3.0,"turns":4.0},{"damage":1.0,"enemies":"Jaw Worm","floor":4.0,"turns":4.0},{"damage":3.0,"enemies":"Red Slaver","floor":5.0,"turns":3.0},{"damage":27.0,"enemies":"Lagavulin","floor":6.0,"turns":7.0},{"damage":16.0,"enemies":"3 Sentries","floor":8.0,"turns":7.0},{"damage":0.0,"enemies":"Large Slime","floor":10.0,"turns":4.0},{"damage":1.0,"enemies":"Looter","floor":12.0,"turns":3.0},{"damage":0.0,"enemies":"Exordium Thugs","floor":13.0,"turns":4.0},{"damage":5.0,"enemies":"Lagavulin","floor":14.0,"turns":8.0},{"damage":18.0,"enemies":"Slime Boss","floor":16.0,"turns":10.0},{"damage":9.0,"enemies":"Spheric Guardian","floor":18.0,"turns":5.0},{"damage":14.0,"enemies":"2 Thieves","floor":21.0,"turns":4.0},{"damage":9.0,"enemies":"Book of Stabbing","floor":23.0,"turns":5.0},{"damage":3.0,"enemies":"Gremlin Leader","floor":25.0,"turns":7.0},{"damage":2.0,"enemies":"Shelled Parasite and Fungi","floor":27.0,"turns":5.0},{"damage":0.0,"enemies":"Centurion and Healer","floor":29.0,"turns":8.0},{"damage":15.0,"enemies":"Snake Plant","floor":30.0,"turns":4.0},{"damage":8.0,"enemies":"3 Cultists","floor":31.0,"turns":5.0},{"damage":17.0,"enemies":"Automaton","floor":33.0,"turns":8.0},{"damage":0.0,"enemies":"3 Shapes","floor":35.0,"turns":5.0},{"damage":0.0,"enemies":"Orb Walker","floor":38.0,"turns":3.0},{"damage":28.0,"enemies":"Sphere and 2 Shapes","floor":39.0,"turns":3.0},{"damage":47.0,"enemies":"Nemesis","floor":40.0,"turns":7.0},{"damage":11.0,"enemies":"Jaw Worm Horde","floor":44.0,"turns":4.0},{"damage":6.0,"enemies":"4 Shapes","floor":47.0,"turns":6.0},{"damage":25,"enemies":"Maw","floor":48,"turns":7},{"damage":18,"enemies":"Donu and Deca","floor":50,"turns":9}],"seed_played":"6387154846954323564","potions_obtained":[{"floor":1.0,"key":"Ancient Potion"},{"floor":4.0,"key":"Regen Potion"},{"floor":12.0,"key":"SpeedPotion"},{"floor":13.0,"key":"GamblersBrew"},{"floor":16.0,"key":"EntropicBrew"},{"floor":21.0,"key":"SteroidPotion"},{"floor":23.0,"key":"SkillPotion"},{"floor":30.0,"key":"Block Potion"},{"floor":31.0,"key":"Dexterity Potion"},{"floor":38.0,"key":"Ancient Potion"},{"floor":40.0,"key":"GamblersBrew"},{"floor":44.0,"key":"SneckoOil"},{"floor":45.0,"key":"FocusPotion"},{"floor":45.0,"key":"AttackPotion"},{"floor":48,"key":"SkillPotion"}],"is_trial":false,"path_per_floor":["M","$","M","M","M","E","R","E","T","M","?","M","M","E","R","B",null,"M","?","$","M","$","E","R","E","T","M","R","M","M","M","R","B",null,"M","?","$","M","M","E","$","R","T","M","?","$","M","M","R","B",null],"character_chosen":"DEFECT","items_purchased":["BootSequence","Consume","Capacitor","Strange Spoon","Bandage Up","Panacea"],"campfire_rested":2,"item_purchase_floors":[20,22,22,37,41,46],"current_hp_per_floor":[75,75,68,67,64,52,52,36,36,43,43,49,56,58,58,47,75,66,66,66,59,59,62,62,66,66,71,71,75,67,59,59,49,75,75,66,66,73,52,12,12,34,34,34,34,34,39,29,51,44],"gold":53,"neow_bonus":"REMOVE_CARD","is_prod":false,"is_daily":false,"chose_seed":false,"campfire_upgraded":5,"win_rate":0,"timestamp":1553597386,"path_taken":["M","?","M","M","M","E","R","E","T","?","?","M","M","E","R","BOSS","M","?","$","M","$","E","R","E","T","M","R","M","?","M","R","BOSS","M","?","$","M","M","E","$","R","T","M","?","$","?","M","R","BOSS"],"build_version":"2019-01-23","purchased_purges":2,"victory":true,"max_hp_per_floor":[75,75,75,75,75,75,75,75,75,75,75,75,75,75,75,75,75,75,75,75,75,75,75,75,75,75,75,75,75,75,75,75,75,75,75,75,75,75,75,75,75,75,75,75,75,75,75,75,75,75],"card_choices":[{"not_picked":["Chill","Leap"],"picked":"Defragment","floor":1.0},{"not_picked":["Sweeping Beam","Stack"],"picked":"Hologram","floor":3.0},{"not_picked":["Hologram","Turbo","Compile Driver"],"picked":"SKIP","floor":4.0},{"not_picked":["Barrage","Heatsinks"],"picked":"Coolheaded","floor":5.0},{"not_picked":["Cold Snap","Buffer"],"picked":"Gash","floor":6.0},{"not_picked":["Go for the Eyes","Rebound"],"picked":"Self Repair","floor":8.0},{"not_picked":["Streamline","Cold Snap"],"picked":"Conserve Battery","floor":10.0},{"not_picked":["Sweeping Beam","Hologram","Fission"],"picked":"SKIP","floor":12.0},{"not_picked":["Melter","Redo"],"picked":"Coolheaded","floor":13.0},{"not_picked":["Leap","Rebound"],"picked":"Static Discharge","floor":14.0},{"not_picked":["Fission","Multi-Cast"],"picked":"Seek","floor":16.0},{"not_picked":["Leap","Coolheaded"],"picked":"Barrage","floor":18.0},{"not_picked":["Turbo+1","Leap","Rebound"],"picked":"SKIP","floor":21.0},{"not_picked":["Rebound","Steam"],"picked":"Reprogram+1","floor":23.0},{"not_picked":["Genetic Algorithm","Sweeping Beam","Reprogram"],"picked":"Barrage+1","floor":25.0},{"not_picked":["Undo+1","Go for the Eyes","Stack"],"picked":"Cold Snap+1","floor":27.0},{"not_picked":["Melter","Darkness","Multi-Cast","Steam"],"picked":"SKIP","floor":29.0},{"not_picked":["Compile Driver","Hologram","Redo"],"picked":"Doom and Gloom","floor":30.0},{"not_picked":["Steam Power","Cold Snap","Multi-Cast","Barrage"],"picked":"SKIP","floor":31.0},{"not_picked":["Ball Lightning","Steam+1","Sweeping Beam"],"picked":"Coolheaded+1","floor":35.0},{"not_picked":["Hologram","Barrage","Cold Snap"],"picked":"Gash","floor":38.0},{"not_picked":["Lockon","Beam Cell+1","Redo","Genetic Algorithm+1"],"picked":"SKIP","floor":39.0},{"not_picked":["Barrage+1","Scrape","Gash+1"],"picked":"BootSequence+1","floor":40.0},{"not_picked":["Sweeping Beam+1","Barrage+1","Hologram"],"picked":"Streamline+1","floor":44.0},{"not_picked":["Tempest","Glacier","Coolheaded","Turbo"],"picked":"SKIP","floor":47},{"not_picked":["Leap+1","Rebound","Steam Power"],"picked":"Force Field+1","floor":48},{"not_picked":["Multi-Cast","Steam","Redo"],"picked":"Capacitor","floor":49}],"player_experience":125827,"relics_obtained":[{"floor":6.0,"key":"Vajra"},{"floor":8.0,"key":"Happy Flower"},{"floor":9.0,"key":"Bag of Preparation"},{"floor":14.0,"key":"Potion Belt"},{"floor":23.0,"key":"Question Card"},{"floor":25.0,"key":"Bottled Tornado"},{"floor":26.0,"key":"Art of War"},{"floor":40.0,"key":"War Paint"},{"floor":43.0,"key":"Dream Catcher"}],"event_choices":[{"cards_removed":["Defend_B"],"damage_healed":0.0,"max_hp_gain":0.0,"max_hp_loss":0.0,"gold_gain":0.0,"event_name":"The Cleric","player_choice":"Card Removal","floor":11.0,"gold_loss":50.0,"damage_taken":0.0},{"damage_healed":0.0,"max_hp_gain":0.0,"max_hp_loss":0.0,"gold_gain":0.0,"event_name":"Accursed Blacksmith","player_choice":"Forge","floor":19.0,"gold_loss":0.0,"damage_taken":0.0,"cards_upgraded":["Barrage"]},{"damage_healed":0.0,"max_hp_gain":0.0,"max_hp_loss":0.0,"gold_gain":0.0,"event_name":"Winding Halls","player_choice":"Embrace Madness","floor":36.0,"gold_loss":0.0,"damage_taken":9.0,"cards_obtained":["Madness","Madness"]},{"damage_healed":0.0,"max_hp_gain":0.0,"max_hp_loss":0.0,"gold_gain":0.0,"event_name":"Lab","player_choice":"Got Potions","floor":45.0,"gold_loss":0.0,"damage_taken":0.0}],"is_beta":false,"boss_relics":[{"not_picked":["White Beast Statue","Sozu"],"picked":"Inserter"},{"not_picked":["Coffee Dripper","Black Star"],"picked":"Pandora\u0027s Box"}],"items_purged_floors":[2,20],"is_endless":false,"potions_floor_spawned":[1,4,12,13,16,21,23,30,31,38,40,44,48],"ascension_level":1}