{"gold_per_floor":[113,113,123,103,119,148,148,168,168,168,184,184,213,62,62,62],"floor_reached":16,"playtime":1087,"items_purged":[],"score":220,"play_id":"ff6b63ab-f44e-433e-8bd1-e98e125ea386","local_time":"20190412181101","is_ascension_mode":true,"campfire_choices":[{"data":"Zap","floor":7,"key":"SMITH"},{"data":"Capacitor","floor":10,"key":"SMITH"},{"floor":12,"key":"REST"},{"data":"Buffer","floor":15,"key":"SMITH"}],"neow_cost":"TEN_PERCENT_HP_LOSS","seed_source_timestamp":0,"circlet_count":0,"master_deck":["AscendersBane","Strike_B","Strike_B","Strike_B","Strike_B","Defend_B","Defend_B","Defend_B","Defend_B","Zap+1","Dualcast","Core Surge","Chill","Compile Driver","Steam","Capacitor+1","Gash","Cold Snap","Buffer+1","Glacier","Core Surge"],"special_seed":0,"relics":["Cracked Core","CultistMask","Emotion Chip","Nunchaku","StoneCalendar"],"potions_floor_usage":[6,8,13],"damage_taken":[{"damage":0.0,"enemies":"Jaw Worm","floor":1.0,"turns":3.0},{"damage":0.0,"enemies":"Cultist","floor":3.0,"turns":4.0},{"damage":0.0,"enemies":"2 Louse","floor":5.0,"turns":2.0},{"damage":15,"enemies":"Lagavulin","floor":6,"turns":6},{"damage":18,"enemies":"Exordium Thugs","floor":8,"turns":5},{"damage":11,"enemies":"2 Fungi Beasts","floor":11,"turns":3},{"damage":16,"enemies":"Gremlin Nob","floor":13,"turns":4},{"damage":24,"enemies":"Hexaghost","floor":16,"turns":14}],"seed_played":"-5671828558789455314","potions_obtained":[{"floor":3.0,"key":"Strength Potion"},{"floor":4.0,"key":"Explosive Potion"},{"floor":8,"key":"SmokeBomb"},{"floor":11,"key":"Weak Potion"}],"is_trial":false,"path_per_floor":["M","?","M","?","M","E","R","M","T","R","M","R","E","$","R","B"],"character_chosen":"DEFECT","items_purchased":["Glacier","Core Surge"],"campfire_rested":1,"item_purchase_floors":[14,14],"current_hp_per_floor":[64,64,64,64,64,49,49,31,31,31,20,39,23,23,23,0],"gold":62,"neow_bonus":"THREE_RARE_CARDS","is_prod":false,"is_daily":false,"chose_seed":false,"campfire_upgraded":3,"win_rate":0,"timestamp":1555085461,"path_taken":["M","?","?","?","M","E","R","M","T","R","M","R","E","?","R","BOSS"],"build_version":"2019-04-04","purchased_purges":0,"victory":false,"max_hp_per_floor":[64,64,64,64,64,64,64,64,64,64,64,64,64,64,64,64],"card_choices":[{"not_picked":["Meteor Strike","Echo Form"],"picked":"Core Surge","floor":0.0},{"not_picked":["Cold Snap","Hello World"],"picked":"Chill","floor":1.0},{"not_picked":["Rebound","Streamline"],"picked":"Compile Driver","floor":3.0},{"not_picked":["Fusion","Stack"],"picked":"Steam","floor":5.0},{"not_picked":["Streamline","Doom and Gloom"],"picked":"Capacitor","floor":6},{"not_picked":["Sweeping Beam","Beam Cell"],"picked":"Gash","floor":8},{"not_picked":["Leap","Force Field"],"picked":"Cold Snap","floor":11},{"not_picked":["Compile Driver","Steam Power"],"picked":"Buffer","floor":13}],"player_experience":1108463,"relics_obtained":[{"floor":6,"key":"Emotion Chip"},{"floor":9,"key":"Nunchaku"},{"floor":13,"key":"StoneCalendar"}],"event_choices":[{"damage_healed":0.0,"max_hp_gain":0.0,"max_hp_loss":0.0,"gold_gain":0.0,"event_name":"FaceTrader","player_choice":"Trade","floor":2.0,"gold_loss":0.0,"damage_taken":0.0,"relics_obtained":["CultistMask"]},{"damage_healed":0.0,"max_hp_gain":0.0,"max_hp_loss":0.0,"gold_gain":0.0,"event_name":"The Woman in Blue","player_choice":"Bought 1 Potion","floor":4.0,"gold_loss":0.0,"damage_taken":0.0}],"is_beta":true,"boss_relics":[],"items_purged_floors":[],"is_endless":false,"potions_floor_spawned":[3,8,11],"killed_by":"Hexaghost","ascension_level":20}