{"gold_per_floor":[117,117,8,25,25,57,57,90,137,169,169,169,12,38,38,110,110,125,125,0,17,17,51,68,78,78,109,124,124,80,80,80,154,154,174,185,185,198,198,198,224,234,258,258,47,74,74,74,74,74,74],"floor_reached":51,"playtime":3001,"items_purged":["Strike_B"],"score":1559,"play_id":"bd4ef293-d153-4662-8f64-01f906b05130","local_time":"20190331231013","is_ascension_mode":true,"campfire_choices":[{"data":"Static Discharge","floor":7.0,"key":"SMITH"},{"data":"Creative AI","floor":11.0,"key":"SMITH"},{"floor":15.0,"key":"DIG"},{"floor":32.0,"key":"REST"},{"floor":40.0,"key":"DIG"},{"floor":44.0,"key":"RECALL"},{"floor":49.0,"key":"DIG"}],"neow_cost":"NONE","seed_source_timestamp":0,"circlet_count":0,"master_deck":["AscendersBane","Strike_B","Strike_B","Defend_B","Defend_B","Defend_B+1","Defend_B","Zap","Dualcast","Conserve Battery","Conserve Battery+1","Ball Lightning","Go for the Eyes","Static Discharge+1","Creative AI+1","Coolheaded","Seek","Genetic Algorithm","Gash+1","Gash+1","Go for the Eyes+1","Capacitor+1","Reboot","Ball Lightning+1","Chaos+1","Gash+1","Doom and Gloom+1","Electrodynamics","Glacier+1","Barrage+1"],"special_seed":0,"relics":["Cracked Core","NeowsBlessing","PreservedInsect","Gremlin Horn","Symbiotic Virus","Blood Vial","Shovel","Oddly Smooth Stone","Happy Flower","Molten Egg 2","Gambling Chip","Fusion Hammer","Matryoshka","War Paint","Regal Pillow","Runic Pyramid","Dead Branch","Pear","Dream Catcher","Bag of Marbles","Lee\u0027s Waffle","Letter Opener","The Courier","Ornamental Fan"],"potions_floor_usage":[51],"damage_taken":[{"damage":0.0,"enemies":"Small Slimes","floor":1.0,"turns":1.0},{"damage":0.0,"enemies":"Jaw Worm","floor":4.0,"turns":1.0},{"damage":0.0,"enemies":"3 Sentries","floor":6.0,"turns":2.0},{"damage":11.0,"enemies":"Lagavulin","floor":8.0,"turns":6.0},{"damage":10.0,"enemies":"3 Sentries","floor":10.0,"turns":5.0},{"damage":3.0,"enemies":"Gremlin Nob","floor":14.0,"turns":3.0},{"damage":27.0,"enemies":"The Guardian","floor":16.0,"turns":9.0},{"damage":0.0,"enemies":"Spheric Guardian","floor":18.0,"turns":5.0},{"damage":16.0,"enemies":"Shell Parasite","floor":21.0,"turns":3.0},{"damage":11.0,"enemies":"Book of Stabbing","floor":23.0,"turns":5.0},{"damage":23.0,"enemies":"Snake Plant","floor":24.0,"turns":3.0},{"damage":6.0,"enemies":"Chosen and Byrds","floor":25.0,"turns":4.0},{"damage":18.0,"enemies":"Gremlin Leader","floor":27.0,"turns":3.0},{"damage":23.0,"enemies":"Snecko","floor":28.0,"turns":4.0},{"damage":26.0,"enemies":"Champ","floor":33.0,"turns":14.0},{"damage":11.0,"enemies":"3 Darklings","floor":35.0,"turns":5.0},{"damage":2.0,"enemies":"3 Shapes","floor":36.0,"turns":3.0},{"damage":1.0,"enemies":"Jaw Worm Horde","floor":38.0,"turns":3.0},{"damage":5.0,"enemies":"Giant Head","floor":41.0,"turns":9.0},{"damage":7.0,"enemies":"Spire Growth","floor":42.0,"turns":6.0},{"damage":0.0,"enemies":"Reptomancer","floor":46.0,"turns":4.0},{"damage":43.0,"enemies":"Donu and Deca","floor":50.0,"turns":7.0},{"damage":60,"enemies":"Time Eater","floor":51,"turns":11}],"seed_played":"5107755762442106668","potions_obtained":[{"floor":8.0,"key":"Swift Potion"},{"floor":10.0,"key":"Regen Potion"},{"floor":16.0,"key":"Swift Potion"},{"floor":21.0,"key":"Regen Potion"},{"floor":27.0,"key":"Poison Potion"},{"floor":31.0,"key":"Block Potion"},{"floor":31.0,"key":"Fire Potion"},{"floor":33.0,"key":"Weak Potion"},{"floor":46.0,"key":"GamblersBrew"}],"is_trial":false,"path_per_floor":["M","?","$","M","?","E","R","E","T","E","R","?","$","E","R","B",null,"M","?","$","M","$","E","M","M","T","E","M","$","$","?","R","B",null,"M","M","?","M","$","R","E","M","T","R","$","E","?","T","R","B","B"],"character_chosen":"DEFECT","items_purchased":["Conserve Battery","Ball Lightning","Happy Flower","Gash+1","Doom and Gloom+1","Lee\u0027s Waffle"],"campfire_rested":1,"item_purchase_floors":[3,3,13,20,30,45],"current_hp_per_floor":[64,46,46,46,51,51,51,40,40,32,32,32,32,31,31,6,59,61,61,61,47,47,52,31,41,41,25,4,4,4,4,41,17,61,52,52,52,53,53,53,60,55,55,55,93,93,93,93,93,50,0],"gold":74,"neow_bonus":"THREE_ENEMY_KILL","is_prod":false,"is_daily":false,"chose_seed":false,"campfire_upgraded":2,"win_rate":0,"timestamp":1554066613,"path_taken":["M","?","$","M","?","E","R","E","T","E","R","?","?","E","R","BOSS","M","?","$","M","$","E","M","M","T","E","?","?","$","?","R","BOSS","M","?","?","?","?","R","E","M","T","R","$","E","?","?","R","BOSS","BOSS"],"build_version":"2019-03-15","purchased_purges":1,"victory":false,"max_hp_per_floor":[71,71,71,71,76,76,76,76,76,76,76,76,76,76,76,76,76,76,76,76,76,76,76,76,76,76,76,76,76,76,76,76,76,76,76,76,76,76,76,76,86,86,86,86,93,93,93,93,93,93,93],"card_choices":[{"not_picked":["Storm","Turbo"],"picked":"Conserve Battery","floor":1.0},{"not_picked":["Hologram","Blizzard"],"picked":"Go for the Eyes","floor":4.0},{"not_picked":["Beam Cell","Fusion"],"picked":"Static Discharge","floor":6.0},{"not_picked":["Consume","Coolheaded"],"picked":"Creative AI","floor":8.0},{"not_picked":["Tempest","Barrage"],"picked":"Coolheaded","floor":10.0},{"not_picked":["Steam","Conserve Battery","Coolheaded"],"picked":"SKIP","floor":14.0},{"not_picked":["Steam","Conserve Battery","Coolheaded"],"picked":"SKIP","floor":14.0},{"not_picked":["Multi-Cast","Machine Learning"],"picked":"Seek","floor":16.0},{"not_picked":["Auto Shields","Stack"],"picked":"Genetic Algorithm","floor":18.0},{"not_picked":["Rebound+1","Streamline+1"],"picked":"Go for the Eyes+1","floor":21.0},{"not_picked":["Beam Cell+1","Steam"],"picked":"Capacitor+1","floor":23.0},{"not_picked":["Streamline+1","Barrage+1"],"picked":"Reboot","floor":24.0},{"not_picked":["Storm","White Noise"],"picked":"Ball Lightning+1","floor":25.0},{"not_picked":["Rebound+1","Beam Cell+1"],"picked":"Chaos+1","floor":27.0},{"not_picked":["Redo","Go for the Eyes+1"],"picked":"Gash+1","floor":28.0},{"not_picked":["Buffer","Thunder Strike+1"],"picked":"Electrodynamics","floor":33.0},{"not_picked":["Hologram","Cold Snap+1","Sweeping Beam+1"],"picked":"SKIP","floor":35.0},{"not_picked":["Stack","Ball Lightning+1"],"picked":"Glacier+1","floor":36.0},{"not_picked":["Steam","Streamline+1","Rebound+1"],"picked":"SKIP","floor":38.0},{"not_picked":["Fusion+1","Tempest"],"picked":"Creative AI","floor":41.0},{"not_picked":["Force Field","Stack","Barrage+1"],"picked":"SKIP","floor":42.0},{"not_picked":["Compile Driver+1","Leap","Go for the Eyes+1"],"picked":"SKIP","floor":46.0}],"player_experience":1042389,"relics_obtained":[{"floor":6.0,"key":"Gremlin Horn"},{"floor":8.0,"key":"Symbiotic Virus"},{"floor":9.0,"key":"Blood Vial"},{"floor":10.0,"key":"Shovel"},{"floor":14.0,"key":"Molten Egg 2"},{"floor":15.0,"key":"Gambling Chip"},{"floor":23.0,"key":"Matryoshka"},{"floor":26.0,"key":"War Paint"},{"floor":27.0,"key":"Regal Pillow"},{"floor":40.0,"key":"Dead Branch"},{"floor":41.0,"key":"Pear"},{"floor":43.0,"key":"Dream Catcher"},{"floor":43.0,"key":"Bag of Marbles"},{"floor":46.0,"key":"Letter Opener"},{"floor":48.0,"key":"The Courier"},{"floor":49.0,"key":"Ornamental Fan"}],"event_choices":[{"damage_healed":0.0,"max_hp_gain":0.0,"max_hp_loss":0.0,"gold_gain":0.0,"event_name":"Scrap Ooze","player_choice":"Success","floor":2.0,"gold_loss":0.0,"damage_taken":18.0,"relics_obtained":["PreservedInsect"]},{"damage_healed":0.0,"max_hp_gain":5.0,"max_hp_loss":0.0,"gold_gain":0.0,"event_name":"Big Fish","player_choice":"Donut","floor":5.0,"gold_loss":0.0,"damage_taken":0.0},{"damage_healed":0.0,"max_hp_gain":0.0,"max_hp_loss":0.0,"gold_gain":0.0,"event_name":"Dead Adventurer","player_choice":"Searched \u00271\u0027 times","floor":12.0,"gold_loss":0.0,"damage_taken":0.0,"relics_obtained":["Oddly Smooth Stone"]},{"damage_healed":0.0,"max_hp_gain":0.0,"max_hp_loss":0.0,"gold_gain":0.0,"event_name":"Match and Keep!","player_choice":"1 cards matched","floor":19.0,"gold_loss":0.0,"damage_taken":0.0,"cards_obtained":["Gash"]},{"damage_healed":0.0,"max_hp_gain":0.0,"max_hp_loss":0.0,"gold_gain":0.0,"event_name":"Lab","player_choice":"Got Potions","floor":31.0,"gold_loss":0.0,"damage_taken":0.0},{"damage_healed":0.0,"max_hp_gain":0.0,"max_hp_loss":0.0,"gold_gain":0.0,"cards_transformed":["Strike_B"],"event_name":"Transmorgrifier","player_choice":"Transformed","floor":37.0,"gold_loss":0.0,"damage_taken":0.0,"cards_obtained":["Barrage"]},{"cards_removed":["Creative AI"],"damage_healed":0.0,"max_hp_gain":0.0,"max_hp_loss":0.0,"gold_gain":0.0,"event_name":"Falling","player_choice":"Removed Power","floor":47.0,"gold_loss":0.0,"damage_taken":0.0}],"is_beta":true,"boss_relics":[{"not_picked":["Eternal Feather","Runic Dome"],"picked":"Fusion Hammer"},{"not_picked":["Empty Cage","Calling Bell"],"picked":"Runic Pyramid"}],"items_purged_floors":[20],"is_endless":false,"potions_floor_spawned":[8,10,16,21,27,33,35,36,46],"killed_by":"Time Eater","ascension_level":20}