{"gold_per_floor":[110,110,125,125,125,125,152,180,207,207,237,250,262,322,322,322],"floor_reached":16,"playtime":459,"items_purged":[],"score":286,"play_id":"66f8b350-8d0a-4d04-b3d5-3ef5d8ea9fa4","local_time":"20190402033409","is_ascension_mode":true,"campfire_choices":[{"data":"Zap","floor":6.0,"key":"SMITH"},{"data":"Creative AI","floor":10.0,"key":"SMITH"},{"data":"Genetic Algorithm","floor":15.0,"key":"SMITH"}],"neow_cost":"NONE","seed_source_timestamp":33687166043272,"circlet_count":0,"master_deck":["AscendersBane","Strike_B","Strike_B","Strike_B","Strike_B","Defend_B","Defend_B","Defend_B","Defend_B","Zap+1","Dualcast","Conserve Battery+1","Cold Snap","Rainbow+1","Creative AI+1","Steam","Genetic Algorithm+1","Steam"],"special_seed":0,"relics":["Cracked Core","NeowsBlessing","WingedGreaves","Bottled Flame","Boot","War Paint","Strawberry","Vajra"],"potions_floor_usage":[],"damage_taken":[{"damage":0.0,"enemies":"Cultist","floor":1.0,"turns":1.0},{"damage":0.0,"enemies":"2 Louse","floor":3.0,"turns":1.0},{"damage":0.0,"enemies":"Lagavulin","floor":7.0,"turns":1.0},{"damage":18.0,"enemies":"3 Sentries","floor":8.0,"turns":6.0},{"damage":6.0,"enemies":"Lagavulin","floor":11.0,"turns":8.0},{"damage":1.0,"enemies":"Small Slimes","floor":12.0,"turns":3.0},{"damage":10.0,"enemies":"Red Slaver","floor":13.0,"turns":4.0},{"damage":17.0,"enemies":"Lagavulin Event","floor":14.0,"turns":6.0},{"damage":19,"enemies":"The Guardian","floor":16,"turns":2}],"seed_played":"-6006870015220396012","potions_obtained":[{"floor":3.0,"key":"SkillPotion"},{"floor":7.0,"key":"Dexterity Potion"},{"floor":12.0,"key":"Ancient Potion"}],"is_trial":false,"path_per_floor":["M","$","M","T","$","R","E","E","T","R","E","M","M","?","R","B"],"character_chosen":"DEFECT","items_purchased":[],"campfire_rested":0,"item_purchase_floors":[],"current_hp_per_floor":[64,64,64,64,64,64,64,46,46,46,47,46,36,19,19,0],"gold":322,"neow_bonus":"THREE_ENEMY_KILL","is_prod":false,"is_daily":false,"chose_seed":false,"campfire_upgraded":3,"win_rate":0,"timestamp":1554168849,"path_taken":["M","$","M","?","$","R","E","E","T","R","E","M","M","?","R","BOSS"],"build_version":"2019-03-15","purchased_purges":0,"victory":false,"max_hp_per_floor":[71,71,71,71,71,71,71,71,71,71,78,78,78,78,78,78],"card_choices":[{"not_picked":["Steam","Sweeping Beam"],"picked":"Conserve Battery","floor":1.0},{"not_picked":["Coolheaded","Streamline"],"picked":"Cold Snap","floor":3.0},{"not_picked":["Rip and Tear","Sweeping Beam"],"picked":"Rainbow","floor":7.0},{"not_picked":["Genetic Algorithm","Rip and Tear"],"picked":"Creative AI","floor":8.0},{"not_picked":["Double Energy","Recycle"],"picked":"Steam","floor":11.0},{"not_picked":["Redo","Turbo"],"picked":"Genetic Algorithm","floor":12.0},{"not_picked":["Scrape","Gash"],"picked":"Steam","floor":13.0}],"player_experience":1052220,"relics_obtained":[{"floor":4.0,"key":"WingedGreaves"},{"floor":7.0,"key":"Bottled Flame"},{"floor":8.0,"key":"Boot"},{"floor":9.0,"key":"War Paint"},{"floor":11.0,"key":"Strawberry"},{"floor":14.0,"key":"Vajra"}],"event_choices":[{"damage_healed":0.0,"max_hp_gain":0.0,"max_hp_loss":0.0,"gold_gain":0.0,"event_name":"Dead Adventurer","player_choice":"Searched \u00271\u0027 times","floor":14.0,"gold_loss":0.0,"damage_taken":0.0}],"is_beta":true,"boss_relics":[],"items_purged_floors":[],"is_endless":false,"potions_floor_spawned":[3,7,12],"killed_by":"The Guardian","ascension_level":20}