{"path_per_floor":["M","M","?","?","$","E","M","M","T","M","R","M","R","?","R","B",null,"M","?","?","$","?","R","?","R","T","M","M","R","M","M","R"],"character_chosen":"THE_SILENT","items_purchased":["Noxious Fumes","Noxious Fumes","Mummified Hand","Bag of Marbles"],"gold_per_floor":[115,126,126,126,59,90,110,124,175,189,189,200,200,275,275,380,380,393,393,492,53,53,53,53,53,107,118,132,132,150,169,169,169],"floor_reached":33,"campfire_rested":7,"playtime":827,"item_purchase_floors":[5,21,21,21],"current_hp_per_floor":[63,63,49,49,49,49,47,18,18,10,31,28,49,38,59,11,55,33,33,33,33,33,54,54,70,70,58,32,53,31,5,26,0],"items_purged":["Writhe"],"gold":169,"score":381,"play_id":"265f270a-a50b-424f-aa10-be902f0756b2","local_time":"20180617232703","is_prod":false,"is_daily":false,"chose_seed":false,"is_ascension_mode":true,"campfire_upgraded":0,"win_rate":0,"timestamp":1529270823,"campfire_choices":[{"floor":11,"key":"REST"},{"floor":13,"key":"REST"},{"floor":15,"key":"REST"},{"floor":23,"key":"REST"},{"floor":25,"key":"REST"},{"floor":29,"key":"REST"},{"floor":32,"key":"REST"}],"path_taken":["M","M","?","?","?","E","M","M","T","M","R","M","R","?","R","BOSS","M","?","?","$","?","R","?","R","T","M","?","R","M","M","R","BOSS"],"build_version":"2018-06-14v2","seed_source_timestamp":315888699784550,"purchased_purges":1,"victory":false,"master_deck":["Defend_G","Defend_G","Defend_G","Defend_G","Defend_G","Strike_G+1","Strike_G+1","Strike_G+1","Strike_G+1","Strike_G","Survivor","Neutralize","Noxious Fumes","Deadly Poison","Noxious Fumes","Blur","Noxious Fumes","Malaise"],"max_hp_per_floor":[70,70,70,70,70,70,70,70,70,70,70,70,70,70,70,70,70,70,70,70,70,70,70,70,70,70,70,70,70,70,70,70,70],"relics":["Ring of the Snake","NeowsBlessing","The Courier","Whetstone","Fusion Hammer","Orichalcum","Mummified Hand","Bag of Marbles","Tiny Chest"],"card_choices":[{"not_picked":["Deflect","Acrobatics","All Out Attack"],"picked":"SKIP","floor":1},{"not_picked":["Choke","Slice","Distraction"],"picked":"SKIP","floor":2},{"not_picked":["Calculated Gamble","Setup"],"picked":"Deadly Poison","floor":6},{"not_picked":["Sucker Punch","Slice"],"picked":"Noxious Fumes","floor":7},{"not_picked":["Bane","Blade Dance","Choke"],"picked":"SKIP","floor":8},{"not_picked":["Underhanded Strike","Concentrate","Cloak And Dagger"],"picked":"SKIP","floor":10},{"not_picked":["Escape Plan","Dash"],"picked":"Blur","floor":12},{"not_picked":["Accuracy","Well Laid Plans","Riddle With Holes"],"picked":"SKIP","floor":18},{"not_picked":["Outmaneuver","Masterful Stab","Flying Knee"],"picked":"SKIP","floor":27},{"not_picked":["Cloak And Dagger","Setup","Quick Slash"],"picked":"SKIP","floor":28},{"not_picked":["Deflect+1","Reflex+1","Riddle With Holes"],"picked":"SKIP","floor":30},{"not_picked":["Acrobatics","Sucker Punch"],"picked":"Malaise","floor":31}],"player_experience":288554,"potions_floor_usage":[18,18,31,31,31,33],"damage_taken":[{"damage":0,"enemies":"2 Louse","floor":1,"turns":1},{"damage":0,"enemies":"Small Slimes","floor":2,"turns":1},{"damage":0,"enemies":"3 Sentries","floor":6,"turns":2},{"damage":2,"enemies":"Jaw Worm","floor":7,"turns":4},{"damage":29,"enemies":"Gremlin Gang","floor":8,"turns":4},{"damage":8,"enemies":"Blue Slaver","floor":10,"turns":4},{"damage":3,"enemies":"Exordium Wildlife","floor":12,"turns":4},{"damage":48,"enemies":"Hexaghost","floor":16,"turns":10},{"damage":22,"enemies":"2 Thieves","floor":18,"turns":5},{"damage":12,"enemies":"3 Byrds","floor":27,"turns":4},{"damage":26,"enemies":"3 Cultists","floor":28,"turns":6},{"damage":22,"enemies":"Snake Plant","floor":30,"turns":4},{"damage":26,"enemies":"Chosen and Byrds","floor":31,"turns":6},{"damage":35,"enemies":"Automaton","floor":33,"turns":6}],"relics_obtained":[{"floor":6,"key":"The Courier"},{"floor":9,"key":"Whetstone"},{"floor":26,"key":"Tiny Chest"}],"event_choices":[{"event_name":"Shining Light","player_choice":"Entered Light","floor":3,"damage_taken":0},{"event_name":"The Lab","player_choice":"Got Potions","floor":4,"damage_taken":0},{"event_name":"World of Goop","player_choice":"Gather Gold","floor":14,"damage_taken":0},{"event_name":"The Mausoleum","player_choice":"Yes","floor":19,"damage_taken":0},{"event_name":"Nest","player_choice":"Stole From Cult","floor":20,"damage_taken":0},{"event_name":"Ghosts","player_choice":"Ignored","floor":22,"damage_taken":0},{"event_name":"Drug Dealer","player_choice":"Ignored","floor":24,"damage_taken":0}],"boss_relics":[{"not_picked":["White Beast Statue","Lizard Tail"],"picked":"Fusion Hammer"}],"items_purged_floors":[21],"is_endless":false,"potions_floor_spawned":[6,8,12,30,31],"seed_played":"-7420037692961896799","killed_by":"Automaton","ascension_level":8,"potions_obtained":[{"floor":4,"key":"PowerPotion"},{"floor":4,"key":"SneckoOil"},{"floor":4,"key":"AttackPotion"},{"floor":6,"key":"SkillPotion"},{"floor":30,"key":"Block Potion"},{"floor":31,"key":"SpeedPotion"}],"is_trial":false}