{"gold_per_floor":[113,113,188,188,188,188,213,213,263,297,313,313,110,120,120,215,215,230,248,262,262,34,67,67,100,100,100,125,125,125,139,139,234,234,254,354,354,366,24,24,38,48,48,48,48,48,58,84,84,84,84,84,6,6],"floor_reached":54,"playtime":5450,"items_purged":["Defend_B","Strike_B"],"score":979,"play_id":"ee81b446-5eef-452d-9f26-27ba47aab337","local_time":"20190411220140","is_ascension_mode":true,"campfire_choices":[{"data":"Capacitor","floor":6.0,"key":"SMITH"},{"floor":8.0,"key":"REST"},{"floor":12.0,"key":"REST"},{"data":"Ball Lightning","floor":15.0,"key":"SMITH"},{"data":"Sunder","floor":24.0,"key":"SMITH"},{"floor":27.0,"key":"REST"},{"floor":32.0,"key":"REST"},{"data":"Self Repair","floor":40.0,"key":"SMITH"},{"floor":44.0,"key":"RECALL"},{"floor":49.0,"key":"REST"},{"data":"Apotheosis","floor":52,"key":"SMITH"}],"neow_cost":"NONE","seed_source_timestamp":0,"circlet_count":0,"master_deck":["Strike_B","Defend_B+1","Defend_B+1","Defend_B","Zap+1","Dualcast","Capacitor+1","BootSequence","Stack","BootSequence","Self Repair+1","Sweeping Beam","Ball Lightning+1","Electrodynamics","Coolheaded","Ball Lightning+1","Sunder+1","Coolheaded","Apotheosis+1","Hologram","Defragment+1","Consume+1","Defragment+1","Cold Snap","Creative AI+1","Echo Form+1","Conserve Battery+1","Compile Driver+1","Defragment+1","Glacier","Madness","Madness","Go for the Eyes+1","Echo Form+1","Reinforced Body"],"special_seed":0,"relics":["Cracked Core","Gremlin Horn","Bag of Marbles","Velvet Choker","Frozen Egg 2","Vajra","Regal Pillow","Orichalcum","Inserter","Unceasing Top","DollysMirror","Boot","Centennial Puzzle"],"potions_floor_usage":[],"damage_taken":[{"damage":0.0,"enemies":"Small Slimes","floor":1.0,"turns":2.0},{"damage":13.0,"enemies":"Gremlin Nob","floor":7.0,"turns":4.0},{"damage":32.0,"enemies":"3 Sentries","floor":10.0,"turns":12.0},{"damage":0.0,"enemies":"2 Louse","floor":11.0,"turns":2.0},{"damage":0.0,"enemies":"Jaw Worm","floor":14.0,"turns":2.0},{"damage":38.0,"enemies":"Hexaghost","floor":16.0,"turns":10.0},{"damage":12.0,"enemies":"Chosen","floor":18.0,"turns":5.0},{"damage":14.0,"enemies":"Spheric Guardian","floor":19.0,"turns":5.0},{"damage":4.0,"enemies":"Centurion and Healer","floor":20.0,"turns":6.0},{"damage":22.0,"enemies":"Slavers","floor":23.0,"turns":4.0},{"damage":43.0,"enemies":"Gremlin Leader","floor":25.0,"turns":6.0},{"damage":23.0,"enemies":"Book of Stabbing","floor":28.0,"turns":6.0},{"damage":0.0,"enemies":"Chosen and Byrds","floor":31.0,"turns":3.0},{"damage":38.0,"enemies":"Automaton","floor":33.0,"turns":9.0},{"damage":14.0,"enemies":"3 Shapes","floor":35.0,"turns":4.0},{"damage":4.0,"enemies":"Mind Bloom Boss Battle","floor":36.0,"turns":7.0},{"damage":23.0,"enemies":"3 Darklings","floor":38.0,"turns":5.0},{"damage":13.0,"enemies":"Maw","floor":41.0,"turns":8.0},{"damage":7.0,"enemies":"4 Shapes","floor":42.0,"turns":6.0},{"damage":0.0,"enemies":"Reptomancer","floor":45.0,"turns":1.0},{"damage":21.0,"enemies":"Spire Growth","floor":47.0,"turns":8.0},{"damage":16.0,"enemies":"Nemesis","floor":48.0,"turns":9.0},{"damage":26.0,"enemies":"Donu and Deca","floor":50.0,"turns":7.0},{"damage":90,"enemies":"Shield and Spear","floor":54,"turns":6}],"seed_played":"-4373570801644998780","potions_obtained":[{"floor":0.0,"key":"Dexterity Potion"},{"floor":0.0,"key":"Poison Potion"},{"floor":0.0,"key":"Fruit Juice"},{"floor":1.0,"key":"Block Potion"},{"floor":10.0,"key":"FocusPotion"},{"floor":11.0,"key":"Ancient Potion"},{"floor":20.0,"key":"Explosive Potion"},{"floor":23.0,"key":"PowerPotion"},{"floor":33.0,"key":"Weak Potion"},{"floor":38.0,"key":"SmokeBomb"},{"floor":47.0,"key":"Ancient Potion"}],"is_trial":false,"path_per_floor":["M","?","?","?","?","R","E","R","T","E","M","R","$","M","R","B",null,"M","M","M","?","$","E","R","E","T","R","E","?","?","M","R","B",null,"M","?","?","M","$","R","M","M","T","R","E","?","M","E","R","B",null,"R","$","E"],"character_chosen":"DEFECT","items_purchased":["Self Repair","Sweeping Beam","Apotheosis","Hologram","DollysMirror","Glacier","Reinforced Body"],"campfire_rested":5,"item_purchase_floors":[13,13,22,22,39,39,53],"current_hp_per_floor":[73,73,62,46,46,46,33,57,57,25,25,49,49,49,49,18,65,60,53,56,56,56,44,44,11,11,50,37,37,22,22,62,31,72,58,61,61,52,52,52,59,72,72,72,72,61,60,54,85,59,79,79,79,0],"gold":6,"neow_bonus":"THREE_SMALL_POTIONS","is_prod":false,"is_daily":false,"chose_seed":false,"campfire_upgraded":5,"win_rate":0,"timestamp":1555038100,"path_taken":["M","?","?","?","?","R","E","R","T","E","M","R","$","M","R","BOSS","M","M","M","?","$","E","R","E","T","R","E","?","?","M","R","BOSS","M","?","?","M","$","R","?","M","T","R","E","?","M","E","R","BOSS","R","$","E"],"build_version":"2019-01-23","purchased_purges":2,"victory":false,"max_hp_per_floor":[80,80,80,80,80,80,80,80,80,80,80,80,80,80,80,80,80,80,80,80,80,80,80,80,80,80,80,80,80,85,85,85,85,85,85,85,85,85,85,85,85,85,85,85,85,85,85,85,85,85,85,85,85,85],"card_choices":[{"not_picked":["Storm","Auto Shields"],"picked":"Capacitor","floor":1.0},{"not_picked":["Barrage","Turbo"],"picked":"BootSequence","floor":7.0},{"not_picked":["Melter","Force Field"],"picked":"Stack","floor":10.0},{"not_picked":["Steam","Scrape"],"picked":"BootSequence","floor":11.0},{"not_picked":["Storm","Conserve Battery"],"picked":"Ball Lightning","floor":14.0},{"not_picked":["Multi-Cast","Thunder Strike"],"picked":"Electrodynamics","floor":16.0},{"not_picked":["Go for the Eyes","Fusion+1"],"picked":"Coolheaded","floor":18.0},{"not_picked":["Melter","Auto Shields+1"],"picked":"Ball Lightning+1","floor":19.0},{"not_picked":["Barrage","Fusion"],"picked":"Sunder","floor":20.0},{"not_picked":["Sweeping Beam","Hologram+1"],"picked":"Defragment+1","floor":23.0},{"not_picked":["Force Field","Redo"],"picked":"Consume","floor":25.0},{"not_picked":["Go for the Eyes","Meteor Strike"],"picked":"Defragment+1","floor":28.0},{"not_picked":["Barrage+1","Sweeping Beam","Heatsinks+1"],"picked":"SKIP","floor":31.0},{"not_picked":["Reboot","Thunder Strike"],"picked":"Echo Form+1","floor":33.0},{"not_picked":["Coolheaded","Steam"],"picked":"Conserve Battery+1","floor":35.0},{"not_picked":["Ball Lightning+1","Turbo+1"],"picked":"Compile Driver+1","floor":38.0},{"not_picked":["Gash+1","Steam+1","Compile Driver"],"picked":"SKIP","floor":41.0},{"not_picked":["Hologram+1","Auto Shields","FTL"],"picked":"SKIP","floor":42.0},{"not_picked":["Fusion","Barrage+1"],"picked":"Go for the Eyes+1","floor":47.0},{"not_picked":["Gash+1","BootSequence"],"picked":"Echo Form+1","floor":48.0}],"player_experience":267463,"relics_obtained":[{"floor":7.0,"key":"Gremlin Horn"},{"floor":10.0,"key":"Bag of Marbles"},{"floor":23.0,"key":"Frozen Egg 2"},{"floor":25.0,"key":"Vajra"},{"floor":26.0,"key":"Regal Pillow"},{"floor":28.0,"key":"Orichalcum"},{"floor":36.0,"key":"Unceasing Top"},{"floor":43.0,"key":"Boot"},{"floor":48.0,"key":"Centennial Puzzle"}],"event_choices":[{"damage_healed":0.0,"max_hp_gain":0.0,"max_hp_loss":0.0,"gold_gain":0.0,"event_name":"Living Wall","player_choice":"Grow","floor":2.0,"gold_loss":0.0,"damage_taken":0.0,"cards_upgraded":["Zap"]},{"damage_healed":0.0,"max_hp_gain":0.0,"max_hp_loss":0.0,"gold_gain":75.0,"event_name":"World of Goop","player_choice":"Gather Gold","floor":3.0,"gold_loss":0.0,"damage_taken":11.0},{"damage_healed":0.0,"max_hp_gain":0.0,"max_hp_loss":0.0,"gold_gain":0.0,"event_name":"Shining Light","player_choice":"Entered Light","floor":4.0,"gold_loss":0.0,"damage_taken":16.0,"cards_upgraded":["Defend_B","Defend_B"]},{"damage_healed":0.0,"max_hp_gain":0.0,"max_hp_loss":0.0,"gold_gain":0.0,"event_name":"Scrap Ooze","player_choice":"Fled","floor":5.0,"gold_loss":0.0,"damage_taken":0.0},{"damage_healed":0.0,"max_hp_gain":0.0,"max_hp_loss":0.0,"gold_gain":0.0,"event_name":"The Library","player_choice":"Read","floor":21.0,"gold_loss":0.0,"damage_taken":0.0,"cards_obtained":["Coolheaded"]},{"damage_healed":0.0,"max_hp_gain":0.0,"max_hp_loss":0.0,"gold_gain":0.0,"cards_transformed":["Strike_B","Strike_B"],"event_name":"Drug Dealer","player_choice":"Became Test Subject","floor":29.0,"gold_loss":0.0,"damage_taken":0.0,"cards_obtained":["Cold Snap","Creative AI"]},{"damage_healed":0.0,"max_hp_gain":5.0,"max_hp_loss":0.0,"gold_gain":0.0,"event_name":"Forgotten Altar","player_choice":"Shed Blood","floor":30.0,"gold_loss":0.0,"damage_taken":20.0},{"damage_healed":0.0,"max_hp_gain":0.0,"max_hp_loss":0.0,"gold_gain":0.0,"event_name":"MindBloom","player_choice":"Fight","floor":36.0,"gold_loss":0.0,"damage_taken":0.0},{"damage_healed":0.0,"max_hp_gain":0.0,"max_hp_loss":0.0,"gold_gain":0.0,"event_name":"Accursed Blacksmith","player_choice":"Forge","floor":37.0,"gold_loss":0.0,"damage_taken":0.0,"cards_upgraded":["Consume"]},{"damage_healed":0.0,"max_hp_gain":0.0,"max_hp_loss":0.0,"gold_gain":0.0,"event_name":"Winding Halls","player_choice":"Embrace Madness","floor":46.0,"gold_loss":0.0,"damage_taken":11.0,"cards_obtained":["Madness","Madness"]}],"is_beta":false,"boss_relics":[{"not_picked":["Black Star","Snecko Eye"],"picked":"Velvet Choker"},{"not_picked":["Runic Pyramid","Nuclear Battery"],"picked":"Inserter"}],"items_purged_floors":[13,39],"is_endless":false,"potions_floor_spawned":[1,10,11,20,23,33,38,45,47],"killed_by":"Shield and Spear","ascension_level":6}