{"path_per_floor":["M","M","?","?","M","M","E","M","T","M","?","$","M","?","R","B",null,"M","?","?","M"],"character_chosen":"THE_SILENT","items_purchased":["Noxious Fumes","Corpse Explosion"],"gold_per_floor":[117,131,131,131,149,168,194,210,210,220,220,9,25,25,25,124,124,142,57,57,71],"floor_reached":22,"campfire_rested":1,"playtime":1464,"current_hp_per_floor":[69,68,68,68,66,52,29,41,41,35,35,35,38,38,59,43,70,38,38,38,28],"items_purged":[],"gold":71,"score":188,"play_id":"9767bb2b-7a21-4794-9568-0bcf775197a9","local_time":"20180312221856","is_prod":false,"is_daily":false,"is_ascension_mode":false,"campfire_upgraded":0,"timestamp":1520889536,"path_taken":["M","M","?","?","?","M","E","M","T","M","?","$","M","?","R","BOSS","M","?","?","?","M"],"build_version":"2018-03-09","purchased_purges":0,"victory":false,"master_deck":["Defend_G","Defend_G","Defend_G","Defend_G","Defend_G","Strike_G","Strike_G","Strike_G","Strike_G","Survivor","Neutralize","Outmaneuver","Dagger Throw","Regret","Quick Slash","Bane","Poisoned Stab","Noxious Fumes","Backflip","Infinite Blades","Noxious Fumes","Corpse Explosion","PiercingWail","Tools of the Trade","Backflip","Dagger Spray+1"],"max_hp_per_floor":[70,70,70,70,70,70,70,70,70,70,70,70,70,70,70,70,70,70,70,70,70],"relics":["The Specimen","Meat on the Bone","Gambling Chip","Du-Vu Doll","Black Star","Ice Cream","Omamori"],"card_choices":[{"not_picked":["Underhanded Strike","Prepared"],"picked":"Outmaneuver"},{"not_picked":["Sucker Punch","Calculated Gamble"],"picked":"Dagger Throw"},{"not_picked":["Wraith Form","Quick Slash"],"picked":"Bane"},{"not_picked":["Expertise","Outmaneuver"],"picked":"Poisoned Stab"},{"not_picked":["Escape Plan","Quick Slash"],"picked":"Noxious Fumes"},{"not_picked":["Reflex","Quick Slash"],"picked":"Backflip"},{"not_picked":["Slice","All Out Attack"],"picked":"Infinite Blades"},{"not_picked":["Slice","Sucker Punch"],"picked":"PiercingWail"},{"not_picked":["Tactician","Unload"],"picked":"Tools of the Trade"},{"not_picked":["Heel Hook","Riddle With Holes"],"picked":"Backflip"},{"not_picked":["Underhanded Strike","Acrobatics"],"picked":"Dagger Spray"}],"player_experience":100478,"potions_floor_usage":[22,22],"damage_taken":[{"damage":1,"enemies":"Cultist","floor":1,"turns":6},{"damage":1,"enemies":"Jaw Worm","floor":2,"turns":5},{"damage":2,"enemies":"2 Louse","floor":5,"turns":3},{"damage":14,"enemies":"Lots of Slimes","floor":6,"turns":8},{"damage":35,"enemies":"3 Sentries","floor":7,"turns":12},{"damage":0,"enemies":"Looter","floor":8,"turns":3},{"damage":18,"enemies":"Exordium Thugs","floor":10,"turns":5},{"damage":9,"enemies":"Blue Slaver","floor":13,"turns":4},{"damage":28,"enemies":"Hexaghost","floor":16,"turns":9},{"damage":32,"enemies":"2 Thieves","floor":18,"turns":5},{"damage":22,"enemies":"3 Byrds","floor":21,"turns":5},{"damage":28,"enemies":"Slaver and Parasite","floor":22,"turns":4}],"event_choices":[{"event_name":"Big Fish","player_choice":"Box","floor":3,"damage_taken":0},{"event_name":"Transmorgrifier","player_choice":"Transform","floor":4,"damage_taken":0},{"event_name":"Golden Wing","player_choice":"Ignored","floor":11,"damage_taken":0},{"event_name":"The Cleric","player_choice":"Leave","floor":14,"damage_taken":0},{"event_name":"Addict","player_choice":"Obtained Relic","floor":19,"damage_taken":0},{"event_name":"The Mausoleum","player_choice":"Yes","floor":20,"damage_taken":0}],"boss_relics":[{"not_picked":["Runic Dome","Philosopher\u0027s Stone"],"picked":"Black Star"}],"potions_floor_spawned":[7,13,16,18],"seed_played":"-8213042348602071977","killed_by":"Slaver and Parasite","ascension_level":0,"is_trial":false}