{"gold_per_floor":[117,31,31,31,31,60,60,93,93,111,139,214,225,225,225,325,325,344,364,377,377,68,68],"floor_reached":23,"playtime":1434,"items_purged":["Defend_R"],"score":321,"play_id":"86ff1c0f-505c-4a67-8386-b81708ecf78a","local_time":"20190412083450","is_ascension_mode":true,"campfire_choices":[{"data":"Sword Boomerang","floor":7.0,"key":"SMITH"},{"data":"Flame Barrier","floor":15.0,"key":"SMITH"}],"neow_cost":"NONE","seed_source_timestamp":129668810155536,"circlet_count":0,"master_deck":["Strike_R","Strike_R","Defend_R","Defend_R","Defend_R","Bash+1","Pommel Strike","Inflame+1","Shrug It Off","Sword Boomerang+1","Rage","Flame Barrier+1","Dual Wield","Limit Break","Flame Barrier","Battle Trance","Inflame+1","Disarm"],"special_seed":0,"relics":["Burning Blood","NeowsBlessing","Bag of Marbles","Matryoshka","Pantograph","Strawberry","Empty Cage","Blood Vial"],"potions_floor_usage":[18,23],"damage_taken":[{"damage":0.0,"enemies":"Small Slimes","floor":1.0,"turns":1.0},{"damage":0.0,"enemies":"Gremlin Nob","floor":6.0,"turns":1.0},{"damage":0.0,"enemies":"Lagavulin","floor":8.0,"turns":1.0},{"damage":0.0,"enemies":"2 Louse","floor":10.0,"turns":2.0},{"damage":20.0,"enemies":"3 Sentries","floor":11.0,"turns":8.0},{"damage":0.0,"enemies":"Cultist","floor":13.0,"turns":3.0},{"damage":48,"enemies":"Hexaghost","floor":16,"turns":9},{"damage":19,"enemies":"Spheric Guardian","floor":18,"turns":5},{"damage":33,"enemies":"2 Thieves","floor":19,"turns":5},{"damage":27,"enemies":"Centurion and Healer","floor":20,"turns":9},{"damage":25,"enemies":"Slavers","floor":23,"turns":3}],"seed_played":"-126066859802113934","potions_obtained":[{"floor":8.0,"key":"Fire Potion"},{"floor":13.0,"key":"Fire Potion"},{"floor":19,"key":"SneckoOil"}],"is_trial":false,"path_per_floor":["M","$","?","?","$","E","R","E","T","M","E","?","M","?","R","B",null,"M","M","M","?","$","E"],"character_chosen":"IRONCLAD","items_purchased":["Inflame","Shrug It Off","Blood Vial","Disarm"],"campfire_rested":0,"item_purchase_floors":[2,2,22,22],"current_hp_per_floor":[80,80,64,69,69,75,75,81,81,85,78,69,75,75,75,50,82,69,42,21,21,21,0],"gold":68,"neow_bonus":"THREE_ENEMY_KILL","is_prod":false,"is_daily":false,"chose_seed":false,"campfire_upgraded":2,"win_rate":0,"timestamp":1555076090,"path_taken":["M","$","?","?","$","E","R","E","T","M","E","?","?","?","R","BOSS","M","M","M","?","$","E"],"build_version":"2019-01-23","purchased_purges":1,"victory":false,"max_hp_per_floor":[80,80,80,85,85,85,85,85,85,85,92,92,92,92,92,92,92,92,92,92,92,92,92],"card_choices":[{"not_picked":["Clash","Body Slam"],"picked":"Pommel Strike","floor":1.0},{"not_picked":["Bludgeon","Anger"],"picked":"Sword Boomerang","floor":6.0},{"not_picked":["Entrench","Power Through"],"picked":"Rage","floor":8.0},{"not_picked":["Cleave","Body Slam"],"picked":"Flame Barrier","floor":10.0},{"not_picked":["Pummel","Burning Pact"],"picked":"Dual Wield","floor":11.0},{"not_picked":["Thunderclap","Infernal Blade","Anger"],"picked":"SKIP","floor":13.0},{"not_picked":["Offering","Double Tap"],"picked":"Limit Break","floor":16},{"not_picked":["Dual Wield","Thunderclap","Clash"],"picked":"SKIP","floor":18},{"not_picked":["Clash","Double Tap"],"picked":"Flame Barrier","floor":19},{"not_picked":["Body Slam+1","Clash+1"],"picked":"Battle Trance","floor":20}],"player_experience":278405,"relics_obtained":[{"floor":6.0,"key":"Bag of Marbles"},{"floor":8.0,"key":"Matryoshka"},{"floor":9.0,"key":"Pantograph"},{"floor":11.0,"key":"Strawberry"}],"event_choices":[{"damage_healed":0.0,"max_hp_gain":0.0,"max_hp_loss":0.0,"gold_gain":0.0,"event_name":"Shining Light","player_choice":"Entered Light","floor":3.0,"gold_loss":0.0,"damage_taken":16.0,"cards_upgraded":["Inflame","Bash"]},{"damage_healed":0.0,"max_hp_gain":5.0,"max_hp_loss":0.0,"gold_gain":0.0,"event_name":"Big Fish","player_choice":"Donut","floor":4.0,"gold_loss":0.0,"damage_taken":0.0},{"damage_healed":0.0,"max_hp_gain":0.0,"max_hp_loss":0.0,"gold_gain":75.0,"event_name":"FaceTrader","player_choice":"Touch","floor":12.0,"gold_loss":0.0,"damage_taken":9.0},{"cards_removed":["Strike_R"],"damage_healed":0.0,"max_hp_gain":0.0,"max_hp_loss":0.0,"gold_gain":0.0,"event_name":"Purifier","player_choice":"Purged","floor":14.0,"gold_loss":0.0,"damage_taken":0.0},{"damage_healed":0,"gold_gain":0,"player_choice":"Copied","damage_taken":0,"max_hp_gain":0,"max_hp_loss":0,"event_name":"Duplicator","floor":21,"gold_loss":0,"cards_obtained":["Inflame"]}],"is_beta":false,"boss_relics":[{"not_picked":["Black Star","Runic Pyramid"],"picked":"Empty Cage"}],"items_purged_floors":[22],"is_endless":false,"potions_floor_spawned":[8,13,19],"killed_by":"Slavers","ascension_level":5}