{"gold_per_floor":[210,104,104,123,123,157,157,122,147,172,186,33,33,62,62,134,134,145,164,79,92,92,92,105,138,138,152,152,186,196,212,212,288,288,303,150,150,65,76,76,89,89,115,129,143,143,243,261,261,261,261,261,89,122,122],"floor_reached":56,"playtime":5829,"items_purged":["Writhe"],"score":1862,"play_id":"7be62dc9-812a-4d99-b600-498dd0be714a","local_time":"20190402174232","is_ascension_mode":true,"campfire_choices":[{"floor":7,"key":"REST"},{"data":"Neutralize","floor":13,"key":"SMITH"},{"data":"Adrenaline","floor":15,"key":"SMITH"},{"data":"Crippling Poison","floor":23,"key":"SMITH"},{"data":"Well Laid Plans","floor":32,"key":"SMITH"},{"data":"Noxious Fumes","floor":40,"key":"SMITH"},{"data":"After Image","floor":46,"key":"SMITH"},{"floor":49,"key":"RECALL"},{"data":"Footwork","floor":52,"key":"SMITH"}],"neow_cost":"NONE","seed_source_timestamp":1773422177325753,"circlet_count":0,"master_deck":["AscendersBane","Defend_G","Defend_G","Defend_G","Defend_G","Defend_G","Strike_G","Survivor","Neutralize+1","Flying Knee","Dagger Spray","Skewer","Footwork+1","Adrenaline+1","Corpse Explosion","Eviscerate+1","Dash+1","Setup+1","Crippling Poison+1","Cloak And Dagger","Dodge and Roll+1","Bouncing Flask+1","Caltrops","Catalyst+1","Well Laid Plans+1","Malaise+1","Leg Sweep+1","Noxious Fumes+1","Dark Shackles+1","Acrobatics+1","Dodge and Roll+1","After Image+1","PiercingWail+1","Parasite","Backflip+1","PiercingWail+1","Backflip+1"],"relics":["Ring of the Snake","Kunai","Snake Skull","Strawberry","Incense Burner","Vajra","Bird Faced Urn","Astrolabe","Tough Bandages","Bronze Scales","Toxic Egg 2","Sundial","Art of War","Coffee Dripper","Prayer Wheel","Bag of Marbles"],"potions_floor_usage":[16,25,29,35,45,50,55,55],"damage_taken":[{"damage":0,"enemies":"2 Louse","floor":1,"turns":5},{"damage":3,"enemies":"Small Slimes","floor":4,"turns":3},{"damage":26,"enemies":"Gremlin Nob","floor":6,"turns":5},{"damage":14,"enemies":"Lagavulin","floor":10,"turns":7},{"damage":0,"enemies":"Jaw Worm","floor":11,"turns":3},{"damage":1,"enemies":"Gremlin Nob","floor":14,"turns":5},{"damage":18,"enemies":"The Guardian","floor":16,"turns":12},{"damage":0,"enemies":"Chosen","floor":18,"turns":5},{"damage":0,"enemies":"2 Thieves","floor":19,"turns":3},{"damage":0,"enemies":"Chosen and Byrds","floor":21,"turns":6},{"damage":0,"enemies":"Snecko","floor":24,"turns":4},{"damage":21,"enemies":"Slavers","floor":25,"turns":6},{"damage":0,"enemies":"3 Cultists","floor":27,"turns":5},{"damage":9,"enemies":"Gremlin Leader","floor":29,"turns":6},{"damage":5,"enemies":"Centurion and Healer","floor":30,"turns":5},{"damage":11,"enemies":"Shelled Parasite and Fungi","floor":31,"turns":4},{"damage":18,"enemies":"Automaton","floor":33,"turns":9},{"damage":7,"enemies":"3 Darklings","floor":35,"turns":4},{"damage":0,"enemies":"3 Shapes","floor":39,"turns":5},{"damage":0,"enemies":"Spire Growth","floor":41,"turns":4},{"damage":15,"enemies":"Jaw Worm Horde","floor":44,"turns":4},{"damage":17,"enemies":"Transient","floor":45,"turns":5},{"damage":0,"enemies":"Mind Bloom Boss Battle","floor":47,"turns":6},{"damage":4,"enemies":"Writhing Mass","floor":48,"turns":6},{"damage":30,"enemies":"Time Eater","floor":50,"turns":12},{"damage":10,"enemies":"Shield and Spear","floor":54,"turns":8},{"damage":57,"enemies":"The Heart","floor":55,"turns":10}],"seed_played":"-8446576838505109060","potions_obtained":[{"floor":11,"key":"AttackPotion"},{"floor":16,"key":"Strength Potion"},{"floor":19,"key":"Regen Potion"},{"floor":25,"key":"SkillPotion"},{"floor":31,"key":"LiquidBronze"},{"floor":33,"key":"SteroidPotion"},{"floor":35,"key":"Poison Potion"},{"floor":45,"key":"Regen Potion"},{"floor":54,"key":"Ancient Potion"}],"is_trial":false,"path_per_floor":["M","$","?","M","?","E","R","?","T","E","M","$","R","E","R","B",null,"M","M","?","M","?","R","M","E","T","M","T","E","M","M","R","B",null,"M","$","?","$","M","R","M","?","T","M","M","R","?","M","R","B",null,"R","$","E","B",null],"character_chosen":"THE_SILENT","items_purchased":["Dagger Spray","Skewer","Vajra","Leg Sweep+1","Noxious Fumes","Dark Shackles+1","PiercingWail+1","Energy Potion"],"campfire_rested":1,"item_purchase_floors":[2,2,12,36,36,38,53,53],"current_hp_per_floor":[59,59,48,45,38,12,31,47,54,40,40,40,40,39,39,23,61,61,63,63,65,65,65,67,63,63,65,65,58,57,50,50,38,64,63,63,73,73,73,73,73,73,73,62,53,53,63,69,69,63,71,71,71,65,18],"gold":122,"neow_bonus":"HUNDRED_GOLD","is_prod":false,"is_daily":false,"chose_seed":false,"campfire_upgraded":7,"win_rate":0,"timestamp":1554241352,"path_taken":["M","$","?","M","?","E","R","?","T","E","M","$","R","E","R","BOSS","M","M","?","M","?","R","M","E","T","M","?","E","M","M","R","BOSS","M","$","?","$","M","R","M","?","T","M","M","R","?","M","R","BOSS","R","$","E","BOSS"],"build_version":"2019-01-23","purchased_purges":1,"victory":true,"max_hp_per_floor":[66,66,66,66,66,66,66,66,73,73,73,73,73,73,73,73,73,73,73,73,73,73,73,73,73,73,73,73,73,73,73,73,73,73,73,73,73,73,73,73,73,73,73,73,73,73,73,73,73,73,73,73,73,73,73],"card_choices":[{"not_picked":["PiercingWail","Caltrops"],"picked":"Flying Knee","floor":1},{"not_picked":["Outmaneuver","Underhanded Strike","Masterful Stab"],"picked":"SKIP","floor":4},{"not_picked":["Backflip","Unload"],"picked":"Dash","floor":6},{"not_picked":["Deflect","Reflex","Eviscerate"],"picked":"SKIP","floor":10},{"not_picked":["Blur","Accuracy"],"picked":"Footwork","floor":11},{"not_picked":["Masterful Stab","Escape Plan"],"picked":"Adrenaline","floor":14},{"not_picked":["Grand Finale","Die Die Die"],"picked":"Corpse Explosion","floor":16},{"not_picked":["Cloak And Dagger","Skewer"],"picked":"Crippling Poison","floor":18},{"not_picked":["Poisoned Stab","Dagger Spray","Endless Agony"],"picked":"SKIP","floor":19},{"not_picked":["Sucker Punch","Blade Dance"],"picked":"Cloak And Dagger","floor":21},{"not_picked":["Night Terror","Heel Hook","Outmaneuver"],"picked":"SKIP","floor":24},{"not_picked":["Dagger Spray","All Out Attack"],"picked":"Dodge and Roll+1","floor":25},{"not_picked":["Backflip+1","Dagger Throw"],"picked":"Bouncing Flask+1","floor":27},{"not_picked":["Dodge and Roll+1","Acrobatics+1"],"picked":"Caltrops","floor":29},{"not_picked":["Bullet Time+1","Deadly Poison+1"],"picked":"Catalyst+1","floor":30},{"not_picked":["Calculated Gamble+1","Bouncing Flask+1"],"picked":"Well Laid Plans","floor":31},{"not_picked":["Grand Finale","A Thousand Cuts"],"picked":"Malaise+1","floor":33},{"not_picked":["Sucker Punch","Outmaneuver+1","Blade Dance+1"],"picked":"SKIP","floor":35},{"not_picked":["Masterful Stab","Poisoned Stab"],"picked":"Acrobatics+1","floor":39},{"not_picked":["Outmaneuver+1","Cloak And Dagger+1"],"picked":"Dodge and Roll+1","floor":41},{"not_picked":["Distraction+1","Flechettes","Poisoned Stab"],"picked":"SKIP","floor":44},{"not_picked":["Flechettes","Caltrops"],"picked":"After Image","floor":45},{"not_picked":["Slice","Dagger Throw"],"picked":"PiercingWail+1","floor":47},{"not_picked":["PiercingWail+1","Blur+1"],"picked":"Backflip+1","floor":48},{"not_picked":["Deadly Poison+1","Bouncing Flask+1","Poisoned Stab+1"],"picked":"SKIP","floor":48},{"not_picked":["Blur+1","Caltrops"],"picked":"Backflip+1","floor":54}],"player_experience":776366,"relics_obtained":[{"floor":6,"key":"Snake Skull"},{"floor":9,"key":"Strawberry"},{"floor":10,"key":"Incense Burner"},{"floor":14,"key":"Bird Faced Urn"},{"floor":25,"key":"Bronze Scales"},{"floor":26,"key":"Toxic Egg 2"},{"floor":28,"key":"Sundial"},{"floor":29,"key":"Art of War"},{"floor":47,"key":"Prayer Wheel"},{"floor":54,"key":"Bag of Marbles"}],"event_choices":[{"damage_healed":0,"gold_gain":0,"player_choice":"Success","damage_taken":11,"relics_obtained":["Kunai"],"max_hp_gain":0,"max_hp_loss":0,"event_name":"Scrap Ooze","floor":3,"gold_loss":0},{"cards_removed":["Strike_G"],"damage_healed":0,"gold_gain":0,"player_choice":"Card Removal","damage_taken":7,"max_hp_gain":0,"max_hp_loss":0,"event_name":"Golden Wing","floor":5,"gold_loss":0},{"damage_healed":16,"gold_gain":0,"player_choice":"Healed","damage_taken":0,"max_hp_gain":0,"max_hp_loss":0,"event_name":"The Cleric","floor":8,"gold_loss":35},{"damage_healed":0,"gold_gain":0,"player_choice":"Obtained Relic","damage_taken":0,"relics_obtained":["Tough Bandages"],"max_hp_gain":0,"max_hp_loss":0,"event_name":"Addict","floor":20,"gold_loss":85},{"damage_healed":0,"gold_gain":0,"player_choice":"Ignored","damage_taken":0,"max_hp_gain":0,"max_hp_loss":0,"event_name":"Vampires","floor":22,"gold_loss":0},{"damage_healed":15,"gold_gain":0,"player_choice":"Writhe","damage_taken":0,"max_hp_gain":0,"max_hp_loss":0,"event_name":"Winding Halls","floor":37,"gold_loss":0,"cards_obtained":["Writhe"]},{"cards_removed":["Dash"],"damage_healed":0,"gold_gain":0,"player_choice":"Removed Attack","damage_taken":0,"max_hp_gain":0,"max_hp_loss":0,"event_name":"Falling","floor":42,"gold_loss":0},{"damage_healed":0,"gold_gain":0,"player_choice":"Fight","damage_taken":0,"max_hp_gain":0,"max_hp_loss":0,"event_name":"MindBloom","floor":47,"gold_loss":0}],"is_beta":false,"boss_relics":[{"not_picked":["Ectoplasm","Tiny House"],"picked":"Astrolabe"},{"not_picked":["WristBlade","Runic Pyramid"],"picked":"Coffee Dripper"}],"items_purged_floors":[53],"is_endless":false,"potions_floor_spawned":[11,16,19,24,25,31,33,35,41,45,48,54],"ascension_level":15}