{"gold_per_floor":[118,138,79,79,154,183,183,183,209,209,47,47,67,78,78,155,155,115,135,135,34,34,34,61,77,101,133,133,163,163,163,163,240,240,259,272,272,325,56,85,85,111,135,151,151,185,205,237,237,237,237,237,237,7,36,36],"floor_reached":57,"playtime":5141,"items_purged":["Writhe","Decay"],"score":3394,"play_id":"19a4c4a7-2869-4b57-bedf-18fbdfc8d5d1","local_time":"20190408200440","is_ascension_mode":true,"campfire_choices":[{"data":"Creative AI","floor":7.0,"key":"SMITH"},{"data":"Zap","floor":10.0,"key":"SMITH"},{"data":"Consume","floor":12.0,"key":"SMITH"},{"data":"Capacitor","floor":15.0,"key":"SMITH"},{"data":"Buffer","floor":23.0,"key":"SMITH"},{"floor":28.0,"key":"REST"},{"floor":32.0,"key":"REST"},{"floor":45.0,"key":"RECALL"},{"data":"Fission","floor":49.0,"key":"SMITH"},{"data":"Biased Cognition","floor":53.0,"key":"SMITH"}],"neow_cost":"TEN_PERCENT_HP_LOSS","seed_source_timestamp":3671718663068,"circlet_count":0,"master_deck":["AscendersBane","Zap+1","Dualcast","Biased Cognition+1","Chill+1","Glacier","Coolheaded","Creative AI+1","Capacitor+1","Consume+1","Hologram","Doom and Gloom","Echo Form","Leap","Meteor Strike","Aggregate+1","Lockon","Buffer+1","Buffer","Go for the Eyes+1","Hologram","Biased Cognition+1","Skim+1","Fission+1","Self Repair","Core Surge","Loop+1","Electrodynamics","Meteor Strike"],"special_seed":0,"relics":["Cracked Core","Ancient Tea Set","Bag of Preparation","Pandora\u0027s Box","Dream Catcher","Orichalcum","War Paint","Calipers","Boot","Snecko Eye","Gambling Chip","Bottled Tornado","Blue Candle","Anchor","Art of War","Medical Kit","DataDisk"],"potions_floor_usage":[56],"damage_taken":[{"damage":4.0,"enemies":"Jaw Worm","floor":1.0,"turns":4.0},{"damage":3.0,"enemies":"2 Louse","floor":2.0,"turns":2.0},{"damage":2.0,"enemies":"Lagavulin","floor":6.0,"turns":8.0},{"damage":0.0,"enemies":"Small Slimes","floor":13.0,"turns":4.0},{"damage":0.0,"enemies":"2 Fungi Beasts","floor":14.0,"turns":4.0},{"damage":8.0,"enemies":"Slime Boss","floor":16.0,"turns":10.0},{"damage":1.0,"enemies":"2 Thieves","floor":18.0,"turns":5.0},{"damage":0.0,"enemies":"Spheric Guardian","floor":19.0,"turns":6.0},{"damage":19.0,"enemies":"Gremlin Leader","floor":24.0,"turns":8.0},{"damage":6.0,"enemies":"Snecko","floor":25.0,"turns":5.0},{"damage":26.0,"enemies":"Book of Stabbing","floor":27.0,"turns":9.0},{"damage":8.0,"enemies":"Gremlin Leader","floor":29.0,"turns":8.0},{"damage":8.0,"enemies":"Automaton","floor":33.0,"turns":16.0},{"damage":3.0,"enemies":"3 Shapes","floor":35.0,"turns":4.0},{"damage":0.0,"enemies":"3 Darklings","floor":36.0,"turns":5.0},{"damage":0.0,"enemies":"2 Orb Walkers","floor":38.0,"turns":6.0},{"damage":0.0,"enemies":"Giant Head","floor":40.0,"turns":5.0},{"damage":0.0,"enemies":"Reptomancer","floor":42.0,"turns":5.0},{"damage":0.0,"enemies":"Spire Growth","floor":44.0,"turns":4.0},{"damage":0.0,"enemies":"Nemesis","floor":46.0,"turns":5.0},{"damage":0.0,"enemies":"Transient","floor":47.0,"turns":6.0},{"damage":0.0,"enemies":"Giant Head","floor":48.0,"turns":5.0},{"damage":0.0,"enemies":"Time Eater","floor":50.0,"turns":12.0},{"damage":0.0,"enemies":"Donu and Deca","floor":51.0,"turns":6.0},{"damage":0.0,"enemies":"Shield and Spear","floor":55.0,"turns":5.0},{"damage":0,"enemies":"The Heart","floor":56,"turns":11}],"seed_played":"2144687422446084915","potions_obtained":[{"floor":2.0,"key":"FocusPotion"},{"floor":16.0,"key":"FocusPotion"},{"floor":19.0,"key":"Dexterity Potion"},{"floor":25.0,"key":"Swift Potion"},{"floor":27.0,"key":"Strength Potion"},{"floor":33.0,"key":"SteroidPotion"},{"floor":36.0,"key":"PowerPotion"},{"floor":44.0,"key":"SkillPotion"},{"floor":48.0,"key":"Swift Potion"}],"is_trial":false,"path_per_floor":["M","M","$","?","?","E","R","?","T","R","$","R","M","M","R","B",null,"M","M","?","$","?","R","E","M","T","E","R","E","?","?","R","B",null,"M","M","?","?","$","E","$","E","T","M","R","E","M","E","R","B","B",null,"R","$","E","B",null],"character_chosen":"DEFECT","items_purchased":["Coolheaded","Capacitor","Consume","Hologram","Electrodynamics","Medical Kit"],"campfire_rested":2,"item_purchase_floors":[3,11,11,21,39,54],"current_hp_per_floor":[60,57,57,57,46,44,44,37,37,37,37,37,37,37,37,29,55,54,54,54,54,54,54,35,29,29,3,22,14,14,14,33,32,56,60,60,60,61,61,61,61,61,61,61,61,61,61,61,61,61,61,61,61,61,61,61],"gold":36,"neow_bonus":"THREE_RARE_CARDS","is_prod":false,"is_daily":false,"chose_seed":false,"campfire_upgraded":7,"win_rate":0,"timestamp":1554746680,"path_taken":["M","M","$","?","?","E","R","?","T","R","$","R","M","M","R","BOSS","M","M","?","$","?","R","E","M","T","E","R","E","?","?","R","BOSS","M","?","?","?","$","E","$","E","T","M","R","E","M","E","R","BOSS","BOSS","R","$","E","BOSS"],"build_version":"2019-04-04","purchased_purges":2,"victory":true,"max_hp_per_floor":[64,64,64,64,64,64,64,64,64,64,64,64,64,64,64,64,64,64,64,64,64,64,64,64,64,64,64,64,64,64,64,64,64,64,64,64,61,61,61,61,61,61,61,61,61,61,61,61,61,61,61,61,61,61,61,61],"card_choices":[{"not_picked":["Rainbow","Core Surge"],"picked":"Biased Cognition","floor":0.0},{"not_picked":["Conserve Battery","Beam Cell"],"picked":"Chill","floor":1.0},{"not_picked":["Cold Snap","Storm"],"picked":"Glacier","floor":2.0},{"not_picked":["Ball Lightning","Barrage"],"picked":"Creative AI","floor":6.0},{"not_picked":["Streamline","Compile Driver"],"picked":"Hologram","floor":13.0},{"not_picked":["Streamline","Multi-Cast"],"picked":"Doom and Gloom","floor":14.0},{"not_picked":["Rainbow","Core Surge"],"picked":"Echo Form","floor":16.0},{"not_picked":["Doom and Gloom","White Noise"],"picked":"Go for the Eyes+1","floor":18.0},{"not_picked":["Heatsinks","White Noise","Ball Lightning"],"picked":"SKIP","floor":19.0},{"not_picked":["Go for the Eyes","Gash"],"picked":"Biased Cognition","floor":24.0},{"not_picked":["Defragment","Leap"],"picked":"Skim+1","floor":25.0},{"not_picked":["Compile Driver","Steam","Storm"],"picked":"SKIP","floor":27.0},{"not_picked":["Rip and Tear","Storm"],"picked":"Fission","floor":29.0},{"not_picked":["Cold Snap","Go for the Eyes"],"picked":"Self Repair","floor":32.0},{"not_picked":["Reboot","Machine Learning"],"picked":"Core Surge","floor":33.0},{"not_picked":["Tempest","Self Repair","Barrage"],"picked":"SKIP","floor":35.0},{"not_picked":["Beam Cell","Ball Lightning"],"picked":"Loop+1","floor":36.0},{"not_picked":["Redo+1","Coolheaded","BootSequence"],"picked":"SKIP","floor":40.0},{"not_picked":["Consume","Cold Snap","Go for the Eyes"],"picked":"SKIP","floor":42.0},{"not_picked":["Consume","Compile Driver","Stack"],"picked":"SKIP","floor":44.0},{"not_picked":["Coolheaded","Hello World"],"picked":"Meteor Strike","floor":46.0},{"not_picked":["Sweeping Beam+1","Go for the Eyes","Turbo"],"picked":"SKIP","floor":47.0},{"not_picked":["Double Energy","Cold Snap","Gash"],"picked":"SKIP","floor":48.0},{"not_picked":["Seek","Self Repair+1","Turbo"],"picked":"SKIP","floor":55.0}],"player_experience":1081746,"relics_obtained":[{"floor":6.0,"key":"Ancient Tea Set"},{"floor":9.0,"key":"Bag of Preparation"},{"floor":24.0,"key":"Orichalcum"},{"floor":26.0,"key":"War Paint"},{"floor":27.0,"key":"Calipers"},{"floor":29.0,"key":"Boot"},{"floor":38.0,"key":"Gambling Chip"},{"floor":40.0,"key":"Bottled Tornado"},{"floor":42.0,"key":"Blue Candle"},{"floor":46.0,"key":"Anchor"},{"floor":48.0,"key":"Art of War"},{"floor":55.0,"key":"DataDisk"}],"event_choices":[{"damage_healed":0.0,"max_hp_gain":0.0,"max_hp_loss":0.0,"gold_gain":0.0,"event_name":"Living Wall","player_choice":"Grow","floor":4.0,"gold_loss":0.0,"damage_taken":0.0,"cards_upgraded":["Biased Cognition"]},{"damage_healed":0.0,"max_hp_gain":0.0,"max_hp_loss":0.0,"gold_gain":75.0,"event_name":"World of Goop","player_choice":"Gather Gold","floor":5.0,"gold_loss":0.0,"damage_taken":11.0},{"cards_removed":["Strike_B"],"damage_healed":0.0,"max_hp_gain":0.0,"max_hp_loss":0.0,"gold_gain":0.0,"event_name":"Golden Wing","player_choice":"Card Removal","floor":8.0,"gold_loss":0.0,"damage_taken":7.0},{"damage_healed":0.0,"max_hp_gain":0.0,"max_hp_loss":0.0,"gold_gain":0.0,"event_name":"The Mausoleum","player_choice":"Opened","floor":20.0,"gold_loss":0.0,"damage_taken":0.0,"relics_obtained":["Dream Catcher"],"cards_obtained":["Writhe"]},{"damage_healed":0.0,"max_hp_gain":0.0,"max_hp_loss":0.0,"gold_gain":0.0,"event_name":"Ghosts","player_choice":"Ignored","floor":22.0,"gold_loss":0.0,"damage_taken":0.0},{"cards_removed":["Thunder Strike"],"damage_healed":0.0,"max_hp_gain":0.0,"max_hp_loss":0.0,"gold_gain":0.0,"event_name":"Back to Basics","player_choice":"Elegance","floor":30.0,"gold_loss":0.0,"damage_taken":0.0},{"damage_healed":0.0,"max_hp_gain":0.0,"max_hp_loss":0.0,"gold_gain":0.0,"event_name":"Wheel of Change","player_choice":"Cursed","floor":31.0,"gold_loss":0.0,"damage_taken":0.0,"cards_obtained":["Decay"]},{"damage_healed":0.0,"max_hp_gain":0.0,"max_hp_loss":3.0,"gold_gain":0.0,"event_name":"Winding Halls","player_choice":"Max HP","floor":37.0,"gold_loss":0.0,"damage_taken":0.0},{"damage_healed":0.0,"max_hp_gain":0.0,"max_hp_loss":0.0,"gold_gain":0.0,"event_name":"Mysterious Sphere","player_choice":"Fight","floor":38.0,"gold_loss":0.0,"damage_taken":0.0}],"is_beta":true,"boss_relics":[{"not_picked":["Runic Dome","Lizard Tail"],"picked":"Pandora\u0027s Box"},{"not_picked":["White Beast Statue","Busted Crown"],"picked":"Snecko Eye"}],"items_purged_floors":[21,39],"is_endless":false,"potions_floor_spawned":[2,16,19,25,27,33,36,42,44,48],"ascension_level":20}