{"gold_per_floor":[110,122,133,147,160,160,190,190,190,190,210,227,227,255,255,357,357,375,54,54,69,34,34,66,66,66,66,66,66,101,1,1,99,99,109,109,109,85,104,104,134,153,201,212,87,87,115,129,129,129],"floor_reached":51,"playtime":2516,"items_purged":["Strike_R","Strike_R","Strike_R+1"],"score":941,"play_id":"c16f37b1-230e-43dc-a933-7d68b5ba4dfc","local_time":"20190413054111","is_ascension_mode":true,"campfire_choices":[{"data":"Searing Blow","floor":6.0,"key":"SMITH"},{"data":"Searing Blow+1","floor":8.0,"key":"SMITH"},{"data":"Searing Blow+2","floor":10.0,"key":"SMITH"},{"data":"Searing Blow+3","floor":13.0,"key":"SMITH"},{"data":"Searing Blow+4","floor":15.0,"key":"SMITH"},{"data":"Searing Blow+5","floor":23.0,"key":"SMITH"},{"data":"Searing Blow+6","floor":27.0,"key":"SMITH"},{"data":"Searing Blow+7","floor":29.0,"key":"SMITH"},{"data":"Searing Blow+8","floor":32.0,"key":"SMITH"},{"data":"Searing Blow+9","floor":40.0,"key":"SMITH"},{"data":"Searing Blow+10","floor":46.0,"key":"SMITH"},{"data":"Searing Blow+11","floor":49.0,"key":"SMITH"}],"neow_cost":"NONE","seed_source_timestamp":13836827447942,"circlet_count":0,"master_deck":["Defend_R","Defend_R","Defend_R","Defend_R","Bash","Burning Pact","Thunderclap+1","Cleave","Searing Blow+12","Flex","Impervious","Double Tap","Corruption+1","Spot Weakness+1","Feel No Pain+1","Dual Wield+1","Juggernaut","Shrug It Off+1","Battle Trance+1"],"special_seed":0,"relics":["Burning Blood","Regal Pillow","Letter Opener","Ancient Tea Set","Philosopher\u0027s Stone","Toxic Egg 2","Magic Flower","Whetstone","Bird Faced Urn","Sozu","Boot","PreservedInsect","Bronze Scales"],"potions_floor_usage":[50],"damage_taken":[{"damage":5.0,"enemies":"Cultist","floor":1.0,"turns":4.0},{"damage":7.0,"enemies":"Small Slimes","floor":2.0,"turns":5.0},{"damage":0.0,"enemies":"2 Louse","floor":3.0,"turns":3.0},{"damage":12.0,"enemies":"Lots of Slimes","floor":4.0,"turns":4.0},{"damage":5.0,"enemies":"2 Fungi Beasts","floor":5.0,"turns":3.0},{"damage":25.0,"enemies":"Gremlin Nob","floor":7.0,"turns":4.0},{"damage":4.0,"enemies":"3 Louse","floor":11.0,"turns":3.0},{"damage":6.0,"enemies":"Exordium Thugs","floor":12.0,"turns":4.0},{"damage":13.0,"enemies":"3 Sentries","floor":14.0,"turns":6.0},{"damage":46.0,"enemies":"Hexaghost","floor":16.0,"turns":9.0},{"damage":8.0,"enemies":"Chosen","floor":18.0,"turns":4.0},{"damage":32.0,"enemies":"2 Thieves","floor":21.0,"turns":4.0},{"damage":7.0,"enemies":"Book of Stabbing","floor":24.0,"turns":4.0},{"damage":11.0,"enemies":"Colosseum Slavers","floor":25.0,"turns":4.0},{"damage":15.0,"enemies":"Gremlin Leader","floor":30.0,"turns":3.0},{"damage":28.0,"enemies":"Automaton","floor":33.0,"turns":7.0},{"damage":20.0,"enemies":"Orb Walker","floor":35.0,"turns":3.0},{"damage":17.0,"enemies":"3 Darklings","floor":39.0,"turns":4.0},{"damage":2.0,"enemies":"Giant Head","floor":41.0,"turns":5.0},{"damage":9.0,"enemies":"4 Shapes","floor":42.0,"turns":3.0},{"damage":0.0,"enemies":"Spire Growth","floor":44.0,"turns":3.0},{"damage":0.0,"enemies":"Nemesis","floor":47.0,"turns":2.0},{"damage":0.0,"enemies":"Sphere and 2 Shapes","floor":48.0,"turns":3.0},{"damage":42,"enemies":"Time Eater","floor":50,"turns":5}],"seed_played":"8446982363083746293","potions_obtained":[{"floor":3.0,"key":"Swift Potion"},{"floor":4.0,"key":"Regen Potion"},{"floor":7.0,"key":"GamblersBrew"},{"floor":12.0,"key":"BloodPotion"},{"floor":14.0,"key":"Weak Potion"},{"floor":18.0,"key":"PowerPotion"},{"floor":24.0,"key":"Fire Potion"},{"floor":30.0,"key":"BloodPotion"}],"is_trial":false,"path_per_floor":["M","M","M","M","M","R","E","R","T","R","M","M","R","E","R","B",null,"M","$","?","M","$","R","E","?","T","R","?","R","E","$","R","B",null,"M","$","?","$","M","R","E","M","T","M","$","R","E","M","R","B",null],"character_chosen":"IRONCLAD","items_purchased":["Toxic Egg 2","Spot Weakness+1","Shrug It Off+1"],"campfire_rested":0,"item_purchase_floors":[19,22,38],"current_hp_per_floor":[80,79,80,74,75,75,56,56,56,56,58,58,58,65,65,25,80,78,78,78,52,52,52,51,49,49,49,41,41,47,47,47,34,80,72,72,72,72,72,72,80,80,80,80,80,80,80,80,80,62],"gold":129,"neow_bonus":"REMOVE_CARD","is_prod":false,"is_daily":false,"chose_seed":false,"campfire_upgraded":12,"win_rate":0,"timestamp":1555105271,"path_taken":["M","M","?","M","M","R","E","R","T","R","M","M","R","E","R","BOSS","M","?","?","M","$","R","E","?","T","R","?","R","E","$","R","BOSS","BOSS","M","?","?","$","M","R","E","M","T","?","$","R","E","M","R","BOSS"],"build_version":"2019-01-23","purchased_purges":3,"victory":true,"max_hp_per_floor":[80,80,80,80,80,80,80,80,80,80,80,80,80,80,80,80,80,80,80,80,80,80,80,80,80,80,80,80,80,80,80,80,80,80,80,80,80,80,80,80,80,80,80,80,80,80,80,80,80,80],"card_choices":[{"not_picked":["Wild Strike","Sword Boomerang"],"picked":"Burning Pact","floor":1.0},{"not_picked":["Seeing Red","Havoc"],"picked":"Thunderclap","floor":2.0},{"not_picked":["True Grit","Whirlwind","Power Through"],"picked":"SKIP","floor":3.0},{"not_picked":["Second Wind","Disarm"],"picked":"Cleave","floor":4.0},{"not_picked":["Headbutt","Pommel Strike"],"picked":"Searing Blow","floor":5.0},{"not_picked":["Dark Embrace","Perfected Strike"],"picked":"Flex","floor":7.0},{"not_picked":["Searing Blow","Clothesline","Perfected Strike"],"picked":"SKIP","floor":11.0},{"not_picked":["Flex","Havoc","Heavy Blade"],"picked":"SKIP","floor":12.0},{"not_picked":["Reckless Charge","Pommel Strike"],"picked":"Impervious","floor":14.0},{"not_picked":["Feed","Immolate"],"picked":"Double Tap","floor":16.0},{"not_picked":["Warcry","Dropkick"],"picked":"Corruption+1","floor":18.0},{"not_picked":["Searing Blow","Cleave","Heavy Blade"],"picked":"SKIP","floor":21.0},{"not_picked":["Sever Soul+1","Rage+1"],"picked":"Feel No Pain+1","floor":24.0},{"not_picked":["Twin Strike","Infernal Blade+1"],"picked":"Dual Wield+1","floor":30.0},{"not_picked":["Immolate","Feed"],"picked":"Juggernaut","floor":33.0},{"not_picked":["Body Slam+1","Pummel+1","True Grit+1"],"picked":"SKIP","floor":35.0},{"not_picked":["Body Slam+1","Twin Strike+1","Bludgeon"],"picked":"SKIP","floor":39.0},{"not_picked":["Thunderclap","Blood for Blood","Flame Barrier+1"],"picked":"SKIP","floor":41.0},{"not_picked":["Burning Pact+1","Shrug It Off+1","Second Wind+1"],"picked":"SKIP","floor":42.0},{"not_picked":["Shrug It Off+1","Thunderclap+1","Heavy Blade"],"picked":"SKIP","floor":44.0},{"not_picked":["Twin Strike+1","Body Slam+1"],"picked":"Battle Trance+1","floor":47.0},{"not_picked":["Anger","Rage+1","Wild Strike+1"],"picked":"SKIP","floor":48.0}],"player_experience":114351,"relics_obtained":[{"floor":7.0,"key":"Regal Pillow"},{"floor":9.0,"key":"Letter Opener"},{"floor":14.0,"key":"Ancient Tea Set"},{"floor":24.0,"key":"Magic Flower"},{"floor":26.0,"key":"Whetstone"},{"floor":30.0,"key":"Bird Faced Urn"},{"floor":41.0,"key":"Boot"},{"floor":43.0,"key":"PreservedInsect"},{"floor":47.0,"key":"Bronze Scales"}],"event_choices":[{"damage_healed":0.0,"max_hp_gain":0.0,"max_hp_loss":0.0,"gold_gain":0.0,"event_name":"Vampires","player_choice":"Ignored","floor":20.0,"gold_loss":0.0,"damage_taken":0.0},{"damage_healed":0.0,"max_hp_gain":0.0,"max_hp_loss":0.0,"gold_gain":0.0,"event_name":"Colosseum","player_choice":"Fight","floor":25.0,"gold_loss":0.0,"damage_taken":0.0},{"damage_healed":0.0,"max_hp_gain":0.0,"max_hp_loss":0.0,"gold_gain":0.0,"event_name":"Colosseum","player_choice":"Fled From Nobs","floor":25.0,"gold_loss":0.0,"damage_taken":0.0},{"damage_healed":0.0,"max_hp_gain":0.0,"max_hp_loss":0.0,"gold_gain":0.0,"event_name":"Knowing Skull","player_choice":"","floor":28.0,"potions_obtained":[],"gold_loss":0.0,"damage_taken":8.0,"cards_obtained":[]},{"cards_removed":["Strike_R"],"damage_healed":0.0,"max_hp_gain":0.0,"max_hp_loss":0.0,"gold_gain":0.0,"event_name":"Bonfire Elementals","player_choice":"Offered Basic","floor":37.0,"gold_loss":0.0,"damage_taken":0.0}],"is_beta":false,"boss_relics":[{"not_picked":["Pandora\u0027s Box","Coffee Dripper"],"picked":"Philosopher\u0027s Stone"},{"not_picked":["Runic Pyramid","Black Star"],"picked":"Sozu"}],"items_purged_floors":[19,31,45],"is_endless":false,"potions_floor_spawned":[3,4,7,12,14,18,24,30,39,41,44,48],"ascension_level":1}