{"gold_per_floor":[117,117,267,267,26,44,79,96,96,96,121,141,141,158,158,237,237,247,1,17,17,17,52,52,52,75,95,95,122,146,159,159,159],"floor_reached":33,"playtime":1564,"items_purged":["Doubt"],"score":661,"play_id":"485f3041-f441-4bb1-b53b-3a460bf11692","local_time":"20190406212644","is_ascension_mode":true,"campfire_choices":[{"data":"Genetic Algorithm","floor":10.0,"key":"SMITH"},{"data":"Strike_B","floor":13.0,"key":"PURGE"},{"data":"Strike_B","floor":15.0,"key":"PURGE"},{"floor":24.0,"key":"REST"},{"data":"Defend_B","floor":28.0,"key":"PURGE"},{"floor":32,"key":"RECALL"}],"neow_cost":"NONE","seed_source_timestamp":35221032585041,"circlet_count":0,"master_deck":["AscendersBane","Defend_B","Defend_B+1","Defend_B","Zap","Dualcast","Cold Snap","Leap","Conserve Battery+1","Genetic Algorithm+1","Doom and Gloom","Fission+1","Cold Snap","Buffer","Reinforced Body+1","Capacitor","Hologram+1","Bite","Bite","Bite","Bite","Bite","Seek+1","Compile Driver"],"special_seed":0,"relics":["Cracked Core","NeowsBlessing","Bronze Scales","Pear","Orichalcum","Toxic Egg 2","Peace Pipe","Fusion Hammer","War Paint","Bag of Marbles","Blue Candle","Regal Pillow","Darkstone Periapt","PreservedInsect"],"potions_floor_usage":[29,33],"damage_taken":[{"damage":0.0,"enemies":"Jaw Worm","floor":1.0,"turns":1.0},{"damage":0.0,"enemies":"2 Louse","floor":6.0,"turns":1.0},{"damage":0.0,"enemies":"Gremlin Nob","floor":7.0,"turns":1.0},{"damage":0.0,"enemies":"Cultist","floor":8.0,"turns":3.0},{"damage":20.0,"enemies":"3 Sentries","floor":11.0,"turns":10.0},{"damage":0.0,"enemies":"2 Fungi Beasts","floor":12.0,"turns":3.0},{"damage":5.0,"enemies":"Blue Slaver","floor":14.0,"turns":4.0},{"damage":26.0,"enemies":"Hexaghost","floor":16.0,"turns":9.0},{"damage":2.0,"enemies":"Spheric Guardian","floor":18.0,"turns":4.0},{"damage":9.0,"enemies":"Shell Parasite","floor":20.0,"turns":6.0},{"damage":21.0,"enemies":"Book of Stabbing","floor":23.0,"turns":7.0},{"damage":13.0,"enemies":"Shelled Parasite and Fungi","floor":27.0,"turns":11.0},{"damage":24,"enemies":"Slavers","floor":29,"turns":5},{"damage":0,"enemies":"Snecko","floor":31,"turns":7},{"damage":95,"enemies":"Collector","floor":33,"turns":13}],"seed_played":"-4177601415000061546","potions_obtained":[{"floor":7.0,"key":"Swift Potion"},{"floor":8.0,"key":"Energy Potion"},{"floor":11.0,"key":"Swift Potion"},{"floor":16.0,"key":"GamblersBrew"},{"floor":27.0,"key":"Strength Potion"},{"floor":29,"key":"Weak Potion"}],"is_trial":false,"path_per_floor":["M","?","?","T","$","M","E","M","T","R","E","M","R","M","R","B",null,"M","$","M","?","$","E","R","?","T","M","R","E","T","M","R","B"],"character_chosen":"DEFECT","items_purchased":["Orichalcum","Capacitor","War Paint"],"campfire_rested":1,"item_purchase_floors":[5,19,19],"current_hp_per_floor":[64,53,53,63,63,63,63,65,65,65,47,49,49,46,46,22,66,66,66,59,59,59,40,64,64,64,78,78,65,65,81,81,0],"gold":159,"neow_bonus":"THREE_ENEMY_KILL","is_prod":false,"is_daily":false,"chose_seed":false,"campfire_upgraded":1,"win_rate":0,"timestamp":1554578804,"path_taken":["M","?","?","?","$","M","E","M","T","R","E","?","R","M","R","BOSS","M","$","M","?","?","E","R","?","T","M","R","E","?","M","R","BOSS"],"build_version":"2019-04-04","purchased_purges":1,"victory":false,"max_hp_per_floor":[71,71,71,81,81,81,81,81,81,81,81,81,81,81,81,81,81,81,81,81,81,81,81,81,81,81,81,81,81,81,81,81,81],"card_choices":[{"not_picked":["Coolheaded","Heatsinks"],"picked":"Cold Snap","floor":1.0},{"not_picked":["Steam","Go for the Eyes"],"picked":"Leap","floor":6.0},{"not_picked":["Hologram","Go for the Eyes"],"picked":"Conserve Battery","floor":7.0},{"not_picked":["Sunder","Melter"],"picked":"Genetic Algorithm","floor":8.0},{"not_picked":["Stack+1","Beam Cell"],"picked":"Doom and Gloom","floor":11.0},{"not_picked":["Beam Cell","Turbo+1"],"picked":"Fission+1","floor":12.0},{"not_picked":["Redo+1","Doom and Gloom"],"picked":"Cold Snap","floor":14.0},{"not_picked":["Reboot+1","Seek+1"],"picked":"Buffer","floor":16.0},{"not_picked":["Stack+1","Streamline"],"picked":"Reinforced Body+1","floor":18.0},{"not_picked":["Reinforced Body+1","Conserve Battery+1"],"picked":"Hologram+1","floor":20.0},{"not_picked":["Steam+1","Blizzard","Redo+1"],"picked":"SKIP","floor":23.0},{"not_picked":["Fusion+1","Rebound"],"picked":"Seek+1","floor":27.0},{"not_picked":["Go for the Eyes","Gash"],"picked":"Compile Driver","floor":29},{"not_picked":["Beam Cell","Capacitor","Hologram+1"],"picked":"SKIP","floor":31}],"player_experience":1072759,"relics_obtained":[{"floor":4.0,"key":"Pear"},{"floor":7.0,"key":"Blood Vial"},{"floor":9.0,"key":"Toxic Egg 2"},{"floor":11.0,"key":"Peace Pipe"},{"floor":23.0,"key":"Blue Candle"},{"floor":26.0,"key":"Regal Pillow"},{"floor":29,"key":"Darkstone Periapt"},{"floor":30,"key":"PreservedInsect"}],"event_choices":[{"damage_healed":0.0,"max_hp_gain":0.0,"max_hp_loss":0.0,"gold_gain":0.0,"event_name":"Scrap Ooze","player_choice":"Success","floor":2.0,"gold_loss":0.0,"damage_taken":11.0,"relics_obtained":["Bronze Scales"]},{"damage_healed":0.0,"max_hp_gain":0.0,"max_hp_loss":0.0,"gold_gain":150.0,"event_name":"Liars Game","player_choice":"AGREE","floor":3.0,"gold_loss":0.0,"damage_taken":0.0,"cards_obtained":["Doubt"]},{"damage_healed":0.0,"max_hp_gain":0.0,"max_hp_loss":0.0,"gold_gain":0.0,"event_name":"WeMeetAgain","player_choice":"Gave Potion","floor":21.0,"gold_loss":0.0,"damage_taken":0.0,"relics_obtained":["Bag of Marbles"]},{"damage_healed":0.0,"max_hp_gain":0.0,"max_hp_loss":0.0,"gold_gain":0.0,"event_name":"Vampires","player_choice":"Became a vampire (Vial)","floor":25.0,"relics_lost":["Blood Vial"],"gold_loss":0.0,"damage_taken":0.0,"cards_obtained":["Bite","Bite","Bite","Bite","Bite"]}],"is_beta":true,"boss_relics":[{"not_picked":["White Beast Statue","Empty Cage"],"picked":"Fusion Hammer"}],"items_purged_floors":[5],"is_endless":false,"potions_floor_spawned":[7,8,11,16,20,27,29],"killed_by":"Collector","ascension_level":20}