{"gold_per_floor":[118,130,130,140,159,188,188,220,220,220,220,220],"floor_reached":12,"playtime":562,"items_purged":[],"score":150,"play_id":"320549d4-3c97-4dd6-89df-453b437e6f92","local_time":"20190319221445","is_ascension_mode":true,"campfire_choices":[{"floor":7.0,"key":"REST"}],"neow_cost":"NONE","seed_source_timestamp":0,"circlet_count":0,"master_deck":["AscendersBane","Defend_G","Defend_G","Defend_G","Defend_G","Defend_G+1","Strike_G","Strike_G","Strike_G","Strike_G","Survivor","Neutralize+1","Bouncing Flask","Dagger Throw","Deadly Poison","Acrobatics","Tools of the Trade"],"special_seed":0,"relics":["Ring of the Snake","Paper Crane","Molten Egg 2","Pear","Shuriken"],"potions_floor_usage":[],"damage_taken":[{"damage":0.0,"enemies":"Small Slimes","floor":1.0,"turns":4.0},{"damage":0.0,"enemies":"Jaw Worm","floor":2.0,"turns":5.0},{"damage":0.0,"enemies":"2 Louse","floor":4.0,"turns":3.0},{"damage":16.0,"enemies":"Large Slime","floor":5.0,"turns":7.0},{"damage":29.0,"enemies":"3 Sentries","floor":6.0,"turns":9.0},{"damage":26.0,"enemies":"Lagavulin","floor":8.0,"turns":9.0}],"seed_played":"-5519597946710537336","potions_obtained":[{"floor":1.0,"key":"Weak Potion"},{"floor":4.0,"key":"Explosive Potion"}],"is_trial":false,"path_per_floor":["M","M","?","M","M","E","R","E","T","T","?","?"],"character_chosen":"THE_SILENT","items_purchased":[],"campfire_rested":1,"item_purchase_floors":[],"current_hp_per_floor":[65,65,58,58,42,13,34,8,18,18,2,2],"gold":220,"neow_bonus":"TEN_PERCENT_HP_BONUS","is_prod":false,"is_daily":false,"chose_seed":false,"campfire_upgraded":0,"win_rate":0,"timestamp":1553058885,"path_taken":["M","M","?","M","M","E","R","E","T","?","?","?"],"build_version":"2019-01-23","purchased_purges":0,"victory":false,"max_hp_per_floor":[72,72,72,72,72,72,72,72,82,82,82,82],"card_choices":[{"not_picked":["Flying Knee","Prepared"],"picked":"Bouncing Flask","floor":1.0},{"not_picked":["Choke","Sucker Punch"],"picked":"Dagger Throw","floor":2.0},{"not_picked":["Sucker Punch","Accuracy"],"picked":"Deadly Poison","floor":4.0},{"not_picked":["Dodge and Roll","Night Terror"],"picked":"Acrobatics","floor":5.0},{"not_picked":["Bane","Sucker Punch"],"picked":"Tools of the Trade","floor":6.0},{"not_picked":["Blade Dance","Prepared","Outmaneuver"],"picked":"SKIP","floor":8.0}],"player_experience":665865,"relics_obtained":[{"floor":6.0,"key":"Paper Crane"},{"floor":8.0,"key":"Molten Egg 2"},{"floor":9.0,"key":"Pear"},{"floor":10.0,"key":"Shuriken"}],"event_choices":[{"cards_removed":["Strike_G"],"damage_healed":0.0,"max_hp_gain":0.0,"max_hp_loss":0.0,"gold_gain":0.0,"event_name":"Golden Wing","player_choice":"Card Removal","floor":3.0,"gold_loss":0.0,"damage_taken":7.0},{"damage_healed":0.0,"max_hp_gain":0.0,"max_hp_loss":0.0,"gold_gain":0.0,"event_name":"Shining Light","player_choice":"Entered Light","floor":11.0,"gold_loss":0.0,"damage_taken":16.0,"cards_upgraded":["Defend_G","Neutralize"]}],"is_beta":false,"boss_relics":[],"items_purged_floors":[],"is_endless":false,"potions_floor_spawned":[1,4],"ascension_level":14}