{"gold_per_floor":[114,114,131,145,145,177,177,177,177,194,194,212,231,249,249,345,345,358,369,389,404,418,450,467,483,483,498,135,135,22,37,37,137,137,154,154,209,209,224,224,237,237,237,137,154,154,183,203,203,203,203,203,78,103,103],"floor_reached":55,"playtime":8404,"items_purged":["Zap","Shame","Strike_B"],"score":752,"play_id":"74c0771e-ce6f-4bad-8435-e6786db94639","local_time":"20190329211052","is_ascension_mode":false,"campfire_choices":[{"data":"Defragment","floor":7.0,"key":"SMITH"},{"floor":11.0,"key":"REST"},{"floor":15.0,"key":"REST"},{"floor":29.0,"key":"RECALL"},{"data":"Conserve Battery","floor":32.0,"key":"SMITH"},{"data":"Go for the Eyes","floor":40.0,"key":"SMITH"},{"data":"Consume","floor":42.0,"key":"SMITH"},{"data":"Coolheaded","floor":49,"key":"SMITH"},{"data":"Leap","floor":52,"key":"SMITH"}],"neow_cost":"NONE","seed_source_timestamp":0,"circlet_count":0,"master_deck":["Strike_B+1","Strike_B+1","Strike_B","Defend_B","Defend_B","Defend_B+1","Defend_B","Dualcast","Ball Lightning","Sunder+1","Defragment+1","Consume+1","Go for the Eyes+1","Cold Snap","Leap+1","BootSequence","Biased Cognition+1","Conserve Battery+1","Coolheaded+1","Doom and Gloom+1","Tempest+1","Undo","Echo Form+1","Self Repair+1","Undo","Buffer+1","Apotheosis","Doom and Gloom+1","Core Surge+1"],"special_seed":0,"relics":["Cracked Core","Frozen Egg 2","Mummified Hand","Snecko Eye","Blue Candle","Singing Bowl","DataDisk","Cursed Key","Bird Faced Urn","Ancient Tea Set","Strawberry","Whetstone"],"potions_floor_usage":[50,54],"damage_taken":[{"damage":5.0,"enemies":"2 Louse","floor":1.0,"turns":3.0},{"damage":10.0,"enemies":"Small Slimes","floor":3.0,"turns":3.0},{"damage":0.0,"enemies":"Cultist","floor":4.0,"turns":2.0},{"damage":26.0,"enemies":"Gremlin Nob","floor":6.0,"turns":5.0},{"damage":18.0,"enemies":"Gremlin Gang","floor":10.0,"turns":3.0},{"damage":8.0,"enemies":"2 Fungi Beasts","floor":12.0,"turns":3.0},{"damage":0.0,"enemies":"3 Louse","floor":13.0,"turns":1.0},{"damage":8.0,"enemies":"Red Slaver","floor":14.0,"turns":2.0},{"damage":9.0,"enemies":"The Guardian","floor":16.0,"turns":12.0},{"damage":3.0,"enemies":"Shell Parasite","floor":18.0,"turns":6.0},{"damage":17.0,"enemies":"3 Byrds","floor":19.0,"turns":5.0},{"damage":0.0,"enemies":"Snecko","floor":20.0,"turns":4.0},{"damage":12.0,"enemies":"Snake Plant","floor":21.0,"turns":3.0},{"damage":1.0,"enemies":"3 Cultists","floor":22.0,"turns":4.0},{"damage":30.0,"enemies":"Gremlin Leader","floor":23.0,"turns":8.0},{"damage":1.0,"enemies":"Snecko","floor":24.0,"turns":4.0},{"damage":0.0,"enemies":"Cultist and Chosen","floor":25.0,"turns":6.0},{"damage":9.0,"enemies":"Snake Plant","floor":27.0,"turns":4.0},{"damage":1.0,"enemies":"Snecko","floor":31.0,"turns":4.0},{"damage":2.0,"enemies":"Champ","floor":33.0,"turns":8.0},{"damage":5.0,"enemies":"Orb Walker","floor":35.0,"turns":3.0},{"damage":52.0,"enemies":"2 Orb Walkers","floor":37.0,"turns":7.0},{"damage":0.0,"enemies":"3 Shapes","floor":39.0,"turns":4.0},{"damage":0.0,"enemies":"3 Darklings","floor":41.0,"turns":4.0},{"damage":0.0,"enemies":"Transient","floor":45.0,"turns":5.0},{"damage":0.0,"enemies":"Giant Head","floor":47.0,"turns":9.0},{"damage":0.0,"enemies":"Spire Growth","floor":48.0,"turns":3.0},{"damage":16,"enemies":"Awakened One","floor":50,"turns":14},{"damage":70,"enemies":"Shield and Spear","floor":54,"turns":7},{"damage":72,"enemies":"The Heart","floor":55,"turns":3}],"seed_played":"8865501337350851957","potions_obtained":[{"floor":10.0,"key":"Energy Potion"},{"floor":12.0,"key":"Explosive Potion"},{"floor":13.0,"key":"Dexterity Potion"},{"floor":14.0,"key":"FocusPotion"},{"floor":19.0,"key":"SteroidPotion"},{"floor":21.0,"key":"AttackPotion"},{"floor":23.0,"key":"Regen Potion"},{"floor":24.0,"key":"Explosive Potion"},{"floor":27.0,"key":"Energy Potion"},{"floor":33.0,"key":"FocusPotion"},{"floor":37.0,"key":"Strength Potion"},{"floor":38.0,"key":"Block Potion"},{"floor":38.0,"key":"Poison Potion"},{"floor":39.0,"key":"SpeedPotion"}],"is_trial":false,"path_per_floor":["M","?","M","M","?","E","R","?","T","M","R","M","M","M","R","B",null,"M","M","M","M","M","E","M","M","T","M","$","R","$","M","R","B",null,"M","?","?","?","M","R","M","R","T","$","M","?","E","M","R","B",null,"R","$","E","B"],"character_chosen":"DEFECT","items_purchased":["DataDisk","Echo Form+1","Self Repair+1","Undo"],"campfire_rested":2,"item_purchase_floors":[28,28,30,30],"current_hp_per_floor":[77,77,67,67,51,25,25,25,25,7,31,23,23,15,39,30,82,79,62,62,50,49,19,18,33,33,26,26,26,26,37,37,45,86,88,82,40,40,62,62,94,94,94,94,98,98,107,109,109,109,109,109,109,67,0],"gold":103,"neow_bonus":"TEN_PERCENT_HP_BONUS","is_prod":false,"is_daily":false,"chose_seed":false,"campfire_upgraded":6,"win_rate":0,"timestamp":1553911852,"path_taken":["M","?","M","M","?","E","R","?","T","M","R","M","?","M","R","BOSS","M","?","M","M","M","E","M","?","T","M","$","R","$","M","R","BOSS","M","?","?","?","M","R","?","R","T","$","M","?","E","M","R","BOSS","R","$","E","BOSS"],"build_version":"2019-01-23","purchased_purges":3,"victory":false,"max_hp_per_floor":[82,82,82,82,82,82,82,82,82,82,82,82,82,82,82,82,82,82,82,82,82,82,82,82,82,82,84,84,84,84,86,86,86,86,88,92,92,92,94,94,96,96,96,96,98,98,107,109,109,109,109,109,109,109,109],"card_choices":[{"not_picked":["Cold Snap","Coolheaded"],"picked":"Ball Lightning","floor":1.0},{"not_picked":["Reprogram","Beam Cell"],"picked":"Sunder","floor":3.0},{"not_picked":["Consume","Streamline"],"picked":"Defragment","floor":4.0},{"not_picked":["Rebound","Streamline"],"picked":"Consume","floor":6.0},{"not_picked":["Gash","Steam"],"picked":"Go for the Eyes","floor":10.0},{"not_picked":["Amplify","Gash"],"picked":"Cold Snap","floor":12.0},{"not_picked":["Coolheaded","Stack"],"picked":"Leap","floor":13.0},{"not_picked":["Recycle","Cold Snap"],"picked":"BootSequence","floor":14.0},{"not_picked":["Multi-Cast","Fission"],"picked":"Biased Cognition+1","floor":16.0},{"not_picked":["Stack","Reprogram"],"picked":"Conserve Battery","floor":18.0},{"not_picked":["White Noise+1","Auto Shields"],"picked":"Coolheaded","floor":19.0},{"not_picked":["Coolheaded","Rip and Tear+1","Go for the Eyes"],"picked":"SKIP","floor":20.0},{"not_picked":["Redo","Chaos","Hologram"],"picked":"SKIP","floor":21.0},{"not_picked":["Gash+1","Streamline","Rebound"],"picked":"SKIP","floor":22.0},{"not_picked":["Gash+1","Streamline","Rebound"],"picked":"SKIP","floor":22.0},{"not_picked":["Cold Snap","Hello World+1"],"picked":"Doom and Gloom+1","floor":23.0},{"not_picked":["Beam Cell","Redo+1"],"picked":"Tempest+1","floor":24.0},{"not_picked":["Sweeping Beam","Streamline"],"picked":"Undo","floor":25.0},{"not_picked":["Static Discharge+1","Redo","Ball Lightning+1"],"picked":"Singing Bowl","floor":27.0},{"not_picked":["Steam","Cold Snap","Heatsinks+1"],"picked":"Singing Bowl","floor":31.0},{"not_picked":["Hyperbeam","Multi-Cast"],"picked":"Buffer+1","floor":33.0},{"not_picked":["Go for the Eyes+1","Double Energy","Turbo+1"],"picked":"Singing Bowl","floor":35.0},{"not_picked":["Impatience","Panache+1"],"picked":"Apotheosis","floor":36.0},{"not_picked":["Apotheosis","Mayhem+1","Flash of Steel"],"picked":"Singing Bowl","floor":36.0},{"not_picked":["Madness","Purity","Secret Weapon"],"picked":"Singing Bowl","floor":36.0},{"not_picked":["Hologram+1","Stack"],"picked":"Doom and Gloom+1","floor":37.0},{"not_picked":["Rebound","Darkness+1","Coolheaded+1"],"picked":"Singing Bowl","floor":39.0},{"not_picked":["Streamline+1","Cold Snap","Aggregate+1"],"picked":"Singing Bowl","floor":41.0},{"not_picked":["Conserve Battery","Coolheaded+1","Ball Lightning"],"picked":"Singing Bowl","floor":45.0},{"not_picked":["Chaos+1","Consume","Streamline"],"picked":"Singing Bowl","floor":47.0},{"not_picked":["Turbo","Rebound","Undo+1"],"picked":"Singing Bowl","floor":48.0},{"not_picked":["Steam","Streamline"],"picked":"Core Surge","floor":54}],"player_experience":168912,"relics_obtained":[{"floor":6.0,"key":"Frozen Egg 2"},{"floor":9.0,"key":"Mummified Hand"},{"floor":23.0,"key":"Blue Candle"},{"floor":26.0,"key":"Singing Bowl"},{"floor":37.0,"key":"Bird Faced Urn"},{"floor":46.0,"key":"Ancient Tea Set"},{"floor":47.0,"key":"Strawberry"},{"floor":54,"key":"Whetstone"}],"event_choices":[{"damage_healed":0.0,"max_hp_gain":0.0,"max_hp_loss":0.0,"gold_gain":0.0,"event_name":"Liars Game","player_choice":"Ignored","floor":2.0,"gold_loss":0.0,"damage_taken":0.0},{"damage_healed":0.0,"max_hp_gain":0.0,"max_hp_loss":0.0,"gold_gain":0.0,"event_name":"Shining Light","player_choice":"Entered Light","floor":5.0,"gold_loss":0.0,"damage_taken":16.0,"cards_upgraded":["Defend_B","Strike_B"]},{"damage_healed":0.0,"max_hp_gain":0.0,"max_hp_loss":0.0,"gold_gain":0.0,"event_name":"Upgrade Shrine","player_choice":"Upgraded","floor":8.0,"gold_loss":0.0,"damage_taken":0.0,"cards_upgraded":["Sunder"]},{"damage_healed":0.0,"max_hp_gain":0.0,"max_hp_loss":0.0,"gold_gain":0.0,"event_name":"SensoryStone","player_choice":"Memory 3","floor":36.0,"gold_loss":0.0,"damage_taken":10.0},{"damage_healed":0.0,"max_hp_gain":0.0,"max_hp_loss":0.0,"gold_gain":0.0,"event_name":"Mysterious Sphere","player_choice":"Fight","floor":37.0,"gold_loss":0.0,"damage_taken":0.0},{"damage_healed":0.0,"max_hp_gain":0.0,"max_hp_loss":0.0,"gold_gain":0.0,"event_name":"Lab","player_choice":"Got Potions","floor":38.0,"gold_loss":0.0,"damage_taken":0.0},{"damage_healed":0.0,"max_hp_gain":0.0,"max_hp_loss":0.0,"gold_gain":0.0,"event_name":"Wheel of Change","player_choice":"Relic","floor":46.0,"gold_loss":0.0,"damage_taken":0.0}],"is_beta":false,"boss_relics":[{"not_picked":["Busted Crown","Philosopher\u0027s Stone"],"picked":"Snecko Eye"},{"not_picked":["FrozenCore","Velvet Choker"],"picked":"Cursed Key"}],"items_purged_floors":[28,44,53],"is_endless":false,"potions_floor_spawned":[10,12,13,14,19,21,23,24,27,33,37,39],"killed_by":"The Heart","ascension_level":0}