{"gold_per_floor":[112,129,49,49,64,93,112,126,126,126,136,136,165,16,16,111,111,121,141,28,28,128,128,155,173,173,173,49,49,84,84],"floor_reached":31,"playtime":2953,"items_purged":["Defend_B","Strike_B+1"],"score":311,"play_id":"7c52d056-2734-44c5-af8b-33c9d938866d","local_time":"20190326081531","is_ascension_mode":true,"campfire_choices":[{"data":"Defragment","floor":10.0,"key":"SMITH"},{"data":"Streamline","floor":12.0,"key":"SMITH"},{"data":"Auto Shields","floor":15,"key":"SMITH"},{"data":"Capacitor","floor":23,"key":"SMITH"},{"floor":29,"key":"REST"}],"neow_cost":"NONE","seed_source_timestamp":0,"circlet_count":0,"master_deck":["Strike_B+1","Strike_B+1","Strike_B+1","Defend_B+1","Defend_B+1","Defend_B+1","Zap+1","Dualcast","Cold Snap","Defragment+1","Streamline+1","Gash","BootSequence","Auto Shields+1","Electrodynamics","Steam+1","Capacitor+1","Gash","Genetic Algorithm","Conserve Battery"],"special_seed":0,"relics":["Cracked Core","NeowsBlessing","War Paint","Meat on the Bone","Letter Opener","Pantograph","Happy Flower","Philosopher\u0027s Stone","Torii","Dodecahedron","Art of War","Bottled Flame","Gremlin Horn","Prayer Wheel"],"potions_floor_usage":[16,19,22,25,30],"damage_taken":[{"damage":0.0,"enemies":"Cultist","floor":1.0,"turns":1.0},{"damage":0.0,"enemies":"Small Slimes","floor":2.0,"turns":1.0},{"damage":0.0,"enemies":"Jaw Worm","floor":5.0,"turns":1.0},{"damage":17.0,"enemies":"Lagavulin","floor":6.0,"turns":6.0},{"damage":14.0,"enemies":"Exordium Thugs","floor":7.0,"turns":5.0},{"damage":19.0,"enemies":"Gremlin Gang","floor":8.0,"turns":5.0},{"damage":4.0,"enemies":"Blue Slaver","floor":11.0,"turns":3.0},{"damage":10.0,"enemies":"3 Sentries","floor":13.0,"turns":5.0},{"damage":25,"enemies":"Hexaghost","floor":16,"turns":10},{"damage":1,"enemies":"3 Byrds","floor":18,"turns":2},{"damage":14,"enemies":"Shell Parasite","floor":19,"turns":5},{"damage":9,"enemies":"Colosseum Slavers","floor":22,"turns":4},{"damage":21,"enemies":"Colosseum Nobs","floor":22,"turns":4},{"damage":31,"enemies":"Gremlin Leader","floor":24,"turns":5},{"damage":19,"enemies":"Snecko","floor":25,"turns":5},{"damage":15,"enemies":"Book of Stabbing","floor":30,"turns":6},{"damage":35,"enemies":"Cultist and Chosen","floor":31,"turns":4}],"seed_played":"1956668878416107328","potions_obtained":[{"floor":5.0,"key":"Ancient Potion"},{"floor":7.0,"key":"Swift Potion"},{"floor":13.0,"key":"Swift Potion"},{"floor":16,"key":"Energy Potion"},{"floor":18,"key":"SpeedPotion"},{"floor":24,"key":"SneckoOil"},{"floor":25,"key":"SpeedPotion"}],"is_trial":false,"path_per_floor":["M","M","$","?","M","E","M","M","T","R","M","R","E","$","R","B",null,"M","M","$","?","?","R","E","M","T","?","$","R","E","M"],"character_chosen":"DEFECT","items_purchased":["Defragment","Happy Flower","Capacitor","Conserve Battery"],"campfire_rested":1,"item_purchase_floors":[3,14,20,28],"current_hp_per_floor":[75,75,75,75,75,58,44,37,37,37,45,45,47,47,47,47,75,74,60,60,60,42,42,23,16,16,16,16,38,35,0],"gold":84,"neow_bonus":"THREE_ENEMY_KILL","is_prod":false,"is_daily":false,"chose_seed":false,"campfire_upgraded":4,"win_rate":0,"timestamp":1553606131,"path_taken":["M","M","$","?","?","E","M","M","T","R","M","R","E","?","R","BOSS","M","M","$","?","?","R","E","M","T","?","$","R","E","M"],"build_version":"2019-01-23","purchased_purges":2,"victory":false,"max_hp_per_floor":[75,75,75,75,75,75,75,75,75,75,75,75,75,75,75,75,75,75,75,75,75,75,75,75,75,75,75,75,75,75,75],"card_choices":[{"not_picked":["Stack","Steam Power","Storm"],"picked":"SKIP","floor":1.0},{"not_picked":["Hologram","Reprogram"],"picked":"Cold Snap","floor":2.0},{"not_picked":["Rebound","FTL"],"picked":"Streamline","floor":5.0},{"not_picked":["Cold Snap","Barrage"],"picked":"Gash","floor":6.0},{"not_picked":["Heatsinks","Leap"],"picked":"BootSequence","floor":7.0},{"not_picked":["Compile Driver","Steam","Lockon"],"picked":"SKIP","floor":8.0},{"not_picked":["Rebound","Ball Lightning","Hologram"],"picked":"SKIP","floor":11.0},{"not_picked":["Blizzard","Aggregate"],"picked":"Auto Shields","floor":13.0},{"not_picked":["Echo Form","Thunder Strike"],"picked":"Electrodynamics","floor":16},{"not_picked":["Rebound","Ball Lightning","Compile Driver"],"picked":"SKIP","floor":18},{"not_picked":["Compile Driver","FTL"],"picked":"Steam+1","floor":19},{"not_picked":["Scrape","Sweeping Beam"],"picked":"Gash","floor":22},{"not_picked":["Sweeping Beam","Sunder+1","Core Surge"],"picked":"SKIP","floor":24},{"not_picked":["Coolheaded","Redo"],"picked":"Genetic Algorithm","floor":25},{"not_picked":["Rebound","Compile Driver","Double Energy"],"picked":"SKIP","floor":30}],"player_experience":133621,"relics_obtained":[{"floor":4.0,"key":"War Paint"},{"floor":6.0,"key":"Meat on the Bone"},{"floor":9.0,"key":"Letter Opener"},{"floor":13.0,"key":"Pantograph"},{"floor":22,"key":"Torii"},{"floor":22,"key":"Dodecahedron"},{"floor":24,"key":"Art of War"},{"floor":26,"key":"Bottled Flame"},{"floor":30,"key":"Prayer Wheel"}],"event_choices":[{"damage_healed":0.0,"max_hp_gain":0.0,"max_hp_loss":0.0,"gold_gain":0.0,"event_name":"Wheel of Change","player_choice":"Relic","floor":4.0,"gold_loss":0.0,"damage_taken":0.0},{"damage_healed":0,"gold_gain":0,"player_choice":"Simplicity","damage_taken":0,"max_hp_gain":0,"max_hp_loss":0,"event_name":"Back to Basics","floor":21,"gold_loss":0,"cards_upgraded":["Strike_B","Strike_B","Strike_B","Strike_B","Defend_B","Defend_B"]},{"damage_healed":0,"gold_gain":0,"player_choice":"Fight","damage_taken":0,"max_hp_gain":0,"max_hp_loss":0,"event_name":"Colosseum","floor":22,"gold_loss":0},{"damage_healed":0,"gold_gain":0,"player_choice":"Fought Nobs","damage_taken":0,"max_hp_gain":0,"max_hp_loss":0,"event_name":"Colosseum","floor":22,"gold_loss":0},{"damage_healed":0,"gold_gain":0,"player_choice":"Gave Potion","damage_taken":0,"relics_obtained":["Gremlin Horn"],"max_hp_gain":0,"max_hp_loss":0,"event_name":"WeMeetAgain","floor":27,"gold_loss":0}],"is_beta":false,"boss_relics":[{"not_picked":["Black Star","Pandora\u0027s Box"],"picked":"Philosopher\u0027s Stone"}],"items_purged_floors":[20,28],"is_endless":false,"potions_floor_spawned":[5,7,13,16,18,24,25],"killed_by":"Cultist and Chosen","ascension_level":2}