{"path_per_floor":["M","?","?","M","M","R","M","E","T","R","?","$","R","?","R","B",null,"M","?","$","M","?","R","M","M","T","T","M","E","?","?","R","B",null,"M","?","M","M"],"character_chosen":"DEFECT","items_purchased":["Defragment","Self Repair"],"gold_per_floor":[148,148,148,167,184,184,195,229,229,229,229,139,139,104,104,201,201,214,214,93,109,109,109,127,138,138,207,218,243,243,158,158,259,259,278,378,394,407,407],"floor_reached":39,"campfire_rested":2,"playtime":1862,"item_purchase_floors":[12,20],"current_hp_per_floor":[80,80,68,68,68,68,64,8,8,32,32,32,56,76,76,30,80,70,70,70,71,71,71,61,66,66,66,67,69,53,53,53,67,90,56,56,61,12,0],"items_purged":["Strike_B","Defend_B"],"gold":407,"score":496,"play_id":"07267f26-4cb3-4413-b18b-aeb021a789ba","local_time":"20180614211026","is_prod":false,"is_daily":false,"chose_seed":false,"is_ascension_mode":true,"campfire_upgraded":4,"win_rate":0,"timestamp":1529003426,"campfire_choices":[{"data":"Auto Shields","floor":6,"key":"SMITH"},{"floor":10,"key":"REST"},{"floor":13,"key":"REST"},{"data":"Defragment","floor":15,"key":"SMITH"},{"data":"Creative AI","floor":23,"key":"SMITH"},{"data":"Defend_B","floor":32,"key":"SMITH"}],"path_taken":["M","?","?","?","M","R","M","E","T","R","?","?","R","?","R","BOSS","M","?","$","M","?","R","M","?","T","?","M","E","?","?","R","BOSS","M","?","M","M","M"],"build_version":"2018-06-13v3","seed_source_timestamp":47439112892089,"purchased_purges":2,"victory":false,"master_deck":["Strike_B+1","Defend_B","Defend_B+1","Defend_B+1","Zap+1","Dualcast","Conserve Battery","Leap","Auto Shields+1","Conserve Battery","Force Field","Defragment+1","Creative AI+1","Cold Snap+1","Self Repair","Darkness","Redo","Necronomicurse","Defragment"],"max_hp_per_floor":[80,80,80,80,80,80,80,80,80,80,80,80,80,80,80,80,80,80,80,80,80,80,80,80,80,80,80,80,90,90,90,90,90,90,90,90,90,90,90],"relics":["Tiny House","War Paint","Molten Egg 2","Smiling Mask","Sozu","Dead Branch","Mummified Hand","Pear","Necronomicon","Ornamental Fan"],"card_choices":[{"not_picked":["Turbo","Go for the Eyes"],"picked":"Conserve Battery","floor":0},{"not_picked":["Meteor Strike","Go for the Eyes"],"picked":"Leap","floor":1},{"not_picked":["Doom and Gloom","Steam Power"],"picked":"Auto Shields","floor":4},{"not_picked":["Undo","Rebound"],"picked":"Conserve Battery","floor":5},{"not_picked":["Tempest","Skim","Steam"],"picked":"SKIP","floor":7},{"not_picked":["Beam Cell","Sweeping Beam"],"picked":"Force Field","floor":8},{"not_picked":["Hyperbeam+1","Reboot"],"picked":"Creative AI","floor":16},{"not_picked":["Turbo","Conserve Battery"],"picked":"Cold Snap+1","floor":18},{"not_picked":["Steam Power","Ball Lightning+1","Steam"],"picked":"SKIP","floor":21},{"not_picked":["Aggregate","Gash+1"],"picked":"Redo","floor":24},{"not_picked":["Steam","Go for the Eyes+1","Reprogram"],"picked":"SKIP","floor":25},{"not_picked":["Beam Cell+1","Sweeping Beam+1","Turbo"],"picked":"SKIP","floor":28},{"not_picked":["Lockon+1","Skim","Rip and Tear+1"],"picked":"SKIP","floor":29},{"not_picked":["Cold Snap+1","Genetic Algorithm","Go for the Eyes+1"],"picked":"SKIP","floor":35},{"not_picked":["Blizzard+1","Rebound+1"],"picked":"Defragment","floor":37},{"not_picked":["Gash+1","Hologram","Force Field"],"picked":"SKIP","floor":38}],"player_experience":245261,"potions_floor_usage":[8,16,38],"damage_taken":[{"damage":0,"enemies":"2 Louse","floor":1,"turns":2},{"damage":0,"enemies":"Jaw Worm","floor":4,"turns":4},{"damage":0,"enemies":"Cultist","floor":5,"turns":3},{"damage":4,"enemies":"Exordium Wildlife","floor":7,"turns":8},{"damage":56,"enemies":"Gremlin Nob","floor":8,"turns":7},{"damage":46,"enemies":"Slime Boss","floor":16,"turns":17},{"damage":10,"enemies":"Spheric Guardian","floor":18,"turns":6},{"damage":6,"enemies":"Chosen","floor":21,"turns":8},{"damage":17,"enemies":"Slaver and Parasite","floor":24,"turns":8},{"damage":2,"enemies":"3 Cultists","floor":25,"turns":7},{"damage":6,"enemies":"Centurion and Healer","floor":28,"turns":8},{"damage":15,"enemies":"Book of Stabbing","floor":29,"turns":8},{"damage":0,"enemies":"Champ","floor":33,"turns":10},{"damage":41,"enemies":"3 Darklings","floor":35,"turns":7},{"damage":2,"enemies":"3 Shapes","floor":37,"turns":5},{"damage":56,"enemies":"Transient","floor":38,"turns":5},{"damage":14,"enemies":"Spire Growth","floor":39,"turns":3}],"relics_obtained":[{"floor":8,"key":"Molten Egg 2"},{"floor":9,"key":"Smiling Mask"},{"floor":26,"key":"Dead Branch"},{"floor":27,"key":"Mummified Hand"},{"floor":29,"key":"Pear"},{"floor":30,"key":"Necronomicon"}],"event_choices":[{"event_name":"Living Wall","player_choice":"Forget","floor":2,"damage_taken":0},{"event_name":"Scrap Ooze","player_choice":"success","floor":3,"damage_taken":12},{"event_name":"Liars Game","player_choice":"disagreed","floor":11,"damage_taken":0},{"event_name":"The Cleric","player_choice":"Healed","floor":14,"damage_taken":0},{"event_name":"Purifier","player_choice":"One Purge","floor":19,"damage_taken":0},{"event_name":"The Library","player_choice":"Read","floor":22,"damage_taken":0},{"event_name":"Cursed Tome","player_choice":"Obtained Book","floor":30,"damage_taken":0},{"event_name":"Addict","player_choice":"Obtained Relic","floor":31,"damage_taken":0},{"event_name":"Golden Shrine","player_choice":"Pray","floor":36,"damage_taken":0}],"boss_relics":[{"not_picked":["Astrolabe","Philosopher\u0027s Stone"],"picked":"Sozu"},{"not_picked":["Velvet Choker","Coffee Dripper","Runic Pyramid"]}],"items_purged_floors":[12,20],"potions_floor_spawned":[4,7,8,16,18,24,28,35],"seed_played":"-4568584168486867845","killed_by":"Spire Growth","ascension_level":1,"potions_obtained":[{"floor":0,"key":"SpeedPotion"},{"floor":4,"key":"Dexterity Potion"},{"floor":7,"key":"LiquidBronze"},{"floor":8,"key":"Fire Potion"},{"floor":16,"key":"Poison Potion"}],"is_trial":false}