{"path_per_floor":["M","M","?","?","M","E","?","M","T","E","M","M","M","M","R","B",null,"M","$","?","?","M","R","?","M","T","R","?","E","M","E","R"],"character_chosen":"IRONCLAD","items_purchased":["Torii","Bronze Scales"],"gold_per_floor":[109,127,127,127,144,173,173,189,237,269,282,297,309,329,329,429,429,441,0,0,0,16,16,16,30,30,30,30,58,76,107,107,107],"floor_reached":33,"campfire_rested":0,"playtime":2209,"item_purchase_floors":[],"current_hp_per_floor":[80,80,80,62,68,67,67,61,61,33,41,47,47,42,42,13,87,85,85,85,85,75,75,75,42,42,42,42,45,40,44,44,0],"items_purged":[],"gold":107,"score":324,"play_id":"9af5fae2-5fc7-4266-bd45-49f003ce2392","local_time":"20180523220737","is_prod":false,"is_daily":false,"chose_seed":false,"is_ascension_mode":false,"campfire_upgraded":4,"win_rate":0.0,"timestamp":1527106057,"campfire_choices":[{"data":"Armaments","floor":15.0,"key":"SMITH"},{"data":"Twin Strike","floor":23.0,"key":"SMITH"},{"data":"Carnage","floor":27.0,"key":"SMITH"},{"data":"Fire Breathing","floor":32.0,"key":"SMITH"}],"path_taken":["M","?","?","?","?","E","?","?","T","E","M","M","M","M","R","BOSS","M","$","?","?","M","R","?","M","T","R","?","E","M","E","R","BOSS"],"build_version":"2018-05-23","seed_source_timestamp":0,"purchased_purges":0,"victory":false,"master_deck":["Defend_R","Defend_R","Defend_R","Defend_R","Bash","Whirlwind","Headbutt","Regret","Twin Strike","Double Tap","Armaments+1","Whirlwind","Twin Strike+1","Pommel Strike","Reaper","Shrug It Off","Feel No Pain","Cleave+1","Bite","Bite","Bite","Bite","Bite","Carnage+1","Feed","Twin Strike+1","Fire Breathing+1"],"max_hp_per_floor":[80,80,80,80,80,87,87,87,87,87,87,87,87,87,87,87,87,87,87,87,87,87,87,87,87,87,87,87,87,87,87,87,87],"relics":["Burning Blood","Pantograph","Pen Nib","Strawberry","Sundial","Juzu Bracelet","White Beast Statue","Torii","Bronze Scales","Potion Belt","Regal Pillow","Lantern"],"card_choices":[{"not_picked":["Warcry","Rage"],"picked":"Whirlwind","floor":1.0},{"not_picked":["Perfected Strike","Twin Strike"],"picked":"Headbutt","floor":2.0},{"not_picked":["Flex","Hemokinesis"],"picked":"Twin Strike","floor":5.0},{"not_picked":["Headbutt","Warcry"],"picked":"Double Tap","floor":6.0},{"not_picked":["Iron Wave","Clash"],"picked":"Armaments","floor":8.0},{"not_picked":["Rage","Corruption","Pummel"],"picked":"SKIP","floor":10.0},{"not_picked":["Searing Blow","Clash"],"picked":"Whirlwind","floor":11.0},{"not_picked":["Clash","Battle Trance"],"picked":"Twin Strike","floor":12.0},{"not_picked":["Clash","Hemokinesis","Perfected Strike"],"picked":"SKIP","floor":13.0},{"not_picked":["Rage","Second Wind"],"picked":"Pommel Strike","floor":14.0},{"not_picked":["Dark Embrace","Brutality"],"picked":"Reaper","floor":16.0},{"not_picked":["Twin Strike","True Grit"],"picked":"Shrug It Off","floor":18.0},{"not_picked":["Sword Boomerang","Pommel Strike"],"picked":"Cleave+1","floor":22.0},{"not_picked":["Sever Soul","Dual Wield+1"],"picked":"Carnage","floor":25.0},{"not_picked":["Perfected Strike","Headbutt"],"picked":"Feed","floor":29.0},{"not_picked":["Pommel Strike","Headbutt"],"picked":"Twin Strike+1","floor":30.0},{"not_picked":["Twin Strike","Clothesline+1"],"picked":"Fire Breathing","floor":31.0}],"player_experience":0,"potions_floor_usage":[33,33],"damage_taken":[{"damage":1.0,"enemies":"Cultist","floor":1.0,"turns":3.0},{"damage":1.0,"enemies":"Jaw Worm","floor":2.0,"turns":4.0},{"damage":0.0,"enemies":"Small Slimes","floor":5.0,"turns":3.0},{"damage":14.0,"enemies":"Gremlin Nob","floor":6.0,"turns":3.0},{"damage":12.0,"enemies":"Looter","floor":8.0,"turns":3.0},{"damage":34.0,"enemies":"Lagavulin","floor":10.0,"turns":7.0},{"damage":0.0,"enemies":"3 Louse","floor":11.0,"turns":1.0},{"damage":2.0,"enemies":"Large Slime","floor":12.0,"turns":5.0},{"damage":8.0,"enemies":"Exordium Thugs","floor":13.0,"turns":3.0},{"damage":13.0,"enemies":"3 Louse","floor":14.0,"turns":2.0},{"damage":62.0,"enemies":"The Guardian","floor":16.0,"turns":11.0},{"damage":12.0,"enemies":"Chosen","floor":18.0,"turns":4.0},{"damage":22.0,"enemies":"Spheric Guardian","floor":22.0,"turns":4.0},{"damage":63.0,"enemies":"Slaver and Parasite","floor":25.0,"turns":9.0},{"damage":21.0,"enemies":"Slavers","floor":29.0,"turns":6.0},{"damage":23.0,"enemies":"Snake Plant","floor":30.0,"turns":5.0},{"damage":24.0,"enemies":"Gremlin Leader","floor":31.0,"turns":7.0},{"damage":95,"enemies":"Champ","floor":33,"turns":11}],"relics_obtained":[{"floor":6.0,"key":"Strawberry"},{"floor":9.0,"key":"Juzu Bracelet"},{"floor":10.0,"key":"Blood Vial"},{"floor":26.0,"key":"Potion Belt"},{"floor":29.0,"key":"Regal Pillow"},{"floor":31.0,"key":"Lantern"}],"event_choices":[{"event_name":"Big Fish","player_choice":"Box","floor":3.0,"damage_taken":0.0},{"event_name":"Scrap Ooze","player_choice":"success","floor":4.0,"damage_taken":18.0},{"event_name":"Wheel of Change","player_choice":"Relic","floor":7.0,"damage_taken":0.0},{"event_name":"Transmorgrifier","player_choice":"Transform","floor":20.0,"damage_taken":0.0},{"event_name":"Drug Dealer","player_choice":"Ignored","floor":21.0,"damage_taken":0.0},{"event_name":"Vampires","player_choice":"Became a vampire (Vial)","floor":24.0,"damage_taken":0.0},{"event_name":"Beggar","player_choice":"Ignored","floor":28.0,"damage_taken":0.0}],"boss_relics":[],"items_purged_floors":[],"potions_floor_spawned":[2,5,6,12,13,18,22,25,29,30,31],"seed_played":"6014781461883545038","killed_by":"Champ","ascension_level":0,"potions_obtained":[{"floor":2.0,"key":"FearPotion"},{"floor":5.0,"key":"EssenceOfSteel"},{"floor":6.0,"key":"Poison Potion"},{"floor":12.0,"key":"Dexterity Potion"},{"floor":18.0,"key":"SteroidPotion"},{"floor":22.0,"key":"Energy Potion"},{"floor":25.0,"key":"Weak Potion"},{"floor":29.0,"key":"SteroidPotion"},{"floor":30.0,"key":"BloodPotion"},{"floor":31.0,"key":"Ancient Potion"}],"is_trial":false}