{"path_per_floor":["M","?","$","T","?","R","M","E","T","M","M","M","$","E","R","B",null,"M","?","?","$","M","R","M"],"character_chosen":"DEFECT","items_purchased":["Capacitor","Leap","Heatsinks","Cold Snap+1","Bandage Up+1"],"gold_per_floor":[113,113,17,17,17,17,27,55,55,67,86,106,14,44,44,145,145,165,165,165,72,54,54,65,65],"floor_reached":25,"campfire_rested":2,"playtime":991,"item_purchase_floors":[3,3,13,13,21],"current_hp_per_floor":[74,74,74,74,74,74,74,60,60,60,54,48,48,39,61,39,75,57,57,41,41,25,47,16,0],"items_purged":[],"gold":65,"score":211,"play_id":"8a2db72a-aeb2-49db-ad26-660b5d038241","local_time":"20180525135136","is_prod":false,"is_daily":false,"chose_seed":false,"is_ascension_mode":false,"campfire_upgraded":1,"win_rate":0,"timestamp":1527249096,"campfire_choices":[{"data":"Capacitor","floor":6,"key":"SMITH"},{"floor":15,"key":"REST"},{"floor":23,"key":"REST"}],"path_taken":["M","?","$","?","?","R","M","E","T","M","M","M","$","E","R","BOSS","M","?","?","$","?","R","M","?"],"build_version":"2018-05-24","seed_source_timestamp":106968890139079,"purchased_purges":0,"victory":false,"master_deck":["Strike_B","Strike_B","Strike_B","Strike_B","Defend_B","Defend_B","Defend_B","Defend_B","Zap+1","Dualcast","Barrage","Capacitor+1","Leap","Consume","Beam Cell+1","Stack","Rebound+1","Steam","Heatsinks","Cold Snap+1","Loop","Echo Form","Stack+1","Writhe","Bandage Up+1","Ball Lightning+1","Defragment+1"],"max_hp_per_floor":[75,75,75,75,75,75,75,75,75,75,75,75,75,75,75,75,75,75,75,75,75,75,75,75,75],"relics":["Cracked Core","Molten Egg 2","Ice Cream","Mummified Hand","Toxic Egg 2","Nuclear Battery","Letter Opener","Nilry\u0027s Codex"],"card_choices":[{"not_picked":["Sweeping Beam","Redo"],"picked":"Barrage","floor":1},{"not_picked":["Gash+1","Coolheaded"],"picked":"Consume","floor":7},{"not_picked":["Coolheaded","Reboot"],"picked":"Beam Cell+1","floor":8},{"not_picked":["Sweeping Beam+1","Double Energy"],"picked":"Stack","floor":10},{"not_picked":["Aggregate","Force Field"],"picked":"Rebound+1","floor":11},{"not_picked":["Turbo","Skim"],"picked":"Steam","floor":12},{"not_picked":["Doom and Gloom+1","Steam"],"picked":"Loop","floor":14},{"not_picked":["All For One+1","Biased Cognition"],"picked":"Echo Form","floor":16},{"not_picked":["Compile Driver+1","Turbo+1"],"picked":"Stack+1","floor":18},{"not_picked":["Capacitor","Conserve Battery+1"],"picked":"Ball Lightning+1","floor":22},{"not_picked":["FTL+1","Static Discharge"],"picked":"Defragment+1","floor":24}],"player_experience":22022,"potions_floor_usage":[12,14,24,25],"damage_taken":[{"damage":1,"enemies":"Cultist","floor":1,"turns":3},{"damage":0,"enemies":"Small Slimes","floor":7,"turns":3},{"damage":14,"enemies":"3 Sentries","floor":8,"turns":8},{"damage":0,"enemies":"Jaw Worm","floor":10,"turns":3},{"damage":6,"enemies":"Large Slime","floor":11,"turns":7},{"damage":6,"enemies":"Exordium Thugs","floor":12,"turns":2},{"damage":9,"enemies":"Lagavulin","floor":14,"turns":5},{"damage":22,"enemies":"Slime Boss","floor":16,"turns":8},{"damage":18,"enemies":"Spheric Guardian","floor":18,"turns":4},{"damage":23,"enemies":"2 Thieves","floor":22,"turns":4},{"damage":37,"enemies":"Cultist and Chosen","floor":24,"turns":7},{"damage":24,"enemies":"Snake Plant","floor":25,"turns":3}],"relics_obtained":[{"floor":4,"key":"Molten Egg 2"},{"floor":8,"key":"Ice Cream"},{"floor":9,"key":"Mummified Hand"},{"floor":14,"key":"Toxic Egg 2"},{"floor":20,"key":"Nilry\u0027s Codex"}],"event_choices":[{"event_name":"Golden Wing","player_choice":"Ignored","floor":2,"damage_taken":0},{"event_name":"Living Wall","player_choice":"Grow","floor":5,"damage_taken":0},{"event_name":"The Mausoleum","player_choice":"Yes","floor":19,"damage_taken":0},{"event_name":"Cursed Tome","player_choice":"Obtained Book","floor":20,"damage_taken":0}],"boss_relics":[{"not_picked":["Cursed Key","Velvet Choker"],"picked":"Nuclear Battery"}],"items_purged_floors":[],"potions_floor_spawned":[8,11,16,22],"seed_played":"9003799164439603915","killed_by":"Snake Plant","ascension_level":0,"potions_obtained":[{"floor":8,"key":"Explosive Potion"},{"floor":11,"key":"AttackPotion"},{"floor":16,"key":"Swift Potion"},{"floor":22,"key":"LiquidBronze"}],"is_trial":false}