{"path_per_floor":["M","M","?","?","M","R","E","$","T","E","?","M","M","?","R","B",null,"M","$","?","M","$","E","R","E","T","T","M","?","M","M","R","B",null,"M","$","?","$","?","T"],"character_chosen":"THE_SILENT","items_purchased":["Tiny Chest","Snake Skull","Dramatic Entrance","Toxic Egg 2","Catalyst"],"gold_per_floor":[119,134,134,134,148,148,183,61,88,127,127,143,156,186,186,315,315,335,22,22,47,47,86,86,122,167,167,191,191,207,223,223,348,348,367,267,600,145,145,145,145],"floor_reached":41,"campfire_rested":3,"playtime":1809,"item_purchase_floors":[],"current_hp_per_floor":[60,60,60,60,60,60,41,41,41,24,45,45,45,22,41,30,56,42,42,42,36,36,26,45,26,26,26,17,17,13,15,34,3,68,49,49,49,49,38,38,0],"items_purged":["Strike_G","Injury","Injury"],"gold":145,"score":851,"play_id":"d633796c-58d5-4a9b-912b-8d957fdc67f0","local_time":"20180613131234","is_prod":false,"is_daily":false,"chose_seed":false,"is_ascension_mode":true,"campfire_upgraded":1,"win_rate":0,"timestamp":1528888354,"campfire_choices":[{"data":"Catalyst","floor":6.0,"key":"SMITH"},{"floor":15.0,"key":"REST"},{"floor":24.0,"key":"REST"},{"floor":32.0,"key":"REST"}],"path_taken":["M","M","?","?","M","R","E","$","T","E","?","?","M","?","R","BOSS","M","$","?","M","$","E","R","E","T","?","?","?","M","M","R","BOSS","M","$","?","$","?","?","E"],"build_version":"2018-06-12","seed_source_timestamp":0,"purchased_purges":3,"victory":false,"master_deck":["Defend_G","Defend_G","Defend_G","Defend_G","Defend_G","Strike_G+1","Strike_G+1","Survivor","Neutralize","Catalyst+1","Poisoned Stab","Malaise","Deadly Poison","Noxious Fumes","Backflip","Dramatic Entrance","Parasite","Deadly Poison","Catalyst+1"],"max_hp_per_floor":[70,70,65,65,65,65,65,65,65,65,65,65,65,65,65,65,65,65,65,65,65,65,65,65,65,65,65,65,65,65,65,65,65,83,83,83,83,83,83,83,83],"special_seed":0,"relics":["Busted Crown","Happy Flower","Tiny Chest","Pen Nib","Bird Faced Urn","Odd Mushroom","Orrery","Snake Skull","Whetstone","Bronze Scales","Oddly Smooth Stone","Darkstone Periapt","Calling Bell","Omamori","Frozen Egg 2","Sundial","Toxic Egg 2","Dead Branch","Paper Crane"],"card_choices":[{"not_picked":["Predator"],"picked":"SKIP","floor":1.0},{"not_picked":[],"picked":"Catalyst","floor":2.0},{"not_picked":[],"picked":"Poisoned Stab","floor":5.0},{"not_picked":["Eviscerate"],"picked":"SKIP","floor":7.0},{"not_picked":["Cloak And Dagger"],"picked":"SKIP","floor":10.0},{"not_picked":["Dagger Throw"],"picked":"SKIP","floor":12.0},{"not_picked":["Deflect"],"picked":"SKIP","floor":13.0},{"not_picked":[],"picked":"Malaise","floor":14.0},{"not_picked":[],"picked":"Deadly Poison","floor":17.0},{"not_picked":[],"picked":"Noxious Fumes","floor":17.0},{"not_picked":[],"picked":"Backflip","floor":17.0},{"not_picked":["Underhanded Strike+1"],"picked":"SKIP","floor":18.0},{"not_picked":["Acrobatics"],"picked":"SKIP","floor":21.0},{"not_picked":["Glass Knife"],"picked":"SKIP","floor":23.0},{"not_picked":["Bane"],"picked":"SKIP","floor":25.0},{"not_picked":["Prepared"],"picked":"SKIP","floor":28.0},{"not_picked":["PiercingWail+1"],"picked":"SKIP","floor":30.0},{"not_picked":["Flying Knee"],"picked":"SKIP","floor":31.0},{"not_picked":[],"picked":"Deadly Poison","floor":35.0}],"player_experience":235343,"potions_floor_usage":[41],"damage_taken":[{"damage":3.0,"enemies":"Small Slimes","floor":1.0,"turns":4.0},{"damage":0.0,"enemies":"2 Louse","floor":2.0,"turns":4.0},{"damage":0.0,"enemies":"Jaw Worm","floor":5.0,"turns":7.0},{"damage":19.0,"enemies":"Lagavulin","floor":7.0,"turns":7.0},{"damage":17.0,"enemies":"Gremlin Nob","floor":10.0,"turns":4.0},{"damage":0.0,"enemies":"Looter","floor":12.0,"turns":3.0},{"damage":0.0,"enemies":"2 Fungi Beasts","floor":13.0,"turns":4.0},{"damage":23.0,"floor":14.0,"turns":6.0},{"damage":11.0,"enemies":"The Guardian","floor":16.0,"turns":18.0},{"damage":16.0,"enemies":"Spheric Guardian","floor":18.0,"turns":4.0},{"damage":8.0,"enemies":"Shell Parasite","floor":21.0,"turns":6.0},{"damage":12.0,"enemies":"Book of Stabbing","floor":23.0,"turns":6.0},{"damage":21.0,"enemies":"Gremlin Leader","floor":25.0,"turns":6.0},{"damage":11.0,"enemies":"Cultist and Chosen","floor":28.0,"turns":5.0},{"damage":6.0,"enemies":"Snake Plant","floor":30.0,"turns":4.0},{"damage":0.0,"enemies":"Centurion and Healer","floor":31.0,"turns":5.0},{"damage":33.0,"enemies":"Automaton","floor":33.0,"turns":10.0},{"damage":21.0,"enemies":"Orb Walker","floor":35.0,"turns":5.0},{"damage":13.0,"floor":39.0,"turns":6.0},{"damage":65,"enemies":"2 Orb Walkers","floor":41,"turns":3}],"relics_obtained":[{"floor":7.0,"key":"Happy Flower"},{"floor":9.0,"key":"Pen Nib"},{"floor":10.0,"key":"Bird Faced Urn"},{"floor":14.0,"key":"Odd Mushroom"},{"floor":23.0,"key":"Whetstone"},{"floor":25.0,"key":"Bronze Scales"},{"floor":26.0,"key":"Oddly Smooth Stone"},{"floor":27.0,"key":"Darkstone Periapt"},{"floor":34.0,"key":"Omamori"},{"floor":34.0,"key":"Frozen Egg 2"},{"floor":34.0,"key":"Sundial"},{"floor":39.0,"key":"Dead Branch"},{"floor":40.0,"key":"Paper Crane"}],"event_choices":[{"event_name":"Golden Idol","player_choice":"Lose Max HP","floor":3.0,"damage_taken":0.0},{"event_name":"Living Wall","player_choice":"Forget","floor":4.0,"damage_taken":0.0},{"event_name":"Big Fish","player_choice":"Banana","floor":11.0,"damage_taken":0.0},{"event_name":"Mushrooms","player_choice":"Fought Mushrooms","floor":14.0,"damage_taken":0.0},{"event_name":"Purifier","player_choice":"One Purge","floor":20.0,"damage_taken":0.0},{"event_name":"Cursed Tome","player_choice":"Ignored","floor":29.0,"damage_taken":0.0},{"event_name":"The Moai Head","player_choice":"Gave Idol","floor":37.0,"damage_taken":0.0},{"event_name":"MindBloom","player_choice":"Fight","floor":39.0,"damage_taken":0.0}],"boss_relics":[{"not_picked":["Velvet Choker","White Beast Statue"],"picked":"Orrery"},{"not_picked":["Black Star","Runic Pyramid"],"picked":"Calling Bell"}],"items_purged_floors":[],"potions_floor_spawned":[1,5,7,16,18,25,30,35],"seed_played":"2681031546726527579","killed_by":"2 Orb Walkers","ascension_level":7,"potions_obtained":[{"floor":1.0,"key":"Fire Potion"},{"floor":5.0,"key":"FearPotion"},{"floor":7.0,"key":"SneckoOil"},{"floor":16.0,"key":"Dexterity Potion"},{"floor":18.0,"key":"Dexterity Potion"},{"floor":25.0,"key":"FearPotion"},{"floor":35.0,"key":"Ancient Potion"}],"is_trial":false}