{"gold_per_floor":[116,266,283,358,370,370,405,405,405,405,415,415],"floor_reached":12,"playtime":432,"items_purged":[],"score":140,"play_id":"39acdf58-07f3-4864-949a-65de94df53fe","local_time":"20190407004726","is_ascension_mode":true,"campfire_choices":[{"data":"Survivor","floor":6.0,"key":"SMITH"}],"neow_cost":"NONE","seed_source_timestamp":93862923189096,"circlet_count":0,"master_deck":["AscendersBane","Defend_G","Defend_G","Defend_G","Defend_G","Defend_G","Strike_G","Strike_G","Strike_G","Strike_G","Strike_G","Survivor+1","Neutralize","Riddle With Holes","Deflect","Crippling Poison","Tools of the Trade","Deflect"],"special_seed":0,"relics":["Velvet Choker","The Specimen","Prayer Wheel"],"potions_floor_usage":[],"damage_taken":[{"damage":0.0,"enemies":"Jaw Worm","floor":1.0,"turns":7.0},{"damage":0.0,"enemies":"2 Louse","floor":3.0,"turns":2.0},{"damage":0.0,"enemies":"Cultist","floor":5.0,"turns":4.0},{"damage":34.0,"enemies":"Lagavulin","floor":7.0,"turns":10.0},{"damage":12,"enemies":"Exordium Thugs","floor":11,"turns":7},{"damage":10,"enemies":"Gremlin Nob","floor":12,"turns":3}],"seed_played":"428971913467189516","potions_obtained":[{"floor":5.0,"key":"FearPotion"}],"is_trial":false,"path_per_floor":["M","?","M","?","M","R","E","?","T","$","M","E"],"character_chosen":"THE_SILENT","items_purchased":[],"campfire_rested":0,"item_purchase_floors":[],"current_hp_per_floor":[59,59,59,48,48,48,14,14,14,14,2,0],"gold":415,"neow_bonus":"BOSS_RELIC","is_prod":false,"is_daily":false,"chose_seed":false,"campfire_upgraded":1,"win_rate":0,"timestamp":1554623246,"path_taken":["M","?","M","?","M","R","E","?","T","?","M","E"],"build_version":"2019-01-23","purchased_purges":0,"victory":false,"max_hp_per_floor":[66,66,66,66,66,66,66,66,66,66,66,66],"card_choices":[{"not_picked":["Flying Knee","Slice"],"picked":"Riddle With Holes","floor":1.0},{"not_picked":["Deadly Poison","Dagger Throw"],"picked":"Deflect","floor":3.0},{"not_picked":["Expertise","Eviscerate","Accuracy"],"picked":"SKIP","floor":5.0},{"not_picked":["Bouncing Flask","Blur"],"picked":"Crippling Poison","floor":7.0},{"not_picked":["Acrobatics","Quick Slash"],"picked":"Tools of the Trade","floor":11},{"not_picked":["Masterful Stab","Quick Slash"],"picked":"Deflect","floor":11}],"player_experience":687085,"relics_obtained":[{"floor":7.0,"key":"The Specimen"},{"floor":9.0,"key":"Prayer Wheel"}],"event_choices":[{"damage_healed":0.0,"max_hp_gain":0.0,"max_hp_loss":0.0,"gold_gain":150.0,"event_name":"Liars Game","player_choice":"AGREE","floor":2.0,"gold_loss":0.0,"damage_taken":0.0,"cards_obtained":["Doubt"]},{"damage_healed":0.0,"max_hp_gain":0.0,"max_hp_loss":0.0,"gold_gain":75.0,"event_name":"World of Goop","player_choice":"Gather Gold","floor":4.0,"gold_loss":0.0,"damage_taken":11.0},{"cards_removed":["Doubt"],"damage_healed":0.0,"max_hp_gain":0.0,"max_hp_loss":0.0,"gold_gain":0.0,"event_name":"Living Wall","player_choice":"Forget","floor":8.0,"gold_loss":0.0,"damage_taken":0.0}],"is_beta":false,"boss_relics":[],"items_purged_floors":[],"is_endless":false,"potions_floor_spawned":[5],"killed_by":"Gremlin Nob","ascension_level":16}