{"gold_per_floor":[119,119,119,269,287,314,314,345,420,451,421,421,437,464,464,538,538,538,538,453,453,453,453,26,26,26,26,26,26,26,26,26,26,26,26,26,26,26,0,0,0,0,0,0],"floor_reached":44,"playtime":1946,"items_purged":["Doubt"],"score":1218,"play_id":"014eaadc-00a9-477f-8248-16d8b7ce5a00","local_time":"20190401215220","is_ascension_mode":true,"campfire_choices":[{"data":"Coolheaded","floor":7.0,"key":"SMITH"},{"floor":12.0,"key":"RECALL"},{"data":"Biased Cognition","floor":15.0,"key":"SMITH"},{"floor":25.0,"key":"REST"},{"data":"Capacitor","floor":27.0,"key":"SMITH"},{"floor":32.0,"key":"REST"},{"data":"Fission","floor":40,"key":"SMITH"}],"neow_cost":"NONE","seed_source_timestamp":11413698506015,"circlet_count":0,"master_deck":["AscendersBane","Strike_B","Strike_B","Strike_B","Strike_B","Defend_B","Defend_B","Defend_B","Defend_B","Zap+1","Dualcast+1","Beam Cell+1","Leap","Coolheaded+1","Undo","Ball Lightning","Rebound","Biased Cognition+1","Echo Form","Capacitor+1","Cold Snap","BootSequence","Conserve Battery","Conserve Battery+1","Fission+1","Amplify","Skim","Static Discharge","Leap+1"],"special_seed":0,"relics":["Cracked Core","NeowsBlessing","Pen Nib","Bag of Preparation","Symbiotic Virus","DataDisk","Ectoplasm","Smiling Mask","Membership Card","Incense Burner","Bag of Marbles","Emotion Chip","Inserter","Du-Vu Doll","Red Mask","Blood Vial","Dream Catcher","PreservedInsect"],"potions_floor_usage":[38,41,44],"damage_taken":[{"damage":0.0,"enemies":"Jaw Worm","floor":1.0,"turns":1.0},{"damage":0.0,"enemies":"2 Louse","floor":5.0,"turns":1.0},{"damage":0.0,"enemies":"3 Sentries","floor":6.0,"turns":1.0},{"damage":0.0,"enemies":"Gremlin Nob","floor":8.0,"turns":3.0},{"damage":14.0,"enemies":"3 Sentries","floor":10.0,"turns":12.0},{"damage":0.0,"enemies":"Cultist","floor":13.0,"turns":2.0},{"damage":9.0,"enemies":"Lagavulin","floor":14.0,"turns":7.0},{"damage":0.0,"enemies":"Slime Boss","floor":16.0,"turns":4.0},{"damage":7.0,"enemies":"3 Byrds","floor":18.0,"turns":3.0},{"damage":4.0,"enemies":"Shell Parasite","floor":21.0,"turns":3.0},{"damage":0.0,"enemies":"Snecko","floor":22.0,"turns":3.0},{"damage":0.0,"enemies":"Centurion and Healer","floor":23.0,"turns":5.0},{"damage":25.0,"enemies":"Slavers","floor":28.0,"turns":5.0},{"damage":2.0,"enemies":"Snake Plant","floor":29.0,"turns":3.0},{"damage":4.0,"enemies":"Snecko","floor":30.0,"turns":5.0},{"damage":0.0,"enemies":"Cultist and Chosen","floor":31.0,"turns":3.0},{"damage":20.0,"enemies":"Champ","floor":33.0,"turns":11.0},{"damage":0.0,"enemies":"Orb Walker","floor":35.0,"turns":3.0},{"damage":24.0,"enemies":"2 Orb Walkers","floor":36.0,"turns":4.0},{"damage":6,"enemies":"3 Darklings","floor":38,"turns":5},{"damage":41,"enemies":"Giant Head","floor":41,"turns":8},{"damage":0,"enemies":"Reptomancer","floor":44,"turns":2}],"seed_played":"504374111195753140","potions_obtained":[{"floor":1.0,"key":"Poison Potion"},{"floor":6.0,"key":"SteroidPotion"},{"floor":11.0,"key":"SteroidPotion"},{"floor":11.0,"key":"FocusPotion"},{"floor":16.0,"key":"AttackPotion"},{"floor":23.0,"key":"Weak Potion"},{"floor":28.0,"key":"Regen Potion"},{"floor":29.0,"key":"Poison Potion"},{"floor":41,"key":"Swift Potion"}],"is_trial":false,"path_per_floor":["M","?","?","?","M","E","R","E","T","E","?","R","M","E","R","B",null,"M","?","?","M","M","M","$","R","T","R","E","M","M","M","R","B",null,"M","?","?","M","?","R","E","T","T","E"],"character_chosen":"DEFECT","items_purchased":["Membership Card","Incense Burner"],"campfire_rested":2,"item_purchase_floors":[24,24],"current_hp_per_floor":[64,43,43,43,43,43,43,43,43,29,29,29,29,20,20,20,58,51,31,31,27,27,27,27,49,49,49,24,22,18,18,40,20,62,62,38,38,46,46,46,5,5,5,7],"gold":0,"neow_bonus":"THREE_ENEMY_KILL","is_prod":false,"is_daily":false,"chose_seed":false,"campfire_upgraded":4,"win_rate":0,"timestamp":1554148340,"path_taken":["M","?","?","?","M","E","R","E","T","E","?","R","?","E","R","BOSS","M","?","?","M","M","M","?","R","T","R","E","M","M","?","R","BOSS","M","?","?","?","?","R","E","?","T","E"],"build_version":"2019-03-15","purchased_purges":1,"victory":false,"max_hp_per_floor":[71,71,71,71,71,71,71,71,71,71,71,71,71,71,71,71,71,71,76,76,76,76,76,76,76,76,76,76,76,76,76,76,76,76,76,76,76,76,76,76,76,76,76,76],"card_choices":[{"not_picked":["Turbo","Barrage"],"picked":"Beam Cell","floor":1.0},{"not_picked":["Turbo","Compile Driver"],"picked":"Leap","floor":5.0},{"not_picked":["Machine Learning","Barrage"],"picked":"Coolheaded","floor":6.0},{"not_picked":["Auto Shields","All For One"],"picked":"Undo","floor":8.0},{"not_picked":["Turbo","Tempest"],"picked":"Ball Lightning","floor":10.0},{"not_picked":["Compile Driver","Turbo"],"picked":"Rebound","floor":13.0},{"not_picked":["Beam Cell","Consume"],"picked":"Biased Cognition","floor":14.0},{"not_picked":["Buffer","Hyperbeam"],"picked":"Echo Form","floor":16.0},{"not_picked":["Fusion","Leap"],"picked":"Capacitor","floor":18.0},{"not_picked":["Gash","Capacitor"],"picked":"Cold Snap","floor":21.0},{"not_picked":["Stack+1","Melter"],"picked":"BootSequence","floor":22.0},{"not_picked":["Turbo","Barrage"],"picked":"Conserve Battery","floor":23.0},{"not_picked":["Coolheaded","Cold Snap","Rebound"],"picked":"SKIP","floor":28.0},{"not_picked":["Gash","Stack","Sweeping Beam"],"picked":"SKIP","floor":29.0},{"not_picked":["Darkness","Streamline"],"picked":"Conserve Battery+1","floor":30.0},{"not_picked":["Capacitor","Leap","Sweeping Beam"],"picked":"SKIP","floor":31.0},{"not_picked":["All For One","Core Surge"],"picked":"Fission","floor":33.0},{"not_picked":["Steam","Heatsinks+1","Steam Power"],"picked":"SKIP","floor":35.0},{"not_picked":["Steam","Double Energy"],"picked":"Static Discharge","floor":38},{"not_picked":["Hologram","Barrage+1"],"picked":"Leap+1","floor":41}],"player_experience":1050212,"relics_obtained":[{"floor":6.0,"key":"Pen Nib"},{"floor":8.0,"key":"Bag of Preparation"},{"floor":10.0,"key":"Symbiotic Virus"},{"floor":14.0,"key":"DataDisk"},{"floor":26.0,"key":"Bag of Marbles"},{"floor":28.0,"key":"Emotion Chip"},{"floor":36.0,"key":"Du-Vu Doll"},{"floor":41,"key":"Blood Vial"},{"floor":42,"key":"Dream Catcher"},{"floor":43,"key":"PreservedInsect"}],"event_choices":[{"damage_healed":0.0,"max_hp_gain":0.0,"max_hp_loss":0.0,"gold_gain":0.0,"event_name":"Shining Light","player_choice":"Entered Light","floor":2.0,"gold_loss":0.0,"damage_taken":21.0,"cards_upgraded":["Zap","Dualcast"]},{"damage_healed":0.0,"max_hp_gain":0.0,"max_hp_loss":0.0,"gold_gain":0.0,"event_name":"Living Wall","player_choice":"Grow","floor":3.0,"gold_loss":0.0,"damage_taken":0.0,"cards_upgraded":["Beam Cell"]},{"damage_healed":0.0,"max_hp_gain":0.0,"max_hp_loss":0.0,"gold_gain":150.0,"event_name":"Liars Game","player_choice":"AGREE","floor":4.0,"gold_loss":0.0,"damage_taken":0.0,"cards_obtained":["Doubt"]},{"damage_healed":0.0,"max_hp_gain":0.0,"max_hp_loss":0.0,"gold_gain":0.0,"event_name":"The Woman in Blue","player_choice":"Bought 2 Potions","floor":11.0,"gold_loss":0.0,"damage_taken":0.0},{"damage_healed":0.0,"max_hp_gain":5.0,"max_hp_loss":0.0,"gold_gain":0.0,"event_name":"Forgotten Altar","player_choice":"Shed Blood","floor":19.0,"gold_loss":0.0,"damage_taken":25.0},{"damage_healed":0.0,"max_hp_gain":0.0,"max_hp_loss":0.0,"gold_gain":0.0,"event_name":"Addict","player_choice":"Obtained Relic","floor":20.0,"gold_loss":85.0,"damage_taken":0.0,"relics_obtained":["Smiling Mask"]},{"damage_healed":0.0,"max_hp_gain":0.0,"max_hp_loss":0.0,"gold_gain":0.0,"event_name":"Mysterious Sphere","player_choice":"Fight","floor":36.0,"gold_loss":0.0,"damage_taken":0.0},{"damage_healed":0,"gold_gain":0,"player_choice":"2 cards matched","damage_taken":0,"max_hp_gain":0,"max_hp_loss":0,"event_name":"Match and Keep!","floor":37,"gold_loss":0,"cards_obtained":["Amplify","Skim"]},{"damage_healed":0,"gold_gain":0,"player_choice":"Paid","damage_taken":0,"relics_obtained":["Red Mask"],"max_hp_gain":0,"max_hp_loss":0,"event_name":"Tomb of Lord Red Mask","floor":39,"gold_loss":26}],"is_beta":true,"boss_relics":[{"not_picked":["Nuclear Battery","Eternal Feather"],"picked":"Ectoplasm"},{"not_picked":["Calling Bell","Astrolabe"],"picked":"Inserter"}],"items_purged_floors":[24],"is_endless":false,"potions_floor_spawned":[1,6,14,16,23,28,29,35,41],"killed_by":"Reptomancer","ascension_level":20}