{"gold_per_floor":[212,84,97,112,126,126,154,173,197,232,250,325,353,353,353,449,449,466,466,171,184,195,222,222,10,10,39,39,71,89,103,103,198,198,217,234,234,246,22,22,22,22,22,35,47,47,82,30,30,30,30,30,3,35,35],"floor_reached":55,"playtime":6427,"items_purged":["Strike_R","Strike_R"],"score":850,"play_id":"17c367fd-6a01-4218-a77e-d2c0b3c0cca8","local_time":"20190401220746","is_ascension_mode":true,"campfire_choices":[{"data":"Iron Wave","floor":6.0,"key":"SMITH"},{"floor":15.0,"key":"REST"},{"floor":24.0,"key":"REST"},{"data":"Intimidate","floor":28.0,"key":"SMITH"},{"data":"Metallicize","floor":32.0,"key":"SMITH"},{"floor":40.0,"key":"RECALL"},{"data":"Defend_R","floor":49,"key":"SMITH"},{"data":"Uppercut","floor":52,"key":"SMITH"}],"neow_cost":"NONE","seed_source_timestamp":44948709248280,"circlet_count":0,"master_deck":["Strike_R","Defend_R+1","Bash","Flex","Shrug It Off","Intimidate+1","Body Slam","Iron Wave+1","Uppercut+1","Exhume","Anger","Limit Break+1","Reaper","Iron Wave","Metallicize+1","Ghostly Armor","Immolate","Spot Weakness","Thunderclap","Metallicize+1","Reaper","Entrench+1","Combust+1","Havoc+1","Seeing Red+1","Shrug It Off+1","Metallicize","Power Through","Madness","Madness","Sword Boomerang","Berserk"],"special_seed":0,"relics":["Burning Blood","Lantern","Oddly Smooth Stone","Anchor","Lizard Tail","Brimstone","Art of War","Singing Bowl","Boot","Pear","Astrolabe","Bronze Scales","Turnip","Centennial Puzzle","Mummified Hand"],"potions_floor_usage":[47,47,50,50],"damage_taken":[{"damage":7.0,"enemies":"Small Slimes","floor":1.0,"turns":6.0},{"damage":1.0,"enemies":"2 Louse","floor":3.0,"turns":2.0},{"damage":2.0,"enemies":"Jaw Worm","floor":4.0,"turns":5.0},{"damage":11.0,"enemies":"Large Slime","floor":5.0,"turns":9.0},{"damage":12.0,"enemies":"3 Sentries","floor":7.0,"turns":10.0},{"damage":14.0,"enemies":"Red Slaver","floor":8.0,"turns":5.0},{"damage":45.0,"enemies":"Gremlin Nob","floor":10.0,"turns":6.0},{"damage":0.0,"enemies":"3 Louse","floor":11.0,"turns":3.0},{"damage":7.0,"enemies":"Lagavulin","floor":13.0,"turns":6.0},{"damage":40.0,"enemies":"Slime Boss","floor":16.0,"turns":14.0},{"damage":15.0,"enemies":"Chosen","floor":18.0,"turns":6.0},{"damage":18.0,"enemies":"Shell Parasite","floor":21.0,"turns":4.0},{"damage":11.0,"enemies":"Chosen and Byrds","floor":22.0,"turns":4.0},{"damage":31.0,"enemies":"Slavers","floor":23.0,"turns":5.0},{"damage":20.0,"enemies":"Book of Stabbing","floor":27.0,"turns":5.0},{"damage":47.0,"enemies":"Slavers","floor":29.0,"turns":7.0},{"damage":27.0,"enemies":"Snake Plant","floor":30.0,"turns":4.0},{"damage":15.0,"enemies":"Centurion and Healer","floor":31.0,"turns":6.0},{"damage":57.0,"enemies":"Collector","floor":33.0,"turns":7.0},{"damage":7.0,"enemies":"Orb Walker","floor":35.0,"turns":5.0},{"damage":1.0,"enemies":"3 Shapes","floor":36.0,"turns":5.0},{"damage":30.0,"enemies":"3 Darklings","floor":38.0,"turns":3.0},{"damage":30.0,"enemies":"Transient","floor":44.0,"turns":5.0},{"damage":24.0,"enemies":"Spire Growth","floor":45.0,"turns":6.0},{"damage":35,"enemies":"Reptomancer","floor":47,"turns":7},{"damage":115,"enemies":"Awakened One","floor":50,"turns":10},{"damage":145,"enemies":"Shield and Spear","floor":54,"turns":7},{"damage":162,"enemies":"The Heart","floor":55,"turns":5}],"seed_played":"4625894985345635002","potions_obtained":[{"floor":3.0,"key":"Swift Potion"},{"floor":5.0,"key":"BloodPotion"},{"floor":10.0,"key":"SpeedPotion"},{"floor":11.0,"key":"SteroidPotion"},{"floor":16.0,"key":"LiquidBronze"},{"floor":21.0,"key":"SkillPotion"},{"floor":22.0,"key":"Block Potion"},{"floor":27.0,"key":"SpeedPotion"},{"floor":31.0,"key":"SteroidPotion"},{"floor":38.0,"key":"SpeedPotion"},{"floor":45.0,"key":"Energy Potion"},{"floor":47,"key":"LiquidBronze"}],"is_trial":false,"path_per_floor":["M","$","M","M","M","R","E","M","T","E","M","?","E","?","R","B",null,"M","?","$","M","M","E","R","$","T","E","R","E","M","M","R","B",null,"M","M","?","M","$","R","?","?","T","M","M","?","E","$","R","B",null,"R","$","E","B"],"character_chosen":"IRONCLAD","items_purchased":["Shrug It Off","Brimstone","Immolate","SteroidPotion","Metallicize","Bronze Scales","Weak Potion","Sword Boomerang"],"campfire_rested":2,"item_purchase_floors":[2,20,25,25,39,39,48,53],"current_hp_per_floor":[79,79,80,80,75,75,77,69,69,30,36,25,24,24,48,14,80,71,56,56,44,39,46,71,71,71,57,57,56,53,59,59,44,97,98,99,95,105,105,105,105,105,105,105,109,95,90,90,90,40,111,111,111,85,0],"gold":35,"neow_bonus":"HUNDRED_GOLD","is_prod":false,"is_daily":false,"chose_seed":false,"campfire_upgraded":5,"win_rate":0,"timestamp":1554174466,"path_taken":["M","$","M","M","M","R","E","M","T","E","M","?","E","?","R","BOSS","M","?","$","M","M","E","R","$","T","E","R","E","M","M","R","BOSS","M","M","?","M","$","R","?","?","T","?","M","?","E","$","R","BOSS","R","$","E","BOSS"],"build_version":"2019-01-23","purchased_purges":2,"victory":false,"max_hp_per_floor":[80,80,80,80,80,80,80,80,80,80,80,80,80,80,80,80,80,80,85,85,85,85,85,85,85,85,85,85,95,97,97,97,97,97,99,99,105,105,105,105,105,105,105,107,109,109,111,111,111,111,111,111,111,111,111],"card_choices":[{"not_picked":["Iron Wave","True Grit"],"picked":"Flex","floor":1.0},{"not_picked":["Entrench","Wild Strike"],"picked":"Intimidate","floor":3.0},{"not_picked":["Sever Soul","Searing Blow"],"picked":"Body Slam","floor":4.0},{"not_picked":["Flex","Pommel Strike"],"picked":"Iron Wave","floor":5.0},{"not_picked":["Feel No Pain","Fire Breathing"],"picked":"Uppercut","floor":7.0},{"not_picked":["Dual Wield","Warcry","Carnage"],"picked":"SKIP","floor":8.0},{"not_picked":["Thunderclap","True Grit"],"picked":"Exhume","floor":10.0},{"not_picked":["Heavy Blade","Twin Strike"],"picked":"Anger","floor":11.0},{"not_picked":["Disarm","Rage"],"picked":"Limit Break","floor":13.0},{"not_picked":["Double Tap","Limit Break"],"picked":"Reaper","floor":16.0},{"not_picked":["Warcry","Anger"],"picked":"Iron Wave","floor":18.0},{"not_picked":["Warcry","Clothesline","Blood for Blood+1"],"picked":"SKIP","floor":21.0},{"not_picked":["Battle Trance","Warcry"],"picked":"Metallicize+1","floor":22.0},{"not_picked":["Body Slam+1","Warcry"],"picked":"Ghostly Armor","floor":23.0},{"not_picked":["Demon Form","Heavy Blade"],"picked":"Spot Weakness","floor":27.0},{"not_picked":["Infernal Blade","True Grit"],"picked":"Thunderclap","floor":29.0},{"not_picked":["Uppercut","Entrench","Iron Wave"],"picked":"Singing Bowl","floor":30.0},{"not_picked":["Iron Wave","Fire Breathing"],"picked":"Metallicize","floor":31.0},{"not_picked":["Berserk","Impervious"],"picked":"Reaper","floor":33.0},{"not_picked":["Evolve+1","Pommel Strike","Twin Strike"],"picked":"Singing Bowl","floor":35.0},{"not_picked":["Shockwave","Carnage"],"picked":"Seeing Red+1","floor":36.0},{"not_picked":["HandOfGreed","Mind Blast","Impatience"],"picked":"Singing Bowl","floor":37.0},{"not_picked":["Finesse","Enlightenment","Chrysalis"],"picked":"Singing Bowl","floor":37.0},{"not_picked":["Madness","Swift Strike","Forethought"],"picked":"Singing Bowl","floor":37.0},{"not_picked":["Hemokinesis+1","Burning Pact+1"],"picked":"Shrug It Off+1","floor":38.0},{"not_picked":["Intimidate","Armaments","Heavy Blade+1"],"picked":"Singing Bowl","floor":44.0},{"not_picked":["Inflame+1","Evolve","Heavy Blade"],"picked":"Singing Bowl","floor":45.0},{"not_picked":["Armaments+1","Perfected Strike+1","Combust"],"picked":"Singing Bowl","floor":47},{"not_picked":["Spot Weakness","Blood for Blood"],"picked":"Berserk","floor":54}],"player_experience":200112,"relics_obtained":[{"floor":7.0,"key":"Lantern"},{"floor":10.0,"key":"Oddly Smooth Stone"},{"floor":13.0,"key":"Anchor"},{"floor":23.0,"key":"Art of War"},{"floor":26.0,"key":"Singing Bowl"},{"floor":27.0,"key":"Boot"},{"floor":29.0,"key":"Pear"},{"floor":43.0,"key":"Turnip"},{"floor":47,"key":"Centennial Puzzle"},{"floor":54,"key":"Mummified Hand"}],"event_choices":[{"damage_healed":0.0,"max_hp_gain":0.0,"max_hp_loss":0.0,"gold_gain":75.0,"event_name":"World of Goop","player_choice":"Gather Gold","floor":12.0,"gold_loss":0.0,"damage_taken":11.0},{"damage_healed":0.0,"max_hp_gain":0.0,"max_hp_loss":0.0,"gold_gain":0.0,"event_name":"Living Wall","player_choice":"Grow","floor":14.0,"gold_loss":0.0,"damage_taken":0.0,"cards_upgraded":["Limit Break"]},{"damage_healed":0.0,"max_hp_gain":5.0,"max_hp_loss":0.0,"gold_gain":0.0,"event_name":"Forgotten Altar","player_choice":"Shed Blood","floor":19.0,"gold_loss":0.0,"damage_taken":20.0},{"damage_healed":0.0,"max_hp_gain":0.0,"max_hp_loss":0.0,"gold_gain":0.0,"event_name":"SensoryStone","player_choice":"Memory 3","floor":37.0,"gold_loss":0.0,"damage_taken":10.0},{"cards_removed":["Defend_R"],"damage_healed":0.0,"max_hp_gain":0.0,"max_hp_loss":0.0,"gold_gain":0.0,"event_name":"Falling","player_choice":"Removed Skill","floor":41.0,"gold_loss":0.0,"damage_taken":0.0},{"damage_healed":0.0,"max_hp_gain":0.0,"max_hp_loss":0.0,"gold_gain":0.0,"cards_transformed":["Defend_R"],"event_name":"Transmorgrifier","player_choice":"Transformed","floor":42.0,"gold_loss":0.0,"damage_taken":0.0,"cards_obtained":["Power Through"]},{"damage_healed":0.0,"max_hp_gain":0.0,"max_hp_loss":0.0,"gold_gain":0.0,"event_name":"Winding Halls","player_choice":"Embrace Madness","floor":46.0,"gold_loss":0.0,"damage_taken":14.0,"cards_obtained":["Madness","Madness"]}],"is_beta":false,"boss_relics":[{"not_picked":["Eternal Feather","Fusion Hammer"],"picked":"Lizard Tail"},{"not_picked":["Calling Bell","Black Blood"],"picked":"Astrolabe"}],"items_purged_floors":[2,20],"is_endless":false,"potions_floor_spawned":[3,5,10,11,16,21,22,27,31,38,45,47],"killed_by":"The Heart","ascension_level":2}