{"path_per_floor":["M","M","$","M","?","R","$","E","T","?","M","R","M","$","R","B",null,"M","?","?","M","?","R"],"character_chosen":"THE_SILENT","items_purchased":["Backflip"],"gold_per_floor":[118,134,85,102,102,102,27,58,58,8,22,22,36,36,36,135,135,149,149,149,166,146,146,146],"floor_reached":24,"campfire_rested":2,"playtime":969,"item_purchase_floors":[],"current_hp_per_floor":[63,63,63,63,63,63,63,51,51,51,42,63,52,52,52,50,65,61,61,45,41,41,62,0],"items_purged":["Strike_G"],"gold":146,"score":272,"play_id":"55ade341-06a7-4789-ab68-d21e7fc70139","local_time":"20180617223848","is_prod":false,"is_daily":false,"chose_seed":false,"is_ascension_mode":true,"campfire_upgraded":2,"win_rate":0,"timestamp":1529267928,"campfire_choices":[{"data":"Bouncing Flask","floor":6.0,"key":"SMITH"},{"floor":12,"key":"REST"},{"data":"Neutralize","floor":15,"key":"SMITH"},{"floor":23,"key":"REST"}],"path_taken":["M","M","$","M","?","R","$","E","T","?","M","R","M","?","R","BOSS","M","?","?","?","?","R","E"],"build_version":"2018-06-14v2","seed_source_timestamp":0,"purchased_purges":1,"victory":false,"master_deck":["Defend_G","Defend_G","Defend_G","Defend_G","Defend_G","Strike_G","Strike_G","Strike_G","Survivor","Neutralize+1","Bouncing Flask+1","Backflip","Backflip","Adrenaline"],"max_hp_per_floor":[70,70,70,70,70,70,70,70,70,70,70,70,70,70,70,70,70,70,70,70,70,70,70,70],"special_seed":0,"relics":["Cursed Key","Frozen Egg 2","Potion Belt","Black Star","Nilry\u0027s Codex"],"card_choices":[{"not_picked":["Terror","Accuracy"],"picked":"Bouncing Flask","floor":1.0},{"not_picked":["Deflect","Cloak And Dagger","Caltrops"],"picked":"SKIP","floor":2.0},{"not_picked":["Bane","Endless Agony"],"picked":"Backflip","floor":4.0},{"not_picked":["Poisoned Stab","Dagger Throw","Choke"],"picked":"SKIP","floor":8},{"not_picked":["Accuracy+1","Backstab","Deflect"],"picked":"SKIP","floor":11},{"not_picked":["Finisher","Acrobatics","Dagger Spray"],"picked":"SKIP","floor":13},{"not_picked":["Unload","Venomology"],"picked":"Adrenaline","floor":16},{"not_picked":["Slice","Infinite Blades+1","Poisoned Stab"],"picked":"SKIP","floor":18},{"not_picked":["Eviscerate+1","Prepared+1","Backflip"],"picked":"SKIP","floor":21}],"player_experience":285734,"potions_floor_usage":[],"damage_taken":[{"damage":0.0,"enemies":"Small Slimes","floor":1.0,"turns":4.0},{"damage":0.0,"enemies":"Cultist","floor":2.0,"turns":3.0},{"damage":0.0,"enemies":"Jaw Worm","floor":4.0,"turns":3.0},{"damage":12,"enemies":"Lagavulin","floor":8,"turns":8},{"damage":9,"enemies":"Exordium Wildlife","floor":11,"turns":5},{"damage":11,"enemies":"Large Slime","floor":13,"turns":7},{"damage":2,"enemies":"The Guardian","floor":16,"turns":8},{"damage":4,"enemies":"Spheric Guardian","floor":18,"turns":4},{"damage":4,"enemies":"Shell Parasite","floor":21,"turns":4},{"damage":62,"enemies":"Gremlin Leader","floor":24,"turns":4}],"relics_obtained":[{"floor":8,"key":"Frozen Egg 2"},{"floor":9,"key":"Potion Belt"},{"floor":20,"key":"Nilry\u0027s Codex"}],"event_choices":[{"event_name":"Bonfire Elementals","player_choice":"BASIC","floor":5.0,"damage_taken":0.0},{"event_name":"The Cleric","player_choice":"Card Removal","floor":10,"damage_taken":0},{"event_name":"Ghosts","player_choice":"Ignored","floor":19,"damage_taken":0},{"event_name":"Cursed Tome","player_choice":"Obtained Book","floor":20,"damage_taken":0},{"event_name":"The Woman in Blue","player_choice":"Bought 1 Potion","floor":22,"damage_taken":0}],"boss_relics":[{"not_picked":["Runic Pyramid","Eternal Feather"],"picked":"Black Star"}],"items_purged_floors":[],"is_endless":false,"potions_floor_spawned":[1,2,4,13,18,21],"seed_played":"-3777686661983088694","killed_by":"Gremlin Leader","ascension_level":8,"potions_obtained":[{"floor":1.0,"key":"Fire Potion"},{"floor":2.0,"key":"SteroidPotion"},{"floor":4.0,"key":"Strength Potion"},{"floor":13,"key":"Ancient Potion"},{"floor":18,"key":"Strength Potion"},{"floor":21,"key":"Dexterity Potion"},{"floor":22,"key":"Ancient Potion"}],"is_trial":false}