{"gold_per_floor":[116,116,128,128,145,172,190,190,190,190,204,219,249,424,424,529,529,544,558,558,558,558,592,592,68,68,85,85,103,137,21,21,125,175,191,202,219,236,247,247,36,36,36,36,11,36,46,61,61,61],"floor_reached":50,"playtime":7459,"items_purged":["Decay","Regret","Defend_R"],"score":599,"play_id":"e5cf839a-e68a-4db9-98f9-6dc8a7d69fd9","local_time":"20190318112359","is_ascension_mode":false,"campfire_choices":[{"data":"Rage","floor":8.0,"key":"SMITH"},{"data":"Blood for Blood","floor":10.0,"key":"SMITH"},{"data":"Flex","floor":15.0,"key":"SMITH"},{"data":"True Grit","floor":24.0,"key":"SMITH"},{"data":"Limit Break","floor":28.0,"key":"SMITH"},{"data":"Anger","floor":32.0,"key":"SMITH"},{"data":"Ghostly","floor":40.0,"key":"SMITH"},{"data":"Ghostly","floor":42.0,"key":"SMITH"},{"data":"1","floor":44.0,"key":"LIFT"},{"data":"2","floor":49,"key":"LIFT"}],"neow_cost":"NONE","seed_source_timestamp":0,"circlet_count":0,"master_deck":["Defend_R","Defend_R","Defend_R+1","Bash","Rage+1","Metallicize","Anger","Seeing Red","Blood for Blood+1","Anger+1","Flex+1","True Grit+1","Limit Break+1","Pommel Strike","Iron Wave+1","Bite","Bite","Bite","Bite","Bite","Ghostly+1","Ghostly","Ghostly+1","Ghostly","Ghostly+1","Rampage+1","Master of Strategy","Flex+1","Inflame","Limit Break","Shrug It Off+1","Rage+1","Flame Barrier+1","Impervious","Whirlwind","Evolve"],"special_seed":0,"relics":["Burning Blood","Sundial","Omamori","Gremlin Horn","Self Forming Clay","Calling Bell","Red Skull","Darkstone Periapt","Nunchaku","Enchiridion","Dodecahedron","Membership Card","Bottled Tornado","Ancient Tea Set","Unceasing Top","Centennial Puzzle","Tiny House","Vajra","Lantern","Girya","Orichalcum"],"potions_floor_usage":[48,50],"damage_taken":[{"damage":8.0,"enemies":"2 Louse","floor":1.0,"turns":4.0},{"damage":5.0,"enemies":"Small Slimes","floor":3.0,"turns":3.0},{"damage":0.0,"enemies":"Jaw Worm","floor":5.0,"turns":4.0},{"damage":22.0,"enemies":"Gremlin Nob","floor":6.0,"turns":5.0},{"damage":0.0,"enemies":"2 Fungi Beasts","floor":7.0,"turns":3.0},{"damage":8.0,"enemies":"Large Slime","floor":11.0,"turns":5.0},{"damage":1.0,"enemies":"Blue Slaver","floor":12.0,"turns":5.0},{"damage":15.0,"enemies":"Lagavulin","floor":13.0,"turns":5.0},{"damage":19.0,"enemies":"Slime Boss","floor":16.0,"turns":13.0},{"damage":14.0,"enemies":"Spheric Guardian","floor":18.0,"turns":4.0},{"damage":17.0,"enemies":"Shell Parasite","floor":19.0,"turns":7.0},{"damage":7.0,"enemies":"Slavers","floor":23.0,"turns":6.0},{"damage":4.0,"enemies":"Cultist and Chosen","floor":27.0,"turns":7.0},{"damage":7.0,"enemies":"Snake Plant","floor":29.0,"turns":2.0},{"damage":23.0,"enemies":"Book of Stabbing","floor":30.0,"turns":8.0},{"damage":18.0,"enemies":"Collector","floor":33.0,"turns":6.0},{"damage":2.0,"enemies":"Orb Walker","floor":35.0,"turns":4.0},{"damage":17.0,"enemies":"3 Shapes","floor":36.0,"turns":4.0},{"damage":30.0,"enemies":"Maw","floor":37.0,"turns":8.0},{"damage":10.0,"enemies":"4 Shapes","floor":38.0,"turns":4.0},{"damage":13.0,"enemies":"Writhing Mass","floor":39.0,"turns":7.0},{"damage":9.0,"enemies":"Nemesis","floor":46.0,"turns":5.0},{"damage":1,"enemies":"Sphere and 2 Shapes","floor":47,"turns":6},{"damage":3,"enemies":"4 Shapes","floor":48,"turns":5},{"damage":48,"enemies":"Awakened One","floor":50,"turns":7}],"seed_played":"-3811329897106131123","potions_obtained":[{"floor":1.0,"key":"Regen Potion"},{"floor":5.0,"key":"Strength Potion"},{"floor":11.0,"key":"FearPotion"},{"floor":12.0,"key":"Dexterity Potion"},{"floor":13.0,"key":"Energy Potion"},{"floor":18.0,"key":"AttackPotion"},{"floor":27.0,"key":"Weak Potion"},{"floor":29.0,"key":"BloodPotion"},{"floor":34.0,"key":"Strength Potion"},{"floor":39.0,"key":"SmokeBomb"},{"floor":46,"key":"Explosive Potion"},{"floor":47,"key":"AttackPotion"}],"is_trial":false,"path_per_floor":["M","?","M","?","M","E","M","R","T","R","M","M","E","?","R","B",null,"M","M","?","?","?","E","R","$","T","M","R","M","E","$","R","B",null,"M","M","M","M","M","R","$","R","T","R","$","E","M","M","R","B"],"character_chosen":"IRONCLAD","items_purchased":["Membership Card","Master of Strategy","Bottled Tornado","Ancient Tea Set","Inflame","SteroidPotion","Vajra","Lantern","AttackPotion"],"campfire_rested":0,"item_purchase_floors":[25,25,25,25,31,31,41,41,45],"current_hp_per_floor":[86,68,69,66,72,68,74,74,74,74,72,77,68,68,68,55,88,80,69,61,30,14,23,23,23,23,30,30,29,16,16,16,21,35,35,24,17,17,16,16,16,16,16,16,16,19,34,35,35,0],"gold":61,"neow_bonus":"TEN_PERCENT_HP_BONUS","is_prod":false,"is_daily":false,"chose_seed":false,"campfire_upgraded":8,"win_rate":0.0,"timestamp":1552926239,"path_taken":["M","?","M","?","M","E","M","R","T","R","M","M","E","?","R","BOSS","M","M","?","?","?","E","R","?","T","?","R","M","E","$","R","BOSS","M","?","M","M","M","R","$","R","T","R","$","E","M","M","R","BOSS"],"build_version":"2019-01-23","purchased_purges":3,"victory":false,"max_hp_per_floor":[88,88,88,88,88,88,88,88,88,88,88,88,88,88,88,88,88,88,88,61,30,30,30,30,30,30,30,30,30,30,30,30,30,35,35,35,35,35,35,35,35,35,35,35,35,35,35,35,35,35],"card_choices":[{"not_picked":["Feel No Pain","Heavy Blade"],"picked":"Rage","floor":1.0},{"not_picked":["Sword Boomerang","Pommel Strike"],"picked":"Metallicize","floor":3.0},{"not_picked":["Clothesline","Cleave"],"picked":"Anger","floor":5.0},{"not_picked":["Rampage","Anger"],"picked":"Seeing Red","floor":6.0},{"not_picked":["Heavy Blade","Second Wind"],"picked":"Blood for Blood","floor":7.0},{"not_picked":["Searing Blow","Twin Strike"],"picked":"Anger","floor":11.0},{"not_picked":["Cleave","True Grit"],"picked":"Flex","floor":12.0},{"not_picked":["Clothesline","Pommel Strike"],"picked":"True Grit","floor":13.0},{"not_picked":["Juggernaut","Impervious"],"picked":"Limit Break","floor":16.0},{"not_picked":["Thunderclap","Heavy Blade"],"picked":"Pommel Strike","floor":18.0},{"not_picked":["Heavy Blade","Wild Strike"],"picked":"Iron Wave+1","floor":19.0},{"not_picked":["Dark Embrace","Reckless Charge"],"picked":"Rampage+1","floor":23.0},{"not_picked":["Pommel Strike","Wild Strike+1"],"picked":"Flex+1","floor":27.0},{"not_picked":["Second Wind","Clash","Metallicize"],"picked":"SKIP","floor":29.0},{"not_picked":["Searing Blow+1","Thunderclap+1","Bludgeon"],"picked":"SKIP","floor":30.0},{"not_picked":["Offering","Demon Form"],"picked":"Limit Break","floor":33.0},{"not_picked":["Reckless Charge+1","Rampage"],"picked":"Shrug It Off+1","floor":35.0},{"not_picked":["Shrug It Off","Wild Strike+1"],"picked":"Rage+1","floor":36.0},{"not_picked":["Anger","Sword Boomerang+1"],"picked":"Flame Barrier+1","floor":37.0},{"not_picked":["Clothesline+1","Cleave+1"],"picked":"Impervious","floor":38.0},{"not_picked":["Flex","Spot Weakness"],"picked":"Whirlwind","floor":39.0},{"not_picked":["True Grit+1","Rage"],"picked":"Evolve","floor":46},{"not_picked":["Hemokinesis","Flex","Bloodletting"],"picked":"SKIP","floor":47},{"not_picked":["Rampage+1","Pommel Strike+1","Hemokinesis"],"picked":"SKIP","floor":48}],"player_experience":48218,"relics_obtained":[{"floor":6.0,"key":"Omamori"},{"floor":9.0,"key":"Gremlin Horn"},{"floor":13.0,"key":"Self Forming Clay"},{"floor":17.0,"key":"Red Skull"},{"floor":17.0,"key":"Darkstone Periapt"},{"floor":17.0,"key":"Nunchaku"},{"floor":22.0,"key":"Enchiridion"},{"floor":23.0,"key":"Dodecahedron"},{"floor":26.0,"key":"Unceasing Top"},{"floor":30.0,"key":"Centennial Puzzle"},{"floor":43.0,"key":"Girya"},{"floor":46,"key":"Orichalcum"}],"event_choices":[{"damage_healed":0.0,"max_hp_gain":0.0,"max_hp_loss":0.0,"gold_gain":0.0,"event_name":"Shining Light","player_choice":"Entered Light","floor":2.0,"gold_loss":0.0,"damage_taken":18.0,"cards_upgraded":["Defend_R","Strike_R"]},{"damage_healed":0.0,"max_hp_gain":0.0,"max_hp_loss":0.0,"gold_gain":0.0,"event_name":"Scrap Ooze","player_choice":"Success","floor":4.0,"gold_loss":0.0,"damage_taken":3.0,"relics_obtained":["Sundial"]},{"damage_healed":0.0,"max_hp_gain":0.0,"max_hp_loss":0.0,"gold_gain":175.0,"event_name":"Liars Game","player_choice":"AGREE","floor":14.0,"gold_loss":0.0,"damage_taken":0.0,"cards_obtained":["Doubt"]},{"damage_healed":0.0,"max_hp_gain":0.0,"max_hp_loss":27.0,"gold_gain":0.0,"event_name":"Vampires","player_choice":"Became a vampire","floor":20.0,"gold_loss":0.0,"damage_taken":0.0,"cards_obtained":["Bite","Bite","Bite","Bite","Bite"]},{"damage_healed":0.0,"max_hp_gain":0.0,"max_hp_loss":31.0,"gold_gain":0.0,"event_name":"Ghosts","player_choice":"Became a Ghost","floor":21.0,"gold_loss":0.0,"damage_taken":0.0,"cards_obtained":["Ghostly","Ghostly","Ghostly","Ghostly","Ghostly"]},{"damage_healed":0.0,"max_hp_gain":0.0,"max_hp_loss":0.0,"gold_gain":0.0,"event_name":"Cursed Tome","player_choice":"Obtained Book","floor":22.0,"gold_loss":0.0,"damage_taken":16.0}],"is_beta":false,"boss_relics":[{"not_picked":["Cursed Key","Philosopher\u0027s Stone"],"picked":"Calling Bell"},{"not_picked":["Fusion Hammer","Runic Dome"],"picked":"Tiny House"}],"items_purged_floors":[25,31,41],"is_endless":false,"potions_floor_spawned":[1,5,11,12,13,18,27,29,39,46,47],"killed_by":"Awakened One","ascension_level":0}