{"gold_per_floor":[115,40,40,190,208,208,208],"floor_reached":7,"playtime":192,"items_purged":["Strike_B"],"score":78,"play_id":"20ac7ca0-3ee1-480e-8a04-9e3cb6ee6785","local_time":"20190406213004","is_ascension_mode":true,"campfire_choices":[{"data":"White Noise","floor":6,"key":"SMITH"}],"neow_cost":"NONE","seed_source_timestamp":36832749707592,"circlet_count":0,"master_deck":["AscendersBane","Strike_B","Strike_B","Strike_B","Defend_B","Defend_B","Defend_B","Defend_B","Zap","Dualcast","Defragment+1","White Noise+1","Ball Lightning","Genetic Algorithm","Compile Driver","Doubt"],"relics":["Orrery"],"potions_floor_usage":[5],"damage_taken":[{"damage":10,"enemies":"2 Louse","floor":1,"turns":4},{"damage":18,"enemies":"Small Slimes","floor":5,"turns":4},{"damage":0,"enemies":"Gremlin Nob","floor":7,"turns":2}],"seed_played":"7212042038731388564","potions_obtained":[{"floor":1,"key":"Poison Potion"},{"floor":5,"key":"Regen Potion"}],"is_trial":false,"path_per_floor":["M","$","?","?","M","R","E"],"character_chosen":"DEFECT","items_purchased":[],"campfire_rested":0,"item_purchase_floors":[],"current_hp_per_floor":[54,54,54,54,36,36,36],"gold":208,"neow_bonus":"BOSS_RELIC","is_prod":false,"is_daily":false,"chose_seed":false,"campfire_upgraded":1,"win_rate":0,"timestamp":1554579004,"path_taken":["M","$","?","?","M","R","E"],"build_version":"2019-04-04","purchased_purges":1,"victory":false,"max_hp_per_floor":[71,71,71,71,71,71,71],"card_choices":[{"not_picked":["Capacitor","Turbo"],"picked":"Defragment","floor":0},{"not_picked":["Doom and Gloom","Streamline"],"picked":"White Noise","floor":0},{"not_picked":["Rebound","Sweeping Beam"],"picked":"Ball Lightning","floor":0},{"not_picked":["Go for the Eyes","Gash"],"picked":"Genetic Algorithm","floor":0},{"not_picked":["Sweeping Beam","Steam Power"],"picked":"Compile Driver","floor":0},{"not_picked":["Go for the Eyes","Redo","Sweeping Beam"],"picked":"SKIP","floor":1},{"not_picked":["Blizzard","Turbo","Sweeping Beam"],"picked":"SKIP","floor":5}],"player_experience":1074323,"relics_obtained":[],"event_choices":[{"damage_healed":0,"gold_gain":0,"player_choice":"Grow","damage_taken":0,"max_hp_gain":0,"max_hp_loss":0,"event_name":"Living Wall","floor":3,"gold_loss":0,"cards_upgraded":["Defragment"]},{"damage_healed":0,"gold_gain":150,"player_choice":"AGREE","damage_taken":0,"max_hp_gain":0,"max_hp_loss":0,"event_name":"Liars Game","floor":4,"gold_loss":0,"cards_obtained":["Doubt"]}],"is_beta":true,"boss_relics":[],"items_purged_floors":[2],"is_endless":false,"potions_floor_spawned":[1,5],"killed_by":"Gremlin Nob","ascension_level":20}