{"gold_per_floor":[362,373,19,19,19,53,53,73,99,99,109,109,121,156,156,252,252,266,282,51,66,66,66,100,112,112,37,62,62,62,77,77,77],"floor_reached":33,"playtime":3318,"items_purged":["Strike_B"],"score":295,"play_id":"2a2b7be3-ec39-4181-956a-7242ab83956e","local_time":"20190329221409","is_ascension_mode":false,"campfire_choices":[{"data":"Sunder","floor":7.0,"key":"SMITH"},{"floor":10.0,"key":"REST"},{"data":"Sunder","floor":15.0,"key":"SMITH"},{"data":"Self Repair","floor":23.0,"key":"SMITH"},{"floor":29.0,"key":"REST"},{"data":"Barrage","floor":32.0,"key":"SMITH"}],"neow_cost":"PERCENT_DAMAGE","seed_source_timestamp":137360955922205,"circlet_count":0,"master_deck":["Strike_B","Strike_B","Defend_B","Defend_B","Defend_B","Zap","Dualcast","Recycle","Conserve Battery","Sunder+1","Tempest+1","Conserve Battery","Sweeping Beam","Ball Lightning","Sunder+1","FTL","Self Repair+1","Capacitor","Steam","Go for the Eyes+1","Leap+1","Genetic Algorithm+1","Barrage+1"],"special_seed":0,"relics":["Cracked Core","Shuriken","Bag of Marbles","Bronze Scales","Ginger","Lizard Tail","Runic Capacitor","Lantern","Prayer Wheel"],"potions_floor_usage":[33],"damage_taken":[{"damage":0.0,"enemies":"Cultist","floor":1.0,"turns":3.0},{"damage":1.0,"enemies":"2 Louse","floor":2.0,"turns":3.0},{"damage":27.0,"enemies":"Lagavulin","floor":6.0,"turns":7.0},{"damage":1.0,"enemies":"Jaw Worm","floor":8.0,"turns":2.0},{"damage":0.0,"enemies":"Blue Slaver","floor":11.0,"turns":3.0},{"damage":7.0,"enemies":"3 Louse","floor":13.0,"turns":2.0},{"damage":12.0,"enemies":"3 Sentries","floor":14.0,"turns":5.0},{"damage":18.0,"enemies":"Slime Boss","floor":16.0,"turns":7.0},{"damage":11.0,"enemies":"Shell Parasite","floor":18.0,"turns":4.0},{"damage":0.0,"enemies":"Chosen","floor":19.0,"turns":4.0},{"damage":31.0,"enemies":"Snake Plant","floor":21.0,"turns":4.0},{"damage":34.0,"enemies":"Slavers","floor":24.0,"turns":5.0},{"damage":12.0,"enemies":"Centurion and Healer","floor":25.0,"turns":5.0},{"damage":23.0,"enemies":"Gremlin Leader","floor":28.0,"turns":7.0},{"damage":13.0,"enemies":"3 Cultists","floor":31.0,"turns":6.0},{"damage":92,"enemies":"Collector","floor":33,"turns":6}],"seed_played":"-303951979280402882","potions_obtained":[{"floor":1.0,"key":"GamblersBrew"},{"floor":13.0,"key":"Swift Potion"},{"floor":14.0,"key":"Block Potion"},{"floor":16.0,"key":"Strength Potion"},{"floor":25.0,"key":"Regen Potion"},{"floor":28.0,"key":"PowerPotion"}],"is_trial":false,"path_per_floor":["M","M","$","?","?","E","R","M","T","R","M","?","M","E","R","B",null,"M","M","$","M","?","R","E","M","T","?","E","R","?","M","R","B"],"character_chosen":"DEFECT","items_purchased":["Shuriken","Sunder","Runic Capacitor","Capacitor"],"campfire_rested":2,"item_purchase_floors":[3,3,20,20],"current_hp_per_floor":[54,53,53,53,46,19,19,18,18,40,40,40,33,21,21,3,75,64,64,64,40,40,40,16,14,14,14,16,38,38,35,35,0],"gold":77,"neow_bonus":"TWO_FIFTY_GOLD","is_prod":false,"is_daily":false,"chose_seed":false,"campfire_upgraded":4,"win_rate":0,"timestamp":1553915649,"path_taken":["M","M","$","?","?","E","R","M","T","R","M","?","M","E","R","BOSS","M","M","$","M","?","R","E","M","T","?","E","R","?","M","R","BOSS"],"build_version":"2019-01-23","purchased_purges":1,"victory":false,"max_hp_per_floor":[75,75,75,75,75,75,75,75,75,75,75,75,75,75,75,75,75,75,75,75,75,75,75,75,75,75,75,75,75,75,75,75,75],"card_choices":[{"not_picked":["Static Discharge","Hologram"],"picked":"Recycle","floor":1.0},{"not_picked":["Scrape","Heatsinks"],"picked":"Conserve Battery","floor":2.0},{"not_picked":["Compile Driver","Hologram"],"picked":"Tempest","floor":6.0},{"not_picked":["Beam Cell","Melter"],"picked":"Conserve Battery","floor":8.0},{"not_picked":["Reprogram","Conserve Battery"],"picked":"Sweeping Beam","floor":11.0},{"not_picked":["Double Energy","Cold Snap"],"picked":"Ball Lightning","floor":13.0},{"not_picked":["Sweeping Beam","Stack"],"picked":"Sunder","floor":14.0},{"not_picked":["Streamline","Auto Shields"],"picked":"FTL","floor":18.0},{"not_picked":["Gash","Conserve Battery"],"picked":"Self Repair","floor":19.0},{"not_picked":["Leap","Sunder+1"],"picked":"Steam","floor":21.0},{"not_picked":["Melter","Thunder Strike","Redo"],"picked":"SKIP","floor":24.0},{"not_picked":["White Noise","Loop"],"picked":"Go for the Eyes+1","floor":25.0},{"not_picked":["Ball Lightning","FTL"],"picked":"Leap+1","floor":28.0},{"not_picked":["Turbo","Chaos"],"picked":"Genetic Algorithm+1","floor":31.0},{"not_picked":["Storm","Sweeping Beam+1"],"picked":"Barrage","floor":31.0}],"player_experience":177316,"relics_obtained":[{"floor":6.0,"key":"Bag of Marbles"},{"floor":9.0,"key":"Bronze Scales"},{"floor":14.0,"key":"Ginger"},{"floor":24.0,"key":"Lantern"},{"floor":28.0,"key":"Prayer Wheel"}],"event_choices":[{"damage_healed":0.0,"max_hp_gain":0.0,"max_hp_loss":0.0,"gold_gain":0.0,"event_name":"Shining Light","player_choice":"Ignored","floor":4.0,"gold_loss":0.0,"damage_taken":0.0},{"cards_removed":["Defend_B"],"damage_healed":0.0,"max_hp_gain":0.0,"max_hp_loss":0.0,"gold_gain":0.0,"event_name":"Golden Wing","player_choice":"Card Removal","floor":5.0,"gold_loss":0.0,"damage_taken":7.0},{"damage_healed":0.0,"max_hp_gain":0.0,"max_hp_loss":0.0,"gold_gain":0.0,"event_name":"Living Wall","player_choice":"Grow","floor":12.0,"gold_loss":0.0,"damage_taken":0.0,"cards_upgraded":["Tempest"]},{"damage_healed":0.0,"max_hp_gain":0.0,"max_hp_loss":0.0,"gold_gain":0.0,"event_name":"Vampires","player_choice":"Ignored","floor":22.0,"gold_loss":0.0,"damage_taken":0.0},{"cards_removed":["Strike_B"],"damage_healed":0.0,"max_hp_gain":0.0,"max_hp_loss":0.0,"gold_gain":0.0,"event_name":"Beggar","player_choice":"Gave Gold","floor":27.0,"gold_loss":75.0,"damage_taken":0.0}],"is_beta":false,"boss_relics":[{"not_picked":["Calling Bell","White Beast Statue"],"picked":"Lizard Tail"}],"items_purged_floors":[3],"is_endless":false,"potions_floor_spawned":[1,13,14,16,25,28],"killed_by":"Collector","ascension_level":0}