{"gold_per_floor":[115,45,45,45,45,45,75,75,122,122,133,149,249,265,265,360,360,371,371,371,390,402,402,421,421,448,448,182,182,182,197,197,298,298,314,314,214,214,89,89,89,89,89,89,89,103,123,137,137,137],"floor_reached":51,"playtime":3135,"items_purged":["Strike_G","Strike_G","Endless Agony"],"score":616,"play_id":"86b96655-3d64-4776-99b5-5f38acdce31b","local_time":"20190413022709","is_ascension_mode":false,"campfire_choices":[{"data":"Neutralize","floor":6.0,"key":"SMITH"},{"data":"Footwork","floor":8.0,"key":"SMITH"},{"floor":10.0,"key":"REST"},{"data":"Poisoned Stab","floor":15.0,"key":"SMITH"},{"floor":23.0,"key":"REST"},{"data":"Cloak And Dagger","floor":27.0,"key":"SMITH"},{"data":"Survivor","floor":29.0,"key":"SMITH"},{"data":"Accuracy","floor":32.0,"key":"SMITH"},{"data":"Accuracy","floor":40.0,"key":"SMITH"},{"data":"Accuracy","floor":42.0,"key":"SMITH"},{"data":"Noxious Fumes","floor":44.0,"key":"SMITH"},{"floor":49.0,"key":"REST"}],"neow_cost":"NONE","seed_source_timestamp":2093712336521,"circlet_count":0,"master_deck":["Defend_G","Defend_G","Defend_G","Defend_G","Defend_G","Survivor+1","Neutralize+1","Poisoned Stab+1","Footwork+1","Bane","Deadly Poison","Accuracy+1","Acrobatics","PiercingWail+1","Dagger Throw+1","Blade Dance","Cloak And Dagger+1","Accuracy+1","Noxious Fumes+1","Accuracy+1","Adrenaline","Backflip+1","Madness","Madness","Blade Dance+1","Calculated Gamble+1"],"special_seed":0,"relics":["Ring of the Snake","Juzu Bracelet","Snake Skull","Anchor","Philosopher\u0027s Stone","Matryoshka","Omamori","Lantern","Bag of Preparation","Black Star","Paper Crane","Bag of Marbles"],"potions_floor_usage":[50,50,50],"damage_taken":[{"damage":0.0,"enemies":"Small Slimes","floor":1.0,"turns":5.0},{"damage":9.0,"enemies":"3 Sentries","floor":7.0,"turns":12.0},{"damage":1.0,"enemies":"Jaw Worm","floor":11.0,"turns":2.0},{"damage":0.0,"enemies":"Cultist","floor":12.0,"turns":3.0},{"damage":0.0,"enemies":"Lots of Slimes","floor":14.0,"turns":6.0},{"damage":9.0,"enemies":"The Guardian","floor":16.0,"turns":10.0},{"damage":7.0,"enemies":"Shell Parasite","floor":18.0,"turns":5.0},{"damage":9.0,"enemies":"Spheric Guardian","floor":21.0,"turns":5.0},{"damage":8.0,"enemies":"3 Cultists","floor":22.0,"turns":8.0},{"damage":10.0,"enemies":"Snecko","floor":24.0,"turns":5.0},{"damage":2.0,"enemies":"Cultist and Chosen","floor":31.0,"turns":5.0},{"damage":32.0,"enemies":"Automaton","floor":33.0,"turns":10.0},{"damage":0.0,"enemies":"Orb Walker","floor":35.0,"turns":2.0},{"damage":21.0,"enemies":"3 Darklings","floor":46.0,"turns":5.0},{"damage":3.0,"enemies":"Writhing Mass","floor":47.0,"turns":6.0},{"damage":9.0,"enemies":"Jaw Worm Horde","floor":48.0,"turns":3.0},{"damage":30,"enemies":"Donu and Deca","floor":50,"turns":10}],"seed_played":"-1404248458726047305","potions_obtained":[{"floor":12.0,"key":"FearPotion"},{"floor":14.0,"key":"FearPotion"},{"floor":16.0,"key":"Fire Potion"},{"floor":24.0,"key":"EssenceOfSteel"},{"floor":33.0,"key":"AttackPotion"},{"floor":35.0,"key":"Energy Potion"},{"floor":46.0,"key":"Weak Potion"}],"is_trial":false,"path_per_floor":["M","$","?","$","?","R","E","R","T","R","M","M","?","M","R","B",null,"M","?","T","M","M","R","M","?","T","R","$","R","?","M","R","B",null,"M","?","$","?","$","R","?","R","T","R","?","M","M","M","R","B",null],"character_chosen":"THE_SILENT","items_purchased":["Footwork","Accuracy","Bag of Preparation"],"campfire_rested":3,"item_purchase_floors":[2,28,28],"current_hp_per_floor":[70,70,52,52,52,52,43,43,43,64,63,63,63,63,63,54,70,63,56,56,47,39,60,50,50,50,50,50,50,50,48,48,16,70,70,61,61,54,54,54,54,54,54,54,54,33,30,21,42,12],"gold":137,"neow_bonus":"REMOVE_CARD","is_prod":false,"is_daily":false,"chose_seed":false,"campfire_upgraded":9,"win_rate":0,"timestamp":1555093629,"path_taken":["M","$","?","$","?","R","E","R","T","R","M","M","?","M","R","BOSS","M","?","?","M","M","R","M","?","T","R","?","R","?","M","R","BOSS","M","?","$","?","$","R","?","R","T","R","?","M","M","M","R","BOSS"],"build_version":"2019-01-23","purchased_purges":3,"victory":true,"max_hp_per_floor":[70,70,70,70,70,70,70,70,70,70,70,70,70,70,70,70,70,70,70,70,70,70,70,70,70,70,70,70,70,70,70,70,70,70,70,70,70,70,70,70,70,70,70,70,70,70,70,70,70,70],"card_choices":[{"not_picked":["Deflect","Prepared"],"picked":"Poisoned Stab","floor":1.0},{"not_picked":["Dagger Spray","Heel Hook"],"picked":"Bane","floor":7.0},{"not_picked":["Quick Slash","Bane"],"picked":"Deadly Poison","floor":11.0},{"not_picked":["Crippling Poison","Leg Sweep"],"picked":"Accuracy","floor":12.0},{"not_picked":["Deadly Poison","Slice","Phantasmal Killer"],"picked":"SKIP","floor":14.0},{"not_picked":["Burst","Bullet Time"],"picked":"Unload","floor":16.0},{"not_picked":["Escape Plan+1","Outmaneuver"],"picked":"Acrobatics","floor":18.0},{"not_picked":["Underhanded Strike","Bouncing Flask"],"picked":"PiercingWail+1","floor":21.0},{"not_picked":["Poisoned Stab","PiercingWail"],"picked":"Dagger Throw+1","floor":22.0},{"not_picked":["Quick Slash","Tactician"],"picked":"Blade Dance","floor":24.0},{"not_picked":["Heel Hook","Backflip+1"],"picked":"Accuracy","floor":31.0},{"not_picked":["Night Terror","A Thousand Cuts"],"picked":"Adrenaline","floor":33.0},{"not_picked":["Outmaneuver+1","Caltrops"],"picked":"Backflip+1","floor":35.0},{"not_picked":["Deflect","Masterful Stab"],"picked":"Blade Dance+1","floor":46.0},{"not_picked":["Escape Plan","Outmaneuver+1","Underhanded Strike+1"],"picked":"SKIP","floor":47.0},{"not_picked":["Eviscerate","Escape Plan+1"],"picked":"Calculated Gamble+1","floor":48.0}],"player_experience":111216,"relics_obtained":[{"floor":7.0,"key":"Snake Skull"},{"floor":9.0,"key":"Anchor"},{"floor":20.0,"key":"Matryoshka"},{"floor":26.0,"key":"Omamori"},{"floor":26.0,"key":"Lantern"},{"floor":43.0,"key":"Paper Crane"},{"floor":43.0,"key":"Bag of Marbles"}],"event_choices":[{"damage_healed":0.0,"max_hp_gain":0.0,"max_hp_loss":0.0,"gold_gain":0.0,"event_name":"Scrap Ooze","player_choice":"Success","floor":3.0,"gold_loss":0.0,"damage_taken":18.0,"relics_obtained":["Juzu Bracelet"]},{"damage_healed":0.0,"max_hp_gain":0.0,"max_hp_loss":0.0,"gold_gain":0.0,"event_name":"WeMeetAgain","player_choice":"Ignored","floor":5.0,"gold_loss":0.0,"damage_taken":0.0},{"damage_healed":0.0,"max_hp_gain":0.0,"max_hp_loss":0.0,"gold_gain":100.0,"event_name":"Golden Shrine","player_choice":"Pray","floor":13.0,"gold_loss":0.0,"damage_taken":0.0},{"damage_healed":0.0,"max_hp_gain":0.0,"max_hp_loss":0.0,"gold_gain":0.0,"event_name":"Knowing Skull","player_choice":"","floor":19.0,"potions_obtained":[],"gold_loss":0.0,"damage_taken":7.0,"cards_obtained":[]},{"damage_healed":0.0,"max_hp_gain":0.0,"max_hp_loss":0.0,"gold_gain":0.0,"event_name":"The Library","player_choice":"Read","floor":25.0,"gold_loss":0.0,"damage_taken":0.0,"cards_obtained":["Cloak And Dagger"]},{"damage_healed":0.0,"max_hp_gain":0.0,"max_hp_loss":0.0,"gold_gain":0.0,"cards_transformed":["Strike_G","Strike_G"],"event_name":"Drug Dealer","player_choice":"Became Test Subject","floor":30.0,"gold_loss":0.0,"damage_taken":0.0,"cards_obtained":["Endless Agony","Noxious Fumes"]},{"damage_healed":0.0,"max_hp_gain":0.0,"max_hp_loss":0.0,"gold_gain":0.0,"event_name":"Winding Halls","player_choice":"Embrace Madness","floor":36.0,"gold_loss":0.0,"damage_taken":9.0,"cards_obtained":["Madness","Madness"]},{"damage_healed":0.0,"max_hp_gain":0.0,"max_hp_loss":0.0,"gold_gain":0.0,"event_name":"Wheel of Change","player_choice":"Damaged","floor":38.0,"gold_loss":0.0,"damage_taken":7.0},{"cards_removed":["Unload"],"damage_healed":0.0,"max_hp_gain":0.0,"max_hp_loss":0.0,"gold_gain":0.0,"event_name":"Purifier","player_choice":"Purged","floor":41.0,"gold_loss":0.0,"damage_taken":0.0},{"damage_healed":0.0,"max_hp_gain":0.0,"max_hp_loss":0.0,"gold_gain":0.0,"event_name":"Tomb of Lord Red Mask","player_choice":"Ignored","floor":45.0,"gold_loss":0.0,"damage_taken":0.0}],"is_beta":false,"boss_relics":[{"not_picked":["Snecko Eye","Fusion Hammer"],"picked":"Philosopher\u0027s Stone"},{"not_picked":["White Beast Statue","Coffee Dripper"],"picked":"Black Star"}],"items_purged_floors":[28,37,39],"is_endless":false,"potions_floor_spawned":[12,14,16,24,33,35,46],"ascension_level":0}