{"path_per_floor":["M","?","?","$","M","R","?","R","T","$","M","M","M","$","R"],"character_chosen":"IRONCLAD","items_purchased":["Purity"],"gold_per_floor":[16,16,191,28,43,43,43,43,43,43,62,75,91,91,91,91],"floor_reached":16,"campfire_rested":0,"playtime":477,"item_purchase_floors":[],"current_hp_per_floor":[74,74,74,74,74,74,74,74,74,74,74,74,74,74,74,0],"items_purged":["Doubt"],"gold":91,"score":117,"play_id":"9471a61d-f520-40d7-8506-b06e35510e00","local_time":"20180621135002","is_prod":false,"is_daily":false,"chose_seed":false,"is_ascension_mode":true,"campfire_upgraded":0,"win_rate":0,"timestamp":1529581802,"campfire_choices":[{"data":"Strike_R","floor":6.0,"key":"PURGE"},{"data":"Strike_R","floor":8.0,"key":"PURGE"},{"data":"Defend_R","floor":15,"key":"PURGE"}],"path_taken":["M","?","?","?","M","R","?","R","T","?","M","M","?","$","R","BOSS"],"build_version":"2018-06-20v3","seed_source_timestamp":627179070861025,"purchased_purges":1,"circlet_count":0,"victory":false,"master_deck":["Strike_R","Strike_R","Defend_R","Defend_R","Defend_R","Bash","Purity"],"max_hp_per_floor":[80,80,80,80,80,80,74,74,74,74,74,74,74,74,74,74],"special_seed":0,"relics":["Burning Blood","Peace Pipe","Golden Idol","Thread and Needle"],"card_choices":[{"not_picked":["Flame Barrier","Wild Strike","Anger"],"picked":"SKIP","floor":1.0},{"not_picked":["Dual Wield","Twin Strike","Cleave"],"picked":"SKIP","floor":5.0},{"not_picked":["Shrug It Off","Clothesline","Rage"],"picked":"SKIP","floor":11.0},{"not_picked":["Second Wind","Cleave","Anger"],"picked":"SKIP","floor":12.0},{"not_picked":["Iron Wave","Intimidate","Twin Strike"],"picked":"SKIP","floor":13}],"player_experience":303914,"potions_floor_usage":[16,16],"damage_taken":[{"damage":4.0,"enemies":"Small Slimes","floor":1.0,"turns":3.0},{"damage":6.0,"enemies":"Cultist","floor":5.0,"turns":3.0},{"damage":5.0,"enemies":"Jaw Worm","floor":11.0,"turns":8.0},{"damage":4.0,"enemies":"3 Louse","floor":12.0,"turns":6.0},{"damage":6,"enemies":"Exordium Wildlife","floor":13,"turns":7},{"damage":93,"enemies":"The Guardian","floor":16,"turns":12}],"relics_obtained":[{"floor":9.0,"key":"Thread and Needle"}],"event_choices":[{"event_name":"Purifier","player_choice":"One Purge","floor":2.0,"damage_taken":0.0},{"event_name":"Liars Game","player_choice":"agreed","floor":3.0,"damage_taken":0.0},{"event_name":"Golden Idol","player_choice":"Lose Max HP","floor":7.0,"damage_taken":0.0}],"boss_relics":[],"items_purged_floors":[],"is_endless":false,"potions_floor_spawned":[1,12],"seed_played":"-7490876594647215882","killed_by":"The Guardian","ascension_level":6,"potions_obtained":[{"floor":1.0,"key":"AttackPotion"},{"floor":12.0,"key":"Weak Potion"}],"is_trial":false}