{"path_per_floor":["M","$","?","?","$","R","E","$","T","R","M","E","M","M","R","B",null,"M","$","M","?","M","R","M"],"character_chosen":"THE_SILENT","items_purchased":["Strawberry","Infinite Blades","Escape Plan","Vajra","Infinite Blades","Accuracy","Toxic Egg 2"],"gold_per_floor":[320,54,154,329,26,26,54,16,86,86,97,130,140,159,159,259,259,273,21,41,41,57,57,74],"floor_reached":25,"campfire_rested":3,"playtime":1200,"current_hp_per_floor":[61,68,68,68,68,68,41,41,41,64,64,60,55,45,72,71,91,86,86,73,73,45,72,53],"items_purged":["Doubt"],"gold":74,"score":247,"play_id":"acd70a12-3771-469f-82c6-d3dee3cae55f","local_time":"20180317173629","is_prod":false,"is_daily":false,"is_ascension_mode":true,"campfire_upgraded":1,"timestamp":1521304589,"path_taken":["M","$","?","?","?","R","E","$","T","R","?","E","M","M","R","BOSS","M","$","?","?","M","R","?","E"],"build_version":"2018-03-15v2","purchased_purges":1,"victory":false,"master_deck":["Defend_G","Defend_G","Defend_G","Defend_G","Defend_G","Strike_G","Strike_G","Strike_G","Strike_G","Strike_G","Survivor","Neutralize","Flying Knee","Infinite Blades+1","Escape Plan","Infinite Blades","Backflip","Accuracy","Accuracy","Cloak And Dagger","Backflip","Die Die Die","Caltrops","Footwork"],"max_hp_per_floor":[70,77,77,77,77,77,77,77,77,77,77,91,91,91,91,91,91,91,91,91,91,91,91,91],"relics":["Ring of the Snake","Old Coin","Strawberry","Vajra","Mummified Hand","Pantograph","Mango","Question Card","Toxic Egg 2"],"card_choices":[{"not_picked":["Outmaneuver","Calculated Gamble"],"picked":"Flying Knee"},{"not_picked":["Well Laid Plans","Poisoned Stab"],"picked":"Backflip"},{"not_picked":["Dash","Dagger Throw"],"picked":"Accuracy"},{"not_picked":["Wraith Form","Prepared"],"picked":"Cloak And Dagger"},{"not_picked":["Sucker Punch","Calculated Gamble"],"picked":"Backflip"},{"not_picked":["Tools of the Trade","Night Terror"],"picked":"Die Die Die"},{"not_picked":["Dagger Spray","Backflip","Poisoned Stab"],"picked":"Caltrops"},{"not_picked":["Poisoned Stab","Slice","Dagger Throw"],"picked":"Footwork"}],"player_experience":173850,"potions_floor_usage":[16,25],"damage_taken":[{"damage":9,"enemies":"Jaw Worm","floor":1,"turns":4},{"damage":27,"enemies":"Lagavulin","floor":7,"turns":6},{"damage":0,"enemies":"Cultist","floor":11,"turns":2},{"damage":18,"enemies":"Gremlin Nob","floor":12,"turns":4},{"damage":5,"enemies":"2 Louse","floor":13,"turns":2},{"damage":10,"enemies":"Exordium Wildlife","floor":14,"turns":3},{"damage":20,"enemies":"Slime Boss","floor":16,"turns":8},{"damage":5,"enemies":"3 Byrds","floor":18,"turns":4},{"damage":13,"enemies":"Spheric Guardian","floor":20,"turns":4},{"damage":28,"enemies":"Slaver and Parasite","floor":22,"turns":4},{"damage":19,"enemies":"Sentry and Sphere","floor":24,"turns":4},{"damage":56,"enemies":"Gremlin Leader","floor":25,"turns":5}],"event_choices":[{"event_name":"Wheel of Change","player_choice":"Gold","floor":3,"damage_taken":0},{"event_name":"Liars Game","player_choice":"agreed","floor":4,"damage_taken":0},{"event_name":"Drug Dealer","player_choice":"Ignored","floor":21,"damage_taken":0}],"boss_relics":[{"not_picked":["The Specimen","Runic Pyramid"],"picked":"Question Card"}],"potions_floor_spawned":[11,13,18],"seed_played":"9123541522694143459","killed_by":"Gremlin Leader","ascension_level":1,"is_trial":false}