{"path_per_floor":["M","?","?","M","M","E","R","?","T","T","M","M","R","M","R","B",null,"M","$","?","M","M","R","E","?","T","E","R","$","?","M","R","B",null,"M","M","$","?"],"character_chosen":"DEFECT","items_purchased":["Bottled Lightning","Capacitor","Redo","Capacitor","Ball Lightning","Toxic Egg 2","Defragment"],"gold_per_floor":[111,111,111,130,140,172,172,172,172,252,269,280,280,293,293,396,396,414,102,102,114,132,132,157,157,181,206,206,133,133,153,153,257,287,298,309,9,0,0],"floor_reached":39,"campfire_rested":4,"playtime":1694,"item_purchase_floors":[],"current_hp_per_floor":[69,69,57,54,49,33,55,48,48,48,47,45,67,66,66,30,75,52,52,75,73,50,50,32,32,32,2,24,24,24,16,38,45,80,69,46,46,46,0],"items_purged":[],"gold":0,"score":469,"play_id":"c16f9eb6-c119-46da-b284-9b03c7a7a17c","local_time":"20180525162340","is_prod":false,"is_daily":false,"chose_seed":false,"is_ascension_mode":false,"campfire_upgraded":2,"win_rate":0,"timestamp":1527258220,"campfire_choices":[{"floor":7.0,"key":"REST"},{"floor":13.0,"key":"REST"},{"data":"Defragment","floor":15.0,"key":"SMITH"},{"data":"Electrodynamics","floor":23.0,"key":"SMITH"},{"floor":28,"key":"REST"},{"floor":32,"key":"REST"}],"path_taken":["M","?","?","?","M","E","R","?","T","?","M","M","R","M","R","BOSS","M","$","?","M","M","R","E","?","T","E","R","$","?","M","R","BOSS","M","?","$","?","M"],"build_version":"2018-05-24","seed_source_timestamp":0,"purchased_purges":0,"victory":false,"master_deck":["Strike_B+1","Strike_B","Strike_B","Defend_B","Defend_B","Defend_B","Defend_B","Zap+1","Dualcast","Coolheaded","Rebound+1","Tempest","White Noise","Defragment+1","Streamline","Cold Snap","Electrodynamics+1","Stack+1","Capacitor","Redo","Auto Shields+1","Steam+1","Self Repair","Consume","Capacitor","Ball Lightning","Zap","Storm","Steam+1","Fission","Compile Driver+1","Stack","Defragment"],"max_hp_per_floor":[75,75,75,75,75,75,75,75,75,75,75,75,75,75,75,75,75,75,75,75,75,75,75,75,75,75,75,75,75,75,75,75,75,80,80,80,80,80,80],"relics":["Cracked Core","Toolbox","Ginger","Mummified Hand","Letter Opener","Black Star","Bottled Lightning","Whetstone","Ancient Tea Set","Oddly Smooth Stone","Happy Flower","Vajra","Tiny House","Toxic Egg 2","Red Mask"],"card_choices":[{"not_picked":["Steam","Go for the Eyes"],"picked":"Coolheaded","floor":1.0},{"not_picked":["Double Energy","Go for the Eyes"],"picked":"Rebound","floor":4.0},{"not_picked":["Force Field","Chill"],"picked":"Tempest","floor":5.0},{"not_picked":["Hologram","Recycle"],"picked":"White Noise","floor":6.0},{"not_picked":["Rip and Tear","Amplify"],"picked":"Defragment","floor":11.0},{"not_picked":["Sweeping Beam","Rebound"],"picked":"Streamline","floor":12.0},{"not_picked":["Capacitor","Go for the Eyes"],"picked":"Cold Snap","floor":14.0},{"not_picked":["Amplify","Meteor Strike"],"picked":"Electrodynamics","floor":16.0},{"not_picked":["Sunder","Barrage"],"picked":"Stack","floor":18.0},{"not_picked":["Capacitor","Rip and Tear"],"picked":"Auto Shields+1","floor":21.0},{"not_picked":["Beam Cell+1","Go for the Eyes"],"picked":"Steam+1","floor":22.0},{"not_picked":["Echo Form","Leap"],"picked":"Self Repair","floor":24.0},{"not_picked":["Steam","Sweeping Beam"],"picked":"Consume","floor":27},{"not_picked":["Turbo","Skim"],"picked":"Steam+1","floor":31},{"not_picked":["Reboot","Rainbow"],"picked":"Fission","floor":33},{"not_picked":["Rebound","Sweeping Beam+1"],"picked":"Compile Driver+1","floor":34},{"not_picked":["Streamline+1","Fusion+1","Darkness"],"picked":"SKIP","floor":35},{"not_picked":["Streamline+1","Cold Snap"],"picked":"Stack","floor":36}],"player_experience":23469,"potions_floor_usage":[27,27,36,39,39],"damage_taken":[{"damage":6.0,"enemies":"Jaw Worm","floor":1.0,"turns":4.0},{"damage":3.0,"enemies":"2 Louse","floor":4.0,"turns":2.0},{"damage":5.0,"enemies":"Small Slimes","floor":5.0,"turns":2.0},{"damage":16.0,"enemies":"3 Sentries","floor":6.0,"turns":7.0},{"damage":8.0,"enemies":"Red Slaver","floor":11.0,"turns":2.0},{"damage":2.0,"enemies":"2 Fungi Beasts","floor":12.0,"turns":2.0},{"damage":1.0,"enemies":"3 Louse","floor":14.0,"turns":2.0},{"damage":36.0,"enemies":"Hexaghost","floor":16.0,"turns":6.0},{"damage":23.0,"enemies":"Spheric Guardian","floor":18.0,"turns":4.0},{"damage":2.0,"enemies":"3 Byrds","floor":21.0,"turns":3.0},{"damage":23.0,"enemies":"Cultist and Chosen","floor":22.0,"turns":8.0},{"damage":18.0,"enemies":"Gremlin Leader","floor":24.0,"turns":3.0},{"damage":30,"enemies":"Slavers","floor":27,"turns":4},{"damage":15,"enemies":"Snake Plant","floor":31,"turns":3},{"damage":0,"enemies":"Champ","floor":33,"turns":6},{"damage":18,"enemies":"Flame Bruiser 1 Orb","floor":35,"turns":6},{"damage":37,"enemies":"3 Darklings","floor":36,"turns":6},{"damage":51,"enemies":"Flame Bruiser 2 Orb","floor":39,"turns":2}],"relics_obtained":[{"floor":6.0,"key":"Ginger"},{"floor":9.0,"key":"Mummified Hand"},{"floor":10.0,"key":"Letter Opener"},{"floor":24.0,"key":"Whetstone"},{"floor":24.0,"key":"Ancient Tea Set"},{"floor":26.0,"key":"Oddly Smooth Stone"},{"floor":27,"key":"Happy Flower"},{"floor":27,"key":"Vajra"}],"event_choices":[{"event_name":"Living Wall","player_choice":"Grow","floor":2.0,"damage_taken":0.0},{"event_name":"Scrap Ooze","player_choice":"success","floor":3.0,"damage_taken":12.0},{"event_name":"Golden Wing","player_choice":"Card Removal","floor":8.0,"damage_taken":0.0},{"event_name":"Wheel of Change","player_choice":"Full Heal","floor":20.0,"damage_taken":0.0},{"event_name":"Drug Dealer","player_choice":"Ignored","floor":25.0,"damage_taken":0.0},{"event_name":"Match and Keep!","player_choice":"2 cards matched","floor":30,"damage_taken":0},{"event_name":"Tomb of Lord Red Mask","player_choice":"Paid","floor":38,"damage_taken":0}],"boss_relics":[{"not_picked":["Astrolabe","Philosopher\u0027s Stone"],"picked":"Tiny House"}],"items_purged_floors":[],"potions_floor_spawned":[4,12,14,16,18,24,35],"seed_played":"-2129686677136207476","killed_by":"Flame Bruiser 2 Orb","ascension_level":0,"potions_obtained":[{"floor":4.0,"key":"AttackPotion"},{"floor":12.0,"key":"SteroidPotion"},{"floor":14.0,"key":"AttackPotion"},{"floor":16.0,"key":"Strength Potion"},{"floor":18.0,"key":"SpeedPotion"},{"floor":24.0,"key":"Strength Potion"},{"floor":34,"key":"PowerPotion"},{"floor":35,"key":"Strength Potion"}],"is_trial":false}