{"gold_per_floor":[115,215,227,84,101,136,154,185,211,211,223,237,237,256,256,354,354,364,364,380,57,77,77,77,88,88,104,119,119,119,131,131,231,231,243,243,292,302,315,315,347,347,400,413,427,148,164,164,164,164],"floor_reached":51,"playtime":9970,"items_purged":["Defend_B+1"],"score":695,"play_id":"3640fddd-e093-4f17-8bb8-4c6b5c67c596","local_time":"20190317200242","is_ascension_mode":false,"campfire_choices":[{"floor":10.0,"key":"REST"},{"floor":13.0,"key":"REST"},{"data":"Hologram","floor":15.0,"key":"SMITH"},{"data":"Steam","floor":23.0,"key":"SMITH"},{"data":"Conserve Battery","floor":29.0,"key":"SMITH"},{"floor":32.0,"key":"REST"},{"data":"Parasite","floor":40.0,"key":"PURGE"},{"data":"Coolheaded","floor":49,"key":"PURGE"}],"neow_cost":"NONE","seed_source_timestamp":0,"circlet_count":0,"master_deck":["Strike_B+1","Strike_B+1","Strike_B+1","Defend_B+1","Defend_B+1","Zap+1","Dualcast","Doom and Gloom","FTL","Compile Driver","Loop+1","Auto Shields","Ball Lightning","Storm+1","Steam+1","Hologram+1","Echo Form+1","Leap","Reinforced Body","Conserve Battery+1","Master of Strategy+1","Defragment+1","Survivor","Conserve Battery+1","Beam Cell+1","Auto Shields","Go for the Eyes","All For One","White Noise+1","Madness","Madness","Double Energy+1","Defragment+1","Loop+1","Streamline+1"],"special_seed":0,"relics":["Cracked Core","NeowsBlessing","Frozen Egg 2","Blood Vial","Vajra","Runic Pyramid","Oddly Smooth Stone","Kunai","Fusion Hammer","Peace Pipe","Omamori","War Paint"],"potions_floor_usage":[47,47],"damage_taken":[{"damage":0.0,"enemies":"Jaw Worm","floor":1.0,"turns":1.0},{"damage":0.0,"enemies":"Cultist","floor":3.0,"turns":1.0},{"damage":0.0,"enemies":"2 Louse","floor":5.0,"turns":1.0},{"damage":39.0,"enemies":"Gremlin Nob","floor":6.0,"turns":5.0},{"damage":14.0,"enemies":"Lots of Slimes","floor":7.0,"turns":3.0},{"damage":16.0,"enemies":"Lagavulin","floor":8.0,"turns":6.0},{"damage":4.0,"enemies":"2 Fungi Beasts","floor":11.0,"turns":2.0},{"damage":8.0,"enemies":"3 Louse","floor":12.0,"turns":3.0},{"damage":0.0,"enemies":"Large Slime","floor":14.0,"turns":4.0},{"damage":20.0,"enemies":"Hexaghost","floor":16.0,"turns":6.0},{"damage":19.0,"enemies":"Shell Parasite","floor":18.0,"turns":4.0},{"damage":13.0,"enemies":"2 Thieves","floor":20.0,"turns":5.0},{"damage":6.0,"enemies":"Snake Plant","floor":22.0,"turns":7.0},{"damage":15.0,"enemies":"Chosen and Byrds","floor":25.0,"turns":6.0},{"damage":0.0,"enemies":"Snecko","floor":27.0,"turns":5.0},{"damage":0.0,"enemies":"Centurion and Healer","floor":28.0,"turns":7.0},{"damage":14.0,"enemies":"Snake Plant","floor":31.0,"turns":5.0},{"damage":5.0,"enemies":"Champ","floor":33.0,"turns":11.0},{"damage":0.0,"enemies":"Orb Walker","floor":35.0,"turns":4.0},{"damage":34.0,"enemies":"2 Orb Walkers","floor":37.0,"turns":5.0},{"damage":0.0,"enemies":"3 Shapes","floor":38.0,"turns":4.0},{"damage":0.0,"enemies":"Writhing Mass","floor":39.0,"turns":8.0},{"damage":0.0,"enemies":"Giant Head","floor":41.0,"turns":9.0},{"damage":6,"enemies":"Spire Growth","floor":44,"turns":4},{"damage":0,"enemies":"Maw","floor":45,"turns":6},{"damage":23,"enemies":"4 Shapes","floor":47,"turns":3},{"damage":29,"enemies":"Time Eater","floor":50,"turns":9}],"seed_played":"645411223631974378","potions_obtained":[{"floor":1.0,"key":"EssenceOfSteel"},{"floor":7.0,"key":"Energy Potion"},{"floor":12.0,"key":"PowerPotion"},{"floor":14.0,"key":"GamblersBrew"},{"floor":16.0,"key":"Explosive Potion"},{"floor":18.0,"key":"FearPotion"},{"floor":22.0,"key":"Energy Potion"},{"floor":28.0,"key":"AttackPotion"},{"floor":35.0,"key":"Swift Potion"},{"floor":37.0,"key":"EssenceOfSteel"},{"floor":47,"key":"FairyPotion"}],"is_trial":false,"path_per_floor":["M","?","M","$","M","E","M","E","T","R","M","M","R","M","R","B",null,"M","?","M","$","M","R","?","M","T","M","M","R","?","M","R","B",null,"M","?","?","M","M","R","E","?","T","M","M","$","M","?","R","B",null],"character_chosen":"DEFECT","items_purchased":["Doom and Gloom","FTL","Master of Strategy","Oddly Smooth Stone","Loop+1","PowerPotion","LiquidBronze"],"campfire_rested":3,"item_purchase_floors":[4,4,21,21,46,46,46],"current_hp_per_floor":[75,75,75,75,75,36,22,6,6,28,26,20,42,44,44,26,75,56,56,45,45,41,41,41,28,28,30,32,32,32,20,42,39,75,75,66,34,36,38,38,40,40,40,36,38,38,17,72,72,43],"gold":164,"neow_bonus":"THREE_ENEMY_KILL","is_prod":false,"is_daily":false,"chose_seed":false,"campfire_upgraded":3,"win_rate":0.0,"timestamp":1552870962,"path_taken":["M","?","?","?","?","E","M","E","T","R","M","M","R","M","R","BOSS","M","?","M","$","M","R","?","M","T","M","?","R","?","M","R","BOSS","M","?","?","M","M","R","E","?","T","M","M","$","M","?","R","BOSS"],"build_version":"2019-01-23","purchased_purges":1,"victory":true,"max_hp_per_floor":[75,75,75,75,75,75,75,75,75,75,75,75,75,75,75,75,75,75,75,75,75,75,75,75,75,75,75,75,75,75,75,75,75,75,75,75,75,75,75,72,72,72,72,72,72,72,72,72,72,72],"card_choices":[{"not_picked":["Reprogram","Rip and Tear","Turbo"],"picked":"SKIP","floor":1.0},{"not_picked":["Barrage","Cold Snap"],"picked":"Coolheaded","floor":3.0},{"not_picked":["Redo","Coolheaded"],"picked":"Compile Driver","floor":5.0},{"not_picked":["Reprogram","Steam"],"picked":"Loop","floor":6.0},{"not_picked":["Glacier","Ball Lightning"],"picked":"Auto Shields","floor":7.0},{"not_picked":["Cold Snap","Doom and Gloom"],"picked":"Ball Lightning","floor":8.0},{"not_picked":["Sweeping Beam","Doom and Gloom"],"picked":"Storm+1","floor":11.0},{"not_picked":["Barrage","Skim"],"picked":"Steam","floor":12.0},{"not_picked":["Defragment+1","Scrape"],"picked":"Hologram","floor":14.0},{"not_picked":["Biased Cognition+1","Thunder Strike"],"picked":"Echo Form+1","floor":16.0},{"not_picked":["Steam+1","Ball Lightning+1"],"picked":"Leap","floor":18.0},{"not_picked":["Blizzard","Defragment+1"],"picked":"Conserve Battery+1","floor":20.0},{"not_picked":["Redo+1","BootSequence"],"picked":"Defragment+1","floor":22.0},{"not_picked":["Rip and Tear","Chaos"],"picked":"Conserve Battery","floor":25.0},{"not_picked":["Biased Cognition+1","Undo"],"picked":"Beam Cell+1","floor":27.0},{"not_picked":["Hologram","Ball Lightning"],"picked":"Auto Shields","floor":28.0},{"not_picked":["Sweeping Beam+1","Heatsinks+1"],"picked":"Go for the Eyes","floor":31.0},{"not_picked":["Meteor Strike","Rainbow"],"picked":"All For One","floor":33.0},{"not_picked":["Barrage+1","Scrape+1"],"picked":"White Noise+1","floor":35.0},{"not_picked":["Cold Snap","Hologram+1"],"picked":"Double Energy+1","floor":38.0},{"not_picked":["Storm+1","Rebound"],"picked":"Defragment+1","floor":39.0},{"not_picked":["BootSequence+1","Rebound+1","Cold Snap+1"],"picked":"SKIP","floor":41},{"not_picked":["Chill","Ball Lightning","Leap"],"picked":"SKIP","floor":44},{"not_picked":["Turbo+1","Compile Driver+1","Aggregate"],"picked":"SKIP","floor":45},{"not_picked":["Compile Driver+1","Coolheaded+1"],"picked":"Streamline+1","floor":47}],"player_experience":28594,"relics_obtained":[{"floor":6.0,"key":"Frozen Egg 2"},{"floor":8.0,"key":"Blood Vial"},{"floor":9.0,"key":"Vajra"},{"floor":26.0,"key":"Kunai"},{"floor":37.0,"key":"Peace Pipe"},{"floor":41,"key":"Omamori"},{"floor":43,"key":"War Paint"}],"event_choices":[{"damage_healed":0.0,"max_hp_gain":0.0,"max_hp_loss":0.0,"gold_gain":100.0,"event_name":"Golden Shrine","player_choice":"Pray","floor":2.0,"gold_loss":0.0,"damage_taken":0.0},{"damage_healed":0.0,"max_hp_gain":0.0,"max_hp_loss":0.0,"gold_gain":0.0,"event_name":"The Library","player_choice":"Read","floor":19.0,"gold_loss":0.0,"damage_taken":0.0,"cards_obtained":["Reinforced Body"]},{"cards_removed":["Defend_B"],"damage_healed":0.0,"max_hp_gain":0.0,"max_hp_loss":0.0,"gold_gain":0.0,"event_name":"NoteForYourself","player_choice":"Took Card","floor":24.0,"gold_loss":0.0,"damage_taken":0.0,"cards_obtained":["Survivor"]},{"damage_healed":0.0,"max_hp_gain":0.0,"max_hp_loss":0.0,"gold_gain":0.0,"event_name":"Back to Basics","player_choice":"Simplicity","floor":30.0,"gold_loss":0.0,"damage_taken":0.0,"cards_upgraded":["Strike_B","Strike_B","Strike_B","Strike_B","Defend_B","Defend_B","Defend_B"]},{"damage_healed":0.0,"max_hp_gain":0.0,"max_hp_loss":0.0,"gold_gain":0.0,"event_name":"Winding Halls","player_choice":"Embrace Madness","floor":36.0,"gold_loss":0.0,"damage_taken":9.0,"cards_obtained":["Madness","Madness"]},{"damage_healed":0.0,"max_hp_gain":0.0,"max_hp_loss":0.0,"gold_gain":0.0,"event_name":"Mysterious Sphere","player_choice":"Fight","floor":37.0,"gold_loss":0.0,"damage_taken":0.0},{"cards_removed":["Strike_B"],"damage_healed":0,"gold_gain":0,"player_choice":"Removed Attack","damage_taken":0,"max_hp_gain":0,"max_hp_loss":0,"event_name":"Falling","floor":42,"gold_loss":0},{"damage_healed":55,"gold_gain":0,"player_choice":"Heal","damage_taken":0,"max_hp_gain":0,"max_hp_loss":0,"event_name":"MindBloom","floor":48,"gold_loss":0,"cards_obtained":["Doubt"]}],"is_beta":false,"boss_relics":[{"not_picked":["Busted Crown","Lizard Tail"],"picked":"Runic Pyramid"},{"not_picked":["Empty Cage","Eternal Feather"],"picked":"Fusion Hammer"}],"items_purged_floors":[46],"is_endless":false,"potions_floor_spawned":[1,7,12,14,16,18,22,28,35,37,39,47],"ascension_level":0}