{"gold_per_floor":[115,115,115,131,142,175,175,210,210,210,227,177,177,193,193,297,297,316,316,45,45,57,82,82,111,111,111,140,140,153,181,181,283,283,300,311,361,378,122,149,149,149,227,252,265,290,310,330,330,330],"floor_reached":50,"playtime":10587,"items_purged":["Strike_B","Defend_B+1"],"score":648,"play_id":"81991608-81cc-4137-a826-3b84ce981f6f","local_time":"20190316074957","is_ascension_mode":false,"campfire_choices":[{"data":"Doom and Gloom","floor":7.0,"key":"SMITH"},{"data":"Dualcast","floor":10.0,"key":"SMITH"},{"data":"Conserve Battery","floor":13.0,"key":"SMITH"},{"floor":15.0,"key":"REST"},{"floor":24.0,"key":"REST"},{"floor":27.0,"key":"REST"},{"data":"Double Energy","floor":29.0,"key":"SMITH"},{"floor":32.0,"key":"REST"},{"floor":41.0,"key":"DIG"},{"floor":49,"key":"DIG"}],"neow_cost":"NONE","seed_source_timestamp":0,"circlet_count":0,"master_deck":["Zap+1","Dualcast+1","Cold Snap","Beam Cell","Stack+1","Doom and Gloom+1","Skim","Conserve Battery+1","Double Energy+1","Multi-Cast","Conserve Battery","Sadistic Nature","Bite","Bite","Bite","Bite","Bite","White Noise","Compile Driver+1","Go for the Eyes+1","Conserve Battery","Melter+1","Machine Learning+1","Melter+1","FTL+1","Parasite","Beam Cell+1","All For One","Double Energy","White Noise+1","Stack+1","Stack+1","Biased Cognition+1"],"special_seed":0,"relics":["Cracked Core","Pear","War Paint","Potion Belt","Empty Cage","Meat on the Bone","Nunchaku","Pantograph","Orichalcum","Red Mask","Nuclear Battery","Shovel","Darkstone Periapt","StoneCalendar","Frozen Egg 2","Toxic Egg 2","Dream Catcher","Bottled Tornado"],"potions_floor_usage":[46,46,50],"damage_taken":[{"damage":5.0,"enemies":"Small Slimes","floor":1.0,"turns":3.0},{"damage":0.0,"enemies":"2 Louse","floor":4.0,"turns":2.0},{"damage":0.0,"enemies":"Cultist","floor":5.0,"turns":3.0},{"damage":19.0,"enemies":"3 Sentries","floor":6.0,"turns":7.0},{"damage":24.0,"enemies":"Lagavulin","floor":8.0,"turns":4.0},{"damage":2.0,"enemies":"Exordium Wildlife","floor":11.0,"turns":3.0},{"damage":6.0,"enemies":"Large Slime","floor":14.0,"turns":2.0},{"damage":16.0,"enemies":"Hexaghost","floor":16.0,"turns":9.0},{"damage":13.0,"enemies":"3 Byrds","floor":18.0,"turns":5.0},{"damage":5.0,"enemies":"Shell Parasite","floor":22.0,"turns":7.0},{"damage":64.0,"enemies":"Gremlin Leader","floor":23.0,"turns":6.0},{"damage":52.0,"enemies":"Slavers","floor":25.0,"turns":6.0},{"damage":18.0,"enemies":"Gremlin Leader","floor":28.0,"turns":7.0},{"damage":9.0,"enemies":"Sentry and Sphere","floor":30.0,"turns":4.0},{"damage":2.0,"enemies":"Masked Bandits","floor":31.0,"turns":2.0},{"damage":53.0,"enemies":"Collector","floor":33.0,"turns":10.0},{"damage":8.0,"enemies":"3 Shapes","floor":35.0,"turns":5.0},{"damage":1.0,"enemies":"Orb Walker","floor":36.0,"turns":4.0},{"damage":35.0,"enemies":"2 Orb Walkers","floor":37.0,"turns":4.0},{"damage":19.0,"enemies":"Writhing Mass","floor":38.0,"turns":5.0},{"damage":20.0,"enemies":"Giant Head","floor":40.0,"turns":8.0},{"damage":38.0,"enemies":"Reptomancer","floor":44.0,"turns":5.0},{"damage":29.0,"enemies":"4 Shapes","floor":45.0,"turns":7.0},{"damage":21,"enemies":"Nemesis","floor":46,"turns":5},{"damage":9,"enemies":"Transient","floor":47,"turns":5},{"damage":21,"enemies":"Jaw Worm Horde","floor":48,"turns":5},{"damage":83,"enemies":"Donu and Deca","floor":50,"turns":6}],"seed_played":"-7054199002861275567","potions_obtained":[{"floor":1.0,"key":"SteroidPotion"},{"floor":8.0,"key":"GamblersBrew"},{"floor":11.0,"key":"PowerPotion"},{"floor":18.0,"key":"Explosive Potion"},{"floor":22.0,"key":"SpeedPotion"},{"floor":30.0,"key":"AttackPotion"},{"floor":35.0,"key":"SneckoOil"},{"floor":37.0,"key":"LiquidBronze"},{"floor":40.0,"key":"Strength Potion"},{"floor":45,"key":"Energy Potion"},{"floor":48,"key":"Energy Potion"}],"is_trial":false,"path_per_floor":["M","?","?","M","M","E","R","E","T","R","M","?","R","M","R","B",null,"M","?","$","?","M","E","R","E","T","R","E","R","M","?","R","B",null,"M","M","?","M","$","E","R","?","T","E","M","E","M","M","R","B"],"character_chosen":"DEFECT","items_purchased":["Sadistic Nature","All For One"],"campfire_rested":4,"item_purchase_floors":[20,39],"current_hp_per_floor":[77,65,65,67,69,62,62,40,40,40,40,40,40,36,63,49,92,79,79,79,79,90,40,67,31,31,58,54,54,57,59,86,53,92,88,92,61,54,54,56,56,56,56,38,31,32,45,46,46,0],"gold":330,"neow_bonus":"TEN_PERCENT_HP_BONUS","is_prod":false,"is_daily":false,"chose_seed":false,"campfire_upgraded":4,"win_rate":0.0,"timestamp":1552740597,"path_taken":["M","?","?","M","M","E","R","E","T","R","M","?","R","M","R","BOSS","M","?","$","?","M","E","R","E","T","R","E","R","M","?","R","BOSS","M","M","?","M","$","E","R","?","T","E","M","E","?","M","R","BOSS"],"build_version":"2019-01-23","purchased_purges":2,"victory":false,"max_hp_per_floor":[82,82,82,82,82,92,92,92,92,92,92,92,92,92,92,92,92,92,92,92,92,92,92,92,92,92,92,92,92,92,92,92,92,92,92,92,92,92,92,92,92,92,92,92,92,92,92,92,92,92],"card_choices":[{"not_picked":["Skim","Sweeping Beam"],"picked":"Cold Snap","floor":1.0},{"not_picked":["Compile Driver","Leap"],"picked":"Beam Cell","floor":4.0},{"not_picked":["Beam Cell","Go for the Eyes"],"picked":"Stack","floor":5.0},{"not_picked":["Stack","Creative AI"],"picked":"Doom and Gloom","floor":6.0},{"not_picked":["Sweeping Beam","Hello World"],"picked":"Skim","floor":8.0},{"not_picked":["Glacier","Gash"],"picked":"Conserve Battery","floor":11.0},{"not_picked":["Steam","Barrage"],"picked":"Double Energy","floor":14.0},{"not_picked":["Amplify","Biased Cognition"],"picked":"Multi-Cast","floor":16.0},{"not_picked":["Cold Snap","Steam Power"],"picked":"Conserve Battery","floor":18.0},{"not_picked":["Compile Driver","Heatsinks"],"picked":"White Noise","floor":22.0},{"not_picked":["Storm","Conserve Battery"],"picked":"Compile Driver+1","floor":23.0},{"not_picked":["Steam Power+1","Redo+1"],"picked":"Go for the Eyes+1","floor":25.0},{"not_picked":["Force Field","Auto Shields","Coolheaded"],"picked":"SKIP","floor":28.0},{"not_picked":["Force Field","Auto Shields","Coolheaded"],"picked":"SKIP","floor":28.0},{"not_picked":["Sweeping Beam","Cold Snap"],"picked":"Conserve Battery","floor":30.0},{"not_picked":["Blizzard","Ball Lightning"],"picked":"Melter+1","floor":31.0},{"not_picked":["Multi-Cast","Fission"],"picked":"Machine Learning","floor":33.0},{"not_picked":["Steam","Skim","Hologram"],"picked":"SKIP","floor":35.0},{"not_picked":["Hologram","Static Discharge+1"],"picked":"Melter+1","floor":36.0},{"not_picked":["Hologram+1","Rip and Tear+1"],"picked":"FTL+1","floor":37.0},{"not_picked":["Stack+1","Ball Lightning+1"],"picked":"Beam Cell+1","floor":38.0},{"not_picked":["Buffer","Redo"],"picked":"Double Energy","floor":40.0},{"not_picked":["Darkness+1","Sweeping Beam"],"picked":"White Noise","floor":44.0},{"not_picked":["Self Repair+1","Double Energy+1"],"picked":"Stack+1","floor":45},{"not_picked":["Barrage+1","Ball Lightning+1"],"picked":"Stack+1","floor":46},{"not_picked":["Steam+1","Ball Lightning","Cold Snap+1"],"picked":"SKIP","floor":47},{"not_picked":["Compile Driver","Ball Lightning+1"],"picked":"Biased Cognition+1","floor":48}],"player_experience":14956,"relics_obtained":[{"floor":6.0,"key":"Pear"},{"floor":8.0,"key":"War Paint"},{"floor":9.0,"key":"Potion Belt"},{"floor":23.0,"key":"Meat on the Bone"},{"floor":25.0,"key":"Nunchaku"},{"floor":26.0,"key":"Pantograph"},{"floor":28.0,"key":"Orichalcum"},{"floor":31.0,"key":"Red Mask"},{"floor":37.0,"key":"Shovel"},{"floor":40.0,"key":"Darkstone Periapt"},{"floor":41.0,"key":"StoneCalendar"},{"floor":43.0,"key":"Frozen Egg 2"},{"floor":44.0,"key":"Toxic Egg 2"},{"floor":46,"key":"Dream Catcher"},{"floor":49,"key":"Bottled Tornado"}],"event_choices":[{"damage_healed":0.0,"max_hp_gain":0.0,"max_hp_loss":0.0,"gold_gain":0.0,"event_name":"Scrap Ooze","player_choice":"Success","floor":2.0,"gold_loss":0.0,"damage_taken":12.0,"relics_obtained":["Blood Vial"]},{"damage_healed":0.0,"max_hp_gain":0.0,"max_hp_loss":0.0,"gold_gain":0.0,"event_name":"Living Wall","player_choice":"Grow","floor":3.0,"gold_loss":0.0,"damage_taken":0.0,"cards_upgraded":["Zap"]},{"cards_removed":["Defend_B"],"damage_healed":0.0,"max_hp_gain":0.0,"max_hp_loss":0.0,"gold_gain":0.0,"event_name":"The Cleric","player_choice":"Card Removal","floor":12.0,"gold_loss":50.0,"damage_taken":0.0},{"cards_removed":["Defend_B"],"damage_healed":0.0,"max_hp_gain":0.0,"max_hp_loss":0.0,"gold_gain":0.0,"event_name":"Back to Basics","player_choice":"Elegance","floor":19.0,"gold_loss":0.0,"damage_taken":0.0},{"damage_healed":0.0,"max_hp_gain":0.0,"max_hp_loss":0.0,"gold_gain":0.0,"event_name":"Vampires","player_choice":"Became a vampire (Vial)","floor":21.0,"relics_lost":["Blood Vial"],"gold_loss":0.0,"damage_taken":0.0,"cards_obtained":["Bite","Bite","Bite","Bite","Bite"]},{"damage_healed":0.0,"max_hp_gain":0.0,"max_hp_loss":0.0,"gold_gain":0.0,"event_name":"Masked Bandits","player_choice":"Fought Bandits","floor":31.0,"gold_loss":0.0,"damage_taken":0.0},{"damage_healed":0.0,"max_hp_gain":0.0,"max_hp_loss":0.0,"gold_gain":0.0,"event_name":"Mysterious Sphere","player_choice":"Fight","floor":37.0,"gold_loss":0.0,"damage_taken":0.0},{"damage_healed":0.0,"max_hp_gain":0.0,"max_hp_loss":0.0,"gold_gain":0.0,"event_name":"Accursed Blacksmith","player_choice":"Forge","floor":42.0,"gold_loss":0.0,"damage_taken":0.0,"cards_upgraded":["Machine Learning"]}],"is_beta":false,"boss_relics":[{"not_picked":["White Beast Statue","Velvet Choker"],"picked":"Empty Cage"},{"not_picked":["Lizard Tail","Snecko Eye"],"picked":"Nuclear Battery"}],"items_purged_floors":[20,39],"is_endless":false,"potions_floor_spawned":[1,8,11,18,22,30,35,37,40,45,48],"killed_by":"Donu and Deca","ascension_level":0}