{"gold_per_floor":[114,133,145,16,316,316,343,356,427,427,427,461,11,11,11,88,88,103,113,113,131,131,131,159,159,183,183,216,236,151,151,151,222,222,239,239,250,250,250,250,250,44,44,74,74,107,126,146,146,146,146,146,146,58,58],"floor_reached":55,"playtime":2350,"items_purged":["Regret"],"score":1913,"play_id":"ad6cabaa-3f61-4082-ad11-e111f9259a88","local_time":"20190409233853","is_ascension_mode":true,"campfire_choices":[{"data":"Zap","floor":6.0,"key":"SMITH"},{"floor":11.0,"key":"REST"},{"data":"Biased Cognition","floor":15.0,"key":"SMITH"},{"floor":23.0,"key":"RECALL"},{"floor":25.0,"key":"DIG"},{"floor":32.0,"key":"REST"},{"floor":41.0,"key":"DIG"},{"floor":45.0,"key":"DIG"},{"floor":49.0,"key":"DIG"},{"data":"Defragment","floor":53,"key":"SMITH"}],"neow_cost":"CURSE","seed_source_timestamp":26035597014545,"circlet_count":0,"master_deck":["AscendersBane","Strike_B+1","Strike_B+1","Strike_B+1","Defend_B+1","Defend_B+1","Defend_B+1","Defend_B+1","Zap+1","Dualcast","Cold Snap","Compile Driver+1","Compile Driver","Cold Snap+1","Ball Lightning","Biased Cognition+1","Core Surge+1","Go for the Eyes+1","Doom and Gloom+1","Gash+1","Go for the Eyes+1","BootSequence","Barrage+1","All For One+1","Defragment+1","Bandage Up","Doom and Gloom+1","Auto Shields","Compile Driver+1","Beam Cell+1","Gash+1","Capacitor"],"special_seed":0,"relics":["Cracked Core","Incense Burner","Old Coin","Juzu Bracelet","Molten Egg 2","WingedGreaves","Pantograph","Velvet Choker","Enchiridion","Shovel","Pen Nib","Bag of Marbles","Blue Candle","Matryoshka","Eternal Feather","Whetstone","Vajra","PreservedInsect","Strawberry","Blood Vial","Kunai","Happy Flower","Anchor","Gambling Chip","Calipers"],"potions_floor_usage":[],"damage_taken":[{"damage":3.0,"enemies":"Cultist","floor":1.0,"turns":3.0},{"damage":7.0,"enemies":"Jaw Worm","floor":2.0,"turns":4.0},{"damage":0.0,"enemies":"2 Louse","floor":3.0,"turns":1.0},{"damage":14.0,"enemies":"3 Sentries","floor":7.0,"turns":8.0},{"damage":1.0,"enemies":"Exordium Thugs","floor":8.0,"turns":3.0},{"damage":4.0,"enemies":"Gremlin Nob","floor":12.0,"turns":3.0},{"damage":14.0,"enemies":"The Guardian","floor":16.0,"turns":13.0},{"damage":0.0,"enemies":"2 Thieves","floor":18.0,"turns":3.0},{"damage":0.0,"enemies":"Spheric Guardian","floor":19.0,"turns":3.0},{"damage":5.0,"enemies":"Centurion and Healer","floor":21.0,"turns":5.0},{"damage":4.0,"enemies":"Gremlin Leader","floor":24.0,"turns":5.0},{"damage":36.0,"enemies":"Slavers","floor":28.0,"turns":4.0},{"damage":6.0,"enemies":"Snake Plant","floor":29.0,"turns":3.0},{"damage":25.0,"enemies":"Collector","floor":33.0,"turns":8.0},{"damage":0.0,"enemies":"3 Shapes","floor":35.0,"turns":3.0},{"damage":17.0,"enemies":"3 Darklings","floor":37.0,"turns":3.0},{"damage":11.0,"enemies":"Nemesis","floor":44.0,"turns":5.0},{"damage":11.0,"enemies":"Giant Head","floor":46.0,"turns":7.0},{"damage":0.0,"enemies":"Jaw Worm Horde","floor":47.0,"turns":1.0},{"damage":0.0,"enemies":"Transient","floor":48.0,"turns":6.0},{"damage":48.0,"enemies":"Time Eater","floor":50.0,"turns":12.0},{"damage":36.0,"enemies":"Donu and Deca","floor":51.0,"turns":10.0},{"damage":78,"enemies":"Shield and Spear","floor":55,"turns":3}],"seed_played":"-2008652274302525911","potions_obtained":[{"floor":2.0,"key":"EssenceOfSteel"},{"floor":7.0,"key":"Swift Potion"},{"floor":16.0,"key":"Ancient Potion"},{"floor":18.0,"key":"LiquidBronze"},{"floor":21.0,"key":"Ancient Potion"},{"floor":48.0,"key":"Fire Potion"}],"is_trial":false,"path_per_floor":["M","M","M","$","?","R","E","M","T","?","R","E","$","$","R","B",null,"M","M","?","M","?","R","E","R","T","?","E","M","?","?","R","B",null,"M","?","M","?","T","?","R","$","T","E","R","E","M","M","R","B","B",null,"R","$","E"],"character_chosen":"DEFECT","items_purchased":["AttackPotion","Pantograph","Biased Cognition","Doom and Gloom+1","Strawberry","Capacitor"],"campfire_rested":2,"item_purchase_floors":[4,13,13,42,42,54],"current_hp_per_floor":[61,54,54,54,43,43,29,28,28,28,49,45,45,45,45,56,67,67,67,46,41,41,41,37,37,37,51,15,9,9,9,30,30,61,61,61,44,44,44,44,59,66,66,61,76,67,73,78,78,30,25,65,78,78,0],"gold":58,"neow_bonus":"ONE_RARE_RELIC","is_prod":false,"is_daily":false,"chose_seed":false,"campfire_upgraded":3,"win_rate":0,"timestamp":1554845933,"path_taken":["M","M","?","?","?","R","E","M","T","?","R","E","?","$","R","BOSS","M","M","?","M","?","R","E","R","T","?","E","M","?","?","R","BOSS","M","?","M","?","?","?","R","$","T","E","R","E","M","M","R","BOSS","BOSS","R","$","E"],"build_version":"2019-04-04","purchased_purges":1,"victory":false,"max_hp_per_floor":[71,71,71,71,71,71,71,71,71,71,71,71,71,71,71,71,71,71,71,71,71,71,71,71,71,71,71,71,71,71,71,71,71,71,71,71,71,71,71,71,71,78,78,78,78,78,78,78,78,78,78,78,78,78,78],"card_choices":[{"not_picked":["Auto Shields","Rebound"],"picked":"Cold Snap","floor":1.0},{"not_picked":["Heatsinks","Reinforced Body"],"picked":"Compile Driver","floor":2.0},{"not_picked":["Beam Cell","Barrage"],"picked":"Compile Driver","floor":3.0},{"not_picked":["Heatsinks","Ball Lightning"],"picked":"Cold Snap","floor":7.0},{"not_picked":["Compile Driver","Redo"],"picked":"Ball Lightning","floor":8.0},{"not_picked":["Undo","Coolheaded","Beam Cell+1"],"picked":"SKIP","floor":12.0},{"not_picked":["Undo","Coolheaded","Beam Cell+1"],"picked":"SKIP","floor":12.0},{"not_picked":["Meteor Strike+1","Seek"],"picked":"Core Surge+1","floor":16.0},{"not_picked":["Compile Driver+1","Genetic Algorithm"],"picked":"Go for the Eyes+1","floor":18.0},{"not_picked":["Lockon+1","Heatsinks"],"picked":"Doom and Gloom+1","floor":19.0},{"not_picked":["Beam Cell+1","Seek"],"picked":"Gash+1","floor":21.0},{"not_picked":["Lockon+1","Redo"],"picked":"BootSequence","floor":24.0},{"not_picked":["Undo","Redo","Hello World"],"picked":"SKIP","floor":28.0},{"not_picked":["Recycle","Chaos"],"picked":"Barrage+1","floor":29.0},{"not_picked":["Meteor Strike+1","Rainbow"],"picked":"All For One+1","floor":33.0},{"not_picked":["Leap","Rebound+1"],"picked":"Hologram+1","floor":35.0},{"not_picked":["Go for the Eyes+1","Hologram"],"picked":"Defragment","floor":37.0},{"not_picked":["Enlightenment","Finesse"],"picked":"Bandage Up","floor":38.0},{"not_picked":["Static Discharge+1","Melter+1"],"picked":"Auto Shields","floor":44.0},{"not_picked":["Turbo","Conserve Battery"],"picked":"Compile Driver+1","floor":46.0},{"not_picked":["Beam Cell+1","Streamline+1","Storm"],"picked":"SKIP","floor":47.0},{"not_picked":["Streamline+1","Storm"],"picked":"Beam Cell+1","floor":47.0},{"not_picked":["Amplify","Leap"],"picked":"Gash+1","floor":48.0}],"player_experience":1095502,"relics_obtained":[{"floor":7.0,"key":"Juzu Bracelet"},{"floor":9.0,"key":"Molten Egg 2"},{"floor":12.0,"key":"WingedGreaves"},{"floor":20.0,"key":"Enchiridion"},{"floor":24.0,"key":"Shovel"},{"floor":25.0,"key":"Pen Nib"},{"floor":26.0,"key":"Bag of Marbles"},{"floor":28.0,"key":"Blue Candle"},{"floor":39.0,"key":"Whetstone"},{"floor":41.0,"key":"PreservedInsect"},{"floor":43.0,"key":"Blood Vial"},{"floor":43.0,"key":"Kunai"},{"floor":44.0,"key":"Happy Flower"},{"floor":45.0,"key":"Anchor"},{"floor":46.0,"key":"Gambling Chip"},{"floor":49.0,"key":"Calipers"}],"event_choices":[{"damage_healed":0.0,"max_hp_gain":0.0,"max_hp_loss":0.0,"gold_gain":0.0,"event_name":"Scrap Ooze","player_choice":"Success","floor":5.0,"gold_loss":0.0,"damage_taken":11.0,"relics_obtained":["Old Coin"]},{"damage_healed":0.0,"max_hp_gain":0.0,"max_hp_loss":0.0,"gold_gain":0.0,"event_name":"Shining Light","player_choice":"Ignored","floor":10.0,"gold_loss":0.0,"damage_taken":0.0},{"damage_healed":0.0,"max_hp_gain":0.0,"max_hp_loss":0.0,"gold_gain":0.0,"event_name":"Cursed Tome","player_choice":"Obtained Book","floor":20.0,"gold_loss":0.0,"damage_taken":21.0},{"damage_healed":0.0,"max_hp_gain":0.0,"max_hp_loss":0.0,"gold_gain":0.0,"cards_transformed":["Strike_B"],"event_name":"Transmorgrifier","player_choice":"Transformed","floor":22.0,"gold_loss":0.0,"damage_taken":0.0,"cards_obtained":["Go for the Eyes"]},{"damage_healed":14.0,"max_hp_gain":0.0,"max_hp_loss":0.0,"gold_gain":0.0,"event_name":"The Library","player_choice":"Heal","floor":27.0,"gold_loss":0.0,"damage_taken":0.0},{"damage_healed":0.0,"max_hp_gain":0.0,"max_hp_loss":0.0,"gold_gain":0.0,"event_name":"Addict","player_choice":"Obtained Relic","floor":30.0,"gold_loss":85.0,"damage_taken":0.0,"relics_obtained":["Matryoshka"]},{"damage_healed":0.0,"max_hp_gain":0.0,"max_hp_loss":0.0,"gold_gain":0.0,"event_name":"Back to Basics","player_choice":"Simplicity","floor":31.0,"gold_loss":0.0,"damage_taken":0.0,"cards_upgraded":["Strike_B","Strike_B","Strike_B","Defend_B","Defend_B","Defend_B","Defend_B"]},{"cards_removed":["Hologram"],"damage_healed":0.0,"max_hp_gain":0.0,"max_hp_loss":0.0,"gold_gain":0.0,"event_name":"Falling","player_choice":"Removed Skill","floor":36.0,"gold_loss":0.0,"damage_taken":0.0},{"damage_healed":0.0,"max_hp_gain":0.0,"max_hp_loss":0.0,"gold_gain":0.0,"event_name":"SensoryStone","player_choice":"Memory 1","floor":38.0,"gold_loss":0.0,"damage_taken":0.0},{"damage_healed":0.0,"max_hp_gain":0.0,"max_hp_loss":0.0,"gold_gain":0.0,"event_name":"WeMeetAgain","player_choice":"Gave Potion","floor":40.0,"gold_loss":0.0,"damage_taken":0.0,"relics_obtained":["Vajra"]}],"is_beta":true,"boss_relics":[{"not_picked":["Tiny House","Snecko Eye"],"picked":"Velvet Choker"},{"not_picked":["Sozu","Pandora\u0027s Box"],"picked":"Eternal Feather"}],"items_purged_floors":[4],"is_endless":false,"potions_floor_spawned":[2,7,16,18,21,24,35,48],"killed_by":"Shield and Spear","ascension_level":20}