{"gold_per_floor":[115,115,132,51,67,94,112,123,150,150,160,4,37,55,55,155,155,171,201,251,16,34,34,69,69,122,140,159,190,204,219,219,323,323,342,358,283,293,393,393,422,102,102,102,132,132,150,162,162,162,162,162,12,38,38],"floor_reached":56,"playtime":8032,"items_purged":["Strike_R","Strike_R"],"score":1548,"play_id":"49c96488-4538-4686-b4a3-ff2a25f89b8e","local_time":"20190407034721","is_ascension_mode":true,"campfire_choices":[{"data":"Bludgeon","floor":10.0,"key":"SMITH"},{"floor":15.0,"key":"REST"},{"data":"Dual Wield","floor":23.0,"key":"SMITH"},{"data":"Intimidate","floor":25.0,"key":"SMITH"},{"data":"Limit Break","floor":32.0,"key":"SMITH"},{"data":"Fiend Fire","floor":40,"key":"SMITH"},{"floor":46,"key":"RECALL"},{"data":"Flame Barrier","floor":49,"key":"SMITH"},{"data":"Metallicize","floor":52,"key":"SMITH"}],"neow_cost":"NONE","seed_source_timestamp":0,"circlet_count":0,"master_deck":["Strike_R","Strike_R","Strike_R","Defend_R","Defend_R","Defend_R","Defend_R","Bash","Bludgeon+1","Clothesline","Battle Trance","Intimidate+1","Disarm","Flame Barrier+1","Dual Wield+1","Spot Weakness","Rage","Limit Break+1","Metallicize+1","Bludgeon+1","Clothesline","Blood for Blood","Inflame","Pummel+1","Barricade","Heavy Blade+1","Fiend Fire+1","Shrug It Off+1","Entrench+1","Shrug It Off+1","Apotheosis+1"],"special_seed":0,"relics":["Burning Blood","Paper Frog","Bronze Scales","Boot","Snecko Eye","Red Mask","DollysMirror","Bag of Marbles","Bag of Preparation","Toxic Egg 2","Eternal Feather","Gambling Chip","Self Forming Clay","Art of War","Anchor","Mango","The Courier","Happy Flower"],"potions_floor_usage":[41,50,55,55],"damage_taken":[{"damage":0.0,"enemies":"2 Louse","floor":1.0,"turns":3.0},{"damage":6.0,"enemies":"Cultist","floor":3.0,"turns":3.0},{"damage":8.0,"enemies":"Small Slimes","floor":5.0,"turns":3.0},{"damage":26.0,"enemies":"Lagavulin","floor":6.0,"turns":6.0},{"damage":4.0,"enemies":"Blue Slaver","floor":7.0,"turns":4.0},{"damage":17.0,"enemies":"Exordium Thugs","floor":8.0,"turns":6.0},{"damage":5.0,"enemies":"Red Slaver","floor":11.0,"turns":4.0},{"damage":35.0,"enemies":"3 Sentries","floor":13.0,"turns":6.0},{"damage":7.0,"enemies":"Large Slime","floor":14.0,"turns":6.0},{"damage":17.0,"enemies":"Hexaghost","floor":16.0,"turns":8.0},{"damage":0.0,"enemies":"Chosen","floor":18.0,"turns":3.0},{"damage":12.0,"enemies":"Masked Bandits","floor":19.0,"turns":4.0},{"damage":16.0,"enemies":"2 Thieves","floor":22.0,"turns":2.0},{"damage":27.0,"enemies":"Slavers","floor":24.0,"turns":3.0},{"damage":0.0,"enemies":"Cultist and Chosen","floor":27.0,"turns":3.0},{"damage":0.0,"enemies":"Centurion and Healer","floor":28.0,"turns":3.0},{"damage":0.0,"enemies":"Book of Stabbing","floor":29.0,"turns":1.0},{"damage":4.0,"enemies":"Shelled Parasite and Fungi","floor":30.0,"turns":2.0},{"damage":0.0,"enemies":"3 Cultists","floor":31.0,"turns":3.0},{"damage":5.0,"enemies":"Champ","floor":33.0,"turns":5.0},{"damage":6.0,"enemies":"3 Shapes","floor":35.0,"turns":3.0},{"damage":3.0,"enemies":"Orb Walker","floor":36.0,"turns":3.0},{"damage":33.0,"enemies":"3 Darklings","floor":38.0,"turns":5.0},{"damage":0,"enemies":"Mind Bloom Boss Battle","floor":39,"turns":3},{"damage":0,"enemies":"Nemesis","floor":41,"turns":1},{"damage":0,"enemies":"Reptomancer","floor":45,"turns":2},{"damage":0,"enemies":"Writhing Mass","floor":47,"turns":2},{"damage":0,"enemies":"Jaw Worm Horde","floor":48,"turns":2},{"damage":62,"enemies":"Awakened One","floor":50,"turns":10},{"damage":0,"enemies":"Shield and Spear","floor":54,"turns":5},{"damage":91,"enemies":"The Heart","floor":55,"turns":9}],"seed_played":"8328801045732137786","potions_obtained":[{"floor":1.0,"key":"PowerPotion"},{"floor":2.0,"key":"Poison Potion"},{"floor":2.0,"key":"Fire Potion"},{"floor":3.0,"key":"Poison Potion"},{"floor":7.0,"key":"Ancient Potion"},{"floor":8.0,"key":"SteroidPotion"},{"floor":11.0,"key":"FearPotion"},{"floor":14.0,"key":"EntropicBrew"},{"floor":19.0,"key":"Regen Potion"},{"floor":22.0,"key":"Dexterity Potion"},{"floor":27.0,"key":"GamblersBrew"},{"floor":28.0,"key":"Dexterity Potion"},{"floor":29.0,"key":"SkillPotion"},{"floor":33.0,"key":"SpeedPotion"},{"floor":39,"key":"Energy Potion"},{"floor":41,"key":"Strength Potion"},{"floor":47,"key":"Strength Potion"},{"floor":54,"key":"Ancient Potion"}],"is_trial":false,"path_per_floor":["M","?","M","$","M","E","M","M","T","R","M","$","E","M","R","B",null,"M","?","?","$","M","R","E","R","T","M","M","E","M","M","R","B",null,"M","M","$","M","?","R","E","$","T","?","E","R","M","M","R","B",null,"R","$","E","B",null],"character_chosen":"IRONCLAD","items_purchased":["Battle Trance","Bronze Scales","DollysMirror","Clothesline","Art of War","Entrench+1","Apotheosis+1"],"campfire_rested":1,"item_purchase_floors":[4,12,21,21,42,42,53],"current_hp_per_floor":[80,80,80,80,78,58,60,49,49,49,50,50,21,20,44,48,80,80,74,74,74,69,69,48,48,48,54,60,66,68,74,74,75,80,80,80,80,53,59,74,80,80,80,94,94,94,94,94,94,38,94,94,94,94,9],"gold":38,"neow_bonus":"ONE_RANDOM_RARE_CARD","is_prod":false,"is_daily":false,"chose_seed":false,"campfire_upgraded":7,"win_rate":0,"timestamp":1554626841,"path_taken":["M","?","M","$","M","E","?","M","T","R","M","$","E","M","R","BOSS","M","?","?","$","M","R","E","R","T","?","M","E","M","M","R","BOSS","M","M","$","M","?","R","E","$","T","?","E","R","M","?","R","BOSS","R","$","E","BOSS"],"build_version":"2019-01-23","purchased_purges":2,"victory":true,"max_hp_per_floor":[80,80,80,80,80,80,80,80,80,80,80,80,80,80,80,80,80,80,80,80,80,80,80,80,80,80,80,80,80,80,80,80,80,80,80,80,80,80,80,80,80,80,80,94,94,94,94,94,94,94,94,94,94,94,94],"card_choices":[{"not_picked":["Blood for Blood","Iron Wave","Heavy Blade"],"picked":"SKIP","floor":1.0},{"not_picked":["Heavy Blade","Thunderclap"],"picked":"Clothesline","floor":3.0},{"not_picked":["Evolve","Cleave","Feel No Pain"],"picked":"SKIP","floor":5.0},{"not_picked":["Perfected Strike","Pummel"],"picked":"Intimidate","floor":6.0},{"not_picked":["Hemokinesis","Warcry"],"picked":"Disarm","floor":7.0},{"not_picked":["Twin Strike","Sword Boomerang"],"picked":"Flame Barrier","floor":8.0},{"not_picked":["Clash","Warcry"],"picked":"Dual Wield","floor":11.0},{"not_picked":["Armaments","Double Tap"],"picked":"Spot Weakness","floor":13.0},{"not_picked":["Body Slam","Sentinel"],"picked":"Rage","floor":14.0},{"not_picked":["Brutality","Bludgeon"],"picked":"Limit Break","floor":16.0},{"not_picked":["Wild Strike","Intimidate","Thunderclap+1"],"picked":"SKIP","floor":18.0},{"not_picked":["Thunderclap+1","Entrench+1"],"picked":"Metallicize","floor":19.0},{"not_picked":["Second Wind","Flex"],"picked":"Blood for Blood","floor":22.0},{"not_picked":["Rampage","True Grit","Power Through+1"],"picked":"SKIP","floor":24.0},{"not_picked":["Combust","Clash+1"],"picked":"Inflame","floor":27.0},{"not_picked":["True Grit","Cleave","Feed"],"picked":"SKIP","floor":28.0},{"not_picked":["Hemokinesis","Sentinel"],"picked":"Pummel+1","floor":29.0},{"not_picked":["Reckless Charge","Iron Wave","Headbutt"],"picked":"SKIP","floor":30.0},{"not_picked":["Blood for Blood","Havoc+1","Pommel Strike"],"picked":"SKIP","floor":31.0},{"not_picked":["Limit Break+1","Fiend Fire"],"picked":"Barricade","floor":33.0},{"not_picked":["Wild Strike+1","Twin Strike","Power Through+1"],"picked":"SKIP","floor":35.0},{"not_picked":["Disarm+1","Headbutt","Armaments+1"],"picked":"SKIP","floor":36.0},{"not_picked":["Havoc+1","Clash+1"],"picked":"Heavy Blade+1","floor":38.0},{"not_picked":["Sentinel+1","Sword Boomerang+1"],"picked":"Fiend Fire","floor":39},{"not_picked":["Searing Blow","Iron Wave"],"picked":"Shrug It Off+1","floor":41},{"not_picked":["Sever Soul+1","Havoc+1","Evolve"],"picked":"SKIP","floor":45},{"not_picked":["Flex+1","Intimidate+1"],"picked":"Shrug It Off+1","floor":47},{"not_picked":["Wild Strike","Clothesline+1","Cleave+1"],"picked":"SKIP","floor":48},{"not_picked":["Perfected Strike+1","Anger+1","Sword Boomerang+1"],"picked":"SKIP","floor":54}],"player_experience":244812,"relics_obtained":[{"floor":6.0,"key":"Paper Frog"},{"floor":13.0,"key":"Boot"},{"floor":19.0,"key":"Red Mask"},{"floor":24.0,"key":"Bag of Marbles"},{"floor":26.0,"key":"Bag of Preparation"},{"floor":29.0,"key":"Toxic Egg 2"},{"floor":39,"key":"Gambling Chip"},{"floor":41,"key":"Self Forming Clay"},{"floor":43,"key":"Anchor"},{"floor":45,"key":"The Courier"},{"floor":54,"key":"Happy Flower"}],"event_choices":[{"damage_healed":0.0,"max_hp_gain":0.0,"max_hp_loss":0.0,"gold_gain":0.0,"event_name":"Lab","player_choice":"Got Potions","floor":2.0,"gold_loss":0.0,"damage_taken":0.0},{"damage_healed":0.0,"max_hp_gain":0.0,"max_hp_loss":0.0,"gold_gain":0.0,"event_name":"Masked Bandits","player_choice":"Fought Bandits","floor":19.0,"gold_loss":0.0,"damage_taken":0.0},{"damage_healed":0.0,"max_hp_gain":0.0,"max_hp_loss":0.0,"gold_gain":100.0,"event_name":"The Joust","player_choice":"Bet on Murderer","floor":20.0,"gold_loss":50.0,"damage_taken":0.0},{"damage_healed":0,"gold_gain":0,"player_choice":"Fight","damage_taken":0,"max_hp_gain":0,"max_hp_loss":0,"event_name":"MindBloom","floor":39,"gold_loss":0},{"damage_healed":0,"gold_gain":0,"player_choice":"Gave Potion","damage_taken":0,"relics_obtained":["Mango"],"max_hp_gain":0,"max_hp_loss":0,"event_name":"WeMeetAgain","floor":44,"gold_loss":0}],"is_beta":false,"boss_relics":[{"not_picked":["Black Star","Ectoplasm"],"picked":"Snecko Eye"},{"not_picked":["Tiny House","Runic Pyramid"],"picked":"Eternal Feather"}],"items_purged_floors":[37,42],"is_endless":false,"potions_floor_spawned":[1,3,7,8,11,14,19,22,27,28,29,33,39,41,47,54],"ascension_level":4}