{"gold_per_floor":[362,16,26,26,43,43,70,89,89,107,107,117,151,75,75,178,178,192,292,38,55,5,37,37,64,64,74,74,105,105,25,25,129,129,140,188,9,20,20,20,37,66,66,78,78,300,300,333,333,333],"floor_reached":51,"playtime":6997,"items_purged":["Doubt"],"score":937,"play_id":"499e7356-657c-4873-aa97-9da436de5e64","local_time":"20190326210249","is_ascension_mode":true,"campfire_choices":[{"data":"Defragment","floor":6.0,"key":"SMITH"},{"data":"Auto Shields","floor":11.0,"key":"SMITH"},{"data":"Defragment","floor":15.0,"key":"SMITH"},{"floor":24.0,"key":"REST"},{"floor":28.0,"key":"REST"},{"data":"Defragment","floor":32.0,"key":"SMITH"},{"data":"Strike_B","floor":40,"key":"PURGE"},{"floor":47,"key":"DIG"},{"floor":49,"key":"REST"}],"neow_cost":"CURSE","seed_source_timestamp":0,"circlet_count":0,"master_deck":["Strike_B","Strike_B+1","Defend_B","Defend_B","Defend_B","Defend_B","Zap","Dualcast","Steam","Self Repair","Defragment+1","Conserve Battery","Auto Shields+1","Skim","Cold Snap+1","Barrage","Defragment+1","Electrodynamics","Streamline","Defragment+1","Cold Snap","BootSequence","Conserve Battery","Loop","Consume","Static Discharge+1","Defragment+1","Amplify","BootSequence","Defragment","Coolheaded+1","Double Energy+1","Defragment+1"],"special_seed":0,"relics":["Cracked Core","Runic Capacitor","Boot","Letter Opener","Cables","Velvet Choker","Shovel","Dodecahedron","DollysMirror","Whetstone","Mango","Dream Catcher","Red Mask","Inserter","Peace Pipe","Anchor","Frozen Egg 2","Question Card","Juzu Bracelet","Bag of Preparation"],"potions_floor_usage":[44,45,48,50],"damage_taken":[{"damage":7.0,"enemies":"Jaw Worm","floor":1.0,"turns":3.0},{"damage":0.0,"enemies":"Cultist","floor":3.0,"turns":3.0},{"damage":0.0,"enemies":"2 Louse","floor":5.0,"turns":4.0},{"damage":11.0,"enemies":"Lagavulin","floor":7.0,"turns":7.0},{"damage":1.0,"enemies":"Large Slime","floor":8.0,"turns":7.0},{"damage":2.0,"enemies":"Blue Slaver","floor":10.0,"turns":4.0},{"damage":19.0,"enemies":"Gremlin Gang","floor":12.0,"turns":4.0},{"damage":2.0,"enemies":"3 Sentries","floor":13.0,"turns":5.0},{"damage":15.0,"enemies":"The Guardian","floor":16.0,"turns":8.0},{"damage":19.0,"enemies":"Shell Parasite","floor":18.0,"turns":5.0},{"damage":22.0,"enemies":"Colosseum Slavers","floor":19.0,"turns":2.0},{"damage":26.0,"enemies":"Colosseum Nobs","floor":19.0,"turns":5.0},{"damage":0.0,"enemies":"Chosen","floor":21.0,"turns":3.0},{"damage":5.0,"enemies":"Book of Stabbing","floor":23.0,"turns":5.0},{"damage":40.0,"enemies":"Slavers","floor":25.0,"turns":4.0},{"damage":12.0,"enemies":"Snecko","floor":27.0,"turns":3.0},{"damage":7.0,"enemies":"Masked Bandits","floor":29.0,"turns":3.0},{"damage":0.0,"enemies":"Champ","floor":33.0,"turns":11.0},{"damage":6.0,"enemies":"3 Shapes","floor":35.0,"turns":3.0},{"damage":15,"enemies":"2 Orb Walkers","floor":36,"turns":3},{"damage":23,"enemies":"3 Darklings","floor":38,"turns":3},{"damage":0,"enemies":"Maw","floor":41,"turns":7},{"damage":0,"enemies":"Giant Head","floor":42,"turns":9},{"damage":2,"enemies":"4 Shapes","floor":44,"turns":4},{"damage":0,"enemies":"Reptomancer","floor":45,"turns":2},{"damage":26,"enemies":"Nemesis","floor":48,"turns":5},{"damage":9,"enemies":"Time Eater","floor":50,"turns":10}],"seed_played":"4088114674031534685","potions_obtained":[{"floor":3.0,"key":"EssenceOfSteel"},{"floor":5.0,"key":"Swift Potion"},{"floor":8.0,"key":"PowerPotion"},{"floor":13.0,"key":"LiquidBronze"},{"floor":18.0,"key":"SpeedPotion"},{"floor":21.0,"key":"Dexterity Potion"},{"floor":27.0,"key":"Ancient Potion"},{"floor":29.0,"key":"FocusPotion"},{"floor":35,"key":"SmokeBomb"},{"floor":39,"key":"SkillPotion"},{"floor":39,"key":"Poison Potion"},{"floor":42,"key":"EssenceOfSteel"},{"floor":48,"key":"FocusPotion"}],"is_trial":false,"path_per_floor":["M","$","M","?","M","R","E","M","T","M","R","M","E","$","R","B",null,"M","?","$","M","$","E","R","E","T","M","R","?","?","$","R","B",null,"M","?","$","M","?","R","M","E","T","M","E","?","R","E","R","B",null],"character_chosen":"DEFECT","items_purchased":["Runic Capacitor","Self Repair","Defragment","DollysMirror","Cold Snap","Conserve Battery","Defragment","Anchor","Defragment"],"campfire_rested":3,"item_purchase_floors":[2,2,14,20,20,22,31,37,37],"current_hp_per_floor":[68,68,75,75,75,75,71,75,75,73,73,61,66,66,66,58,75,63,22,22,29,29,24,46,27,27,15,41,34,63,63,63,70,89,89,74,74,58,58,58,65,72,72,70,70,70,70,51,77,68],"gold":333,"neow_bonus":"TWO_FIFTY_GOLD","is_prod":false,"is_daily":false,"chose_seed":false,"campfire_upgraded":4,"win_rate":0,"timestamp":1553652169,"path_taken":["M","$","M","?","M","R","E","M","T","M","R","M","E","?","R","BOSS","M","?","$","M","$","E","R","E","T","M","R","?","?","?","R","BOSS","M","?","$","M","?","R","M","E","T","?","E","?","R","E","R","BOSS"],"build_version":"2019-01-23","purchased_purges":1,"victory":true,"max_hp_per_floor":[75,75,75,75,75,75,75,75,75,75,75,75,75,75,75,75,75,75,75,75,75,75,75,75,89,89,89,89,89,89,89,89,89,89,89,89,89,89,89,89,89,89,89,89,89,89,89,89,89,89],"card_choices":[{"not_picked":["Tempest","Chaos"],"picked":"Steam","floor":1.0},{"not_picked":["Rebound","Sunder","Beam Cell"],"picked":"SKIP","floor":3.0},{"not_picked":["Turbo","Barrage"],"picked":"Defragment","floor":5.0},{"not_picked":["Leap","White Noise"],"picked":"Conserve Battery","floor":7.0},{"not_picked":["Thunder Strike","Gash"],"picked":"Auto Shields","floor":8.0},{"not_picked":["Compile Driver","Go for the Eyes"],"picked":"Skim","floor":10.0},{"not_picked":["Gash","Turbo"],"picked":"Cold Snap","floor":12.0},{"not_picked":["Chaos","All For One"],"picked":"Barrage","floor":13.0},{"not_picked":["Core Surge","Creative AI"],"picked":"Electrodynamics","floor":16.0},{"not_picked":["Recycle+1","Reinforced Body"],"picked":"Streamline","floor":18.0},{"not_picked":["Coolheaded","Beam Cell"],"picked":"BootSequence","floor":21.0},{"not_picked":["Compile Driver","Hyperbeam"],"picked":"Loop","floor":23.0},{"not_picked":["Melter","Compile Driver+1"],"picked":"Consume","floor":25.0},{"not_picked":["Gash","Lockon","Barrage"],"picked":"SKIP","floor":27.0},{"not_picked":["Recycle","Ball Lightning+1"],"picked":"Static Discharge+1","floor":28.0},{"not_picked":["Creative AI","Reboot"],"picked":"Amplify","floor":33.0},{"not_picked":["Blizzard+1","Barrage","Hello World+1"],"picked":"SKIP","floor":35},{"not_picked":["Streamline","Doom and Gloom"],"picked":"BootSequence","floor":36},{"not_picked":["White Noise+1","Stack+1"],"picked":"Coolheaded+1","floor":38},{"not_picked":["Darkness+1","Redo"],"picked":"Double Energy+1","floor":41},{"not_picked":["Hyperbeam","Leap+1","All For One"],"picked":"SKIP","floor":42},{"not_picked":["Beam Cell","Melter","Hologram","Compile Driver+1"],"picked":"SKIP","floor":44},{"not_picked":["Hologram+1","Self Repair+1","Turbo"],"picked":"Defragment+1","floor":48}],"player_experience":136574,"relics_obtained":[{"floor":7.0,"key":"Boot"},{"floor":9.0,"key":"Letter Opener"},{"floor":13.0,"key":"Cables"},{"floor":19.0,"key":"Shovel"},{"floor":19.0,"key":"Dodecahedron"},{"floor":23.0,"key":"Whetstone"},{"floor":25.0,"key":"Mango"},{"floor":26.0,"key":"Dream Catcher"},{"floor":29.0,"key":"Red Mask"},{"floor":36,"key":"Peace Pipe"},{"floor":42,"key":"Frozen Egg 2"},{"floor":43,"key":"Question Card"},{"floor":47,"key":"Juzu Bracelet"},{"floor":48,"key":"Bag of Preparation"}],"event_choices":[{"cards_removed":["Strike_B"],"damage_healed":0.0,"max_hp_gain":0.0,"max_hp_loss":0.0,"gold_gain":0.0,"event_name":"Bonfire Elementals","player_choice":"Offered Basic","floor":4.0,"gold_loss":0.0,"damage_taken":0.0},{"damage_healed":0.0,"max_hp_gain":0.0,"max_hp_loss":0.0,"gold_gain":0.0,"event_name":"Colosseum","player_choice":"Fight","floor":19.0,"gold_loss":0.0,"damage_taken":0.0},{"damage_healed":0.0,"max_hp_gain":0.0,"max_hp_loss":0.0,"gold_gain":0.0,"event_name":"Colosseum","player_choice":"Fought Nobs","floor":19.0,"gold_loss":0.0,"damage_taken":0.0},{"damage_healed":0.0,"max_hp_gain":0.0,"max_hp_loss":0.0,"gold_gain":0.0,"event_name":"Masked Bandits","player_choice":"Fought Bandits","floor":29.0,"gold_loss":0.0,"damage_taken":0.0},{"damage_healed":29.0,"max_hp_gain":0.0,"max_hp_loss":0.0,"gold_gain":0.0,"event_name":"The Library","player_choice":"Heal","floor":30.0,"gold_loss":0.0,"damage_taken":0.0},{"damage_healed":0,"gold_gain":0,"player_choice":"Fight","damage_taken":0,"max_hp_gain":0,"max_hp_loss":0,"event_name":"Mysterious Sphere","floor":36,"gold_loss":0},{"damage_healed":0,"gold_gain":0,"player_choice":"Got Potions","damage_taken":0,"max_hp_gain":0,"max_hp_loss":0,"event_name":"Lab","floor":39,"gold_loss":0},{"damage_healed":0,"gold_gain":222,"player_choice":"Wore Mask","damage_taken":0,"max_hp_gain":0,"max_hp_loss":0,"event_name":"Tomb of Lord Red Mask","floor":46,"gold_loss":0}],"is_beta":false,"boss_relics":[{"not_picked":["Sozu","FrozenCore"],"picked":"Velvet Choker"},{"not_picked":["Busted Crown","Eternal Feather"],"picked":"Inserter"}],"items_purged_floors":[2],"is_endless":false,"potions_floor_spawned":[3,5,8,13,18,21,27,29,35,42,45,48],"ascension_level":2}