{"gold_per_floor":[112,187,200,200,200,200,244,265,265,301,301,301],"floor_reached":12,"playtime":234,"items_purged":[],"score":222,"play_id":"5926285d-586e-472d-aea1-1ef46108ea46","local_time":"20190401023500","is_ascension_mode":true,"campfire_choices":[{"data":"Streamline","floor":6,"key":"SMITH"},{"floor":11,"key":"REST"}],"neow_cost":"NONE","seed_source_timestamp":32657766879365,"circlet_count":0,"master_deck":["AscendersBane","Strike_B","Strike_B","Strike_B","Strike_B+1","Defend_B","Defend_B","Defend_B","Defend_B","Zap","Dualcast+1","Streamline+1","Coolheaded","Fission","Leap","Hologram"],"relics":["Cracked Core","NeowsBlessing","Golden Idol","Bird Faced Urn","Peace Pipe"],"potions_floor_usage":[],"damage_taken":[{"damage":0,"enemies":"Small Slimes","floor":1,"turns":1},{"damage":0,"enemies":"Cultist","floor":3,"turns":1},{"damage":0,"enemies":"Gremlin Nob","floor":7,"turns":1},{"damage":2,"enemies":"Jaw Worm","floor":8,"turns":4},{"damage":30,"enemies":"3 Sentries","floor":10,"turns":12},{"damage":0,"enemies":"3 Louse","floor":12,"turns":1}],"seed_played":"1073403310580920432","potions_obtained":[{"floor":3,"key":"Ancient Potion"}],"is_trial":false,"path_per_floor":["M","?","M","?","?","R","E","M","T","E","R","M"],"character_chosen":"DEFECT","items_purchased":[],"campfire_rested":1,"item_purchase_floors":[],"current_hp_per_floor":[64,53,53,53,34,34,34,32,32,2,21,21],"gold":301,"neow_bonus":"THREE_ENEMY_KILL","is_prod":false,"is_daily":false,"chose_seed":false,"campfire_upgraded":1,"win_rate":0,"timestamp":1554078900,"path_taken":["M","?","M","?","?","R","E","M","T","E","R","M"],"build_version":"2019-03-15","purchased_purges":0,"victory":false,"max_hp_per_floor":[71,71,71,64,64,64,64,64,64,64,64,64],"card_choices":[{"not_picked":["Turbo","Double Energy"],"picked":"Streamline","floor":1},{"not_picked":["Undo","Steam Power"],"picked":"Coolheaded","floor":3},{"not_picked":["Tempest","Fusion"],"picked":"Fission","floor":7},{"not_picked":["Streamline","Cold Snap"],"picked":"Leap","floor":8},{"not_picked":["Beam Cell","Redo"],"picked":"Hologram","floor":10}],"player_experience":1048121,"relics_obtained":[{"floor":7,"key":"Bird Faced Urn"},{"floor":10,"key":"Peace Pipe"}],"event_choices":[{"damage_healed":0,"gold_gain":75,"player_choice":"Gather Gold","damage_taken":11,"max_hp_gain":0,"max_hp_loss":0,"event_name":"World of Goop","floor":2,"gold_loss":0},{"damage_healed":0,"gold_gain":0,"player_choice":"Lose Max HP","damage_taken":0,"relics_obtained":["Golden Idol"],"max_hp_gain":0,"max_hp_loss":7,"event_name":"Golden Idol","floor":4,"gold_loss":0},{"damage_healed":0,"gold_gain":0,"player_choice":"Entered Light","damage_taken":19,"max_hp_gain":0,"max_hp_loss":0,"event_name":"Shining Light","floor":5,"gold_loss":0,"cards_upgraded":["Strike_B","Dualcast"]}],"is_beta":true,"boss_relics":[],"items_purged_floors":[],"is_endless":false,"potions_floor_spawned":[3],"killed_by":"3 Louse","ascension_level":20}