{"path_per_floor":["M","?","?","?","M","E","R","M","T","M","M","R","$","M","R","B",null,"M","M","?","$","?","R","M","R","T","$"],"character_chosen":"DEFECT","items_purchased":["Bottled Tornado","Capacitor","White Noise","Chill"],"gold_per_floor":[109,79,79,154,166,198,198,209,262,280,295,295,27,38,38,133,163,181,198,198,85,85,85,105,105,152,117,117],"floor_reached":28,"campfire_rested":5,"playtime":1794,"item_purchase_floors":[13,13,21,27],"current_hp_per_floor":[70,70,70,59,57,39,61,54,54,46,44,66,66,50,72,23,80,50,28,28,28,28,52,1,25,25,25,0],"items_purged":["Regret"],"gold":117,"score":218,"play_id":"c570c24e-2acc-4fad-b34c-4e1ebb3be20a","local_time":"20180524175158","is_prod":false,"is_daily":false,"chose_seed":false,"is_ascension_mode":false,"campfire_upgraded":0,"win_rate":0.0,"timestamp":1527177118,"campfire_choices":[{"floor":7.0,"key":"REST"},{"floor":12,"key":"REST"},{"floor":15,"key":"REST"},{"floor":23,"key":"REST"},{"floor":25,"key":"REST"}],"path_taken":["M","?","?","?","M","E","R","M","T","?","M","R","$","?","R","BOSS","M","M","?","$","?","R","M","R","T","?","M"],"build_version":"2018-05-23v2","seed_source_timestamp":0,"purchased_purges":1,"victory":false,"master_deck":["Strike_B","Strike_B","Strike_B+1","Strike_B","Defend_B","Defend_B","Defend_B","Zap","Dualcast","Go for the Eyes","Coolheaded","Chaos","Redo","Cold Snap","Loop","Defragment","Consume","Capacitor","Fission","Creative AI","Rebound","FTL","White Noise+1","White Noise","Double Energy","Chaos","Chill"],"max_hp_per_floor":[75,75,75,75,75,75,75,75,75,75,75,75,75,75,75,75,80,80,80,80,80,80,80,80,80,80,80,80],"relics":["Cracked Core","Dream Catcher","Boot","Pen Nib","Bottled Tornado","Tiny House","Regal Pillow"],"card_choices":[{"not_picked":["Rip and Tear","Leap"],"picked":"Go for the Eyes","floor":1.0},{"not_picked":["Steam","Streamline"],"picked":"Coolheaded","floor":5.0},{"not_picked":["Leap","Genetic Algorithm"],"picked":"Chaos","floor":6.0},{"not_picked":["Compile Driver","Axe Kick"],"picked":"Redo","floor":7.0},{"not_picked":["Rebound","Sweeping Beam"],"picked":"Cold Snap","floor":8.0},{"not_picked":["Hologram","Cold Snap"],"picked":"Loop","floor":10.0},{"not_picked":["Barrage","Doom and Gloom"],"picked":"Defragment","floor":11},{"not_picked":["Sweeping Beam","Rebound"],"picked":"Consume","floor":12},{"not_picked":["Conserve Battery","Steam"],"picked":"Fission","floor":14},{"not_picked":["Buffer","Seek"],"picked":"Creative AI","floor":16},{"not_picked":["Fusion","Tempest"],"picked":"Rebound","floor":17},{"not_picked":["Beam Cell","Storm"],"picked":"FTL","floor":18},{"not_picked":["Sweeping Beam","Self Repair"],"picked":"White Noise+1","floor":19},{"not_picked":["Sweeping Beam","Hologram","Stack"],"picked":"SKIP","floor":24},{"not_picked":["Heatsinks","Leap+1"],"picked":"Chaos","floor":25}],"player_experience":8983,"potions_floor_usage":[],"damage_taken":[{"damage":5.0,"enemies":"Small Slimes","floor":1.0,"turns":4.0},{"damage":2.0,"enemies":"Cultist","floor":5.0,"turns":4.0},{"damage":18.0,"enemies":"3 Sentries","floor":6.0,"turns":8.0},{"damage":7.0,"enemies":"Jaw Worm","floor":8.0,"turns":3.0},{"damage":8.0,"enemies":"Blue Slaver","floor":10.0,"turns":3.0},{"damage":2.0,"enemies":"Large Slime","floor":11.0,"turns":5.0},{"damage":16,"enemies":"3 Louse","floor":14,"turns":4},{"damage":49,"enemies":"Slime Boss","floor":16,"turns":17},{"damage":30,"enemies":"Spheric Guardian","floor":18,"turns":10},{"damage":22,"enemies":"Chosen","floor":19,"turns":4},{"damage":51,"enemies":"Centurion and Healer","floor":24,"turns":13},{"damage":41,"enemies":"Cultist and Chosen","floor":28,"turns":5}],"relics_obtained":[{"floor":6.0,"key":"Boot"},{"floor":9.0,"key":"Pen Nib"},{"floor":26,"key":"Regal Pillow"}],"event_choices":[{"event_name":"The Woman in Blue","player_choice":"Bought 2 Potions","floor":2.0,"damage_taken":0.0},{"event_name":"Big Fish","player_choice":"Box","floor":3.0,"damage_taken":0.0},{"event_name":"World of Goop","player_choice":"Gather Gold","floor":4.0,"damage_taken":0.0},{"event_name":"Ghosts","player_choice":"Ignored","floor":20,"damage_taken":0},{"event_name":"Transmorgrifier","player_choice":"Transform","floor":22,"damage_taken":0}],"boss_relics":[{"not_picked":["Cursed Key","Snecko Eye"],"picked":"Tiny House"}],"items_purged_floors":[21],"potions_floor_spawned":[1,5,8,11,16,19],"seed_played":"-6664988055268063698","killed_by":"Cultist and Chosen","ascension_level":0,"potions_obtained":[{"floor":1.0,"key":"Ancient Potion"},{"floor":2.0,"key":"FearPotion"},{"floor":2.0,"key":"EssenceOfSteel"},{"floor":5.0,"key":"SkillPotion"},{"floor":8.0,"key":"FocusPotion"},{"floor":11,"key":"EssenceOfSteel"}],"is_trial":false}