{"gold_per_floor":[112,112,123,123,11,27,38,38],"floor_reached":8,"playtime":150,"items_purged":["Pain"],"score":96,"play_id":"399f9202-9fdd-441f-acca-5fab86eb9eec","local_time":"20190331233756","is_ascension_mode":true,"campfire_choices":[],"neow_cost":"NONE","seed_source_timestamp":22076014429207,"circlet_count":0,"master_deck":["AscendersBane","Strike_B","Strike_B","Strike_B","Strike_B","Defend_B","Defend_B","Defend_B","Defend_B","Zap","Dualcast","Leap","Conserve Battery","Chaos","Genetic Algorithm","Genetic Algorithm"],"special_seed":0,"relics":["Cracked Core","NeowsBlessing","FaceOfCleric","WarpedTongs"],"potions_floor_usage":[8],"damage_taken":[{"damage":0.0,"enemies":"2 Louse","floor":1.0,"turns":1.0},{"damage":0.0,"enemies":"Cultist","floor":3.0,"turns":1.0},{"damage":0.0,"enemies":"Small Slimes","floor":6.0,"turns":1.0},{"damage":8.0,"enemies":"Red Slaver","floor":7.0,"turns":4.0},{"damage":64,"enemies":"Gremlin Nob","floor":8,"turns":4}],"seed_played":"-2226310206400781487","potions_obtained":[{"floor":7.0,"key":"LiquidBronze"}],"is_trial":false,"path_per_floor":["M","?","M","?","$","M","M","E"],"character_chosen":"DEFECT","items_purchased":["Chaos"],"campfire_rested":0,"item_purchase_floors":[5],"current_hp_per_floor":[64,64,65,65,65,66,59,0],"gold":38,"neow_bonus":"THREE_ENEMY_KILL","is_prod":false,"is_daily":false,"chose_seed":false,"campfire_upgraded":0,"win_rate":0,"timestamp":1554068276,"path_taken":["M","?","?","?","$","M","?","E"],"build_version":"2019-03-15","purchased_purges":1,"victory":false,"max_hp_per_floor":[71,71,72,72,72,73,74,74],"card_choices":[{"not_picked":["Stack","Barrage"],"picked":"Leap","floor":1.0},{"not_picked":["Redo","Compile Driver"],"picked":"Conserve Battery","floor":3.0},{"not_picked":["Force Field","All For One"],"picked":"Genetic Algorithm","floor":6.0},{"not_picked":["Gash","Sweeping Beam"],"picked":"Genetic Algorithm","floor":7.0}],"player_experience":1045638,"relics_obtained":[],"event_choices":[{"damage_healed":0.0,"max_hp_gain":0.0,"max_hp_loss":0.0,"gold_gain":0.0,"event_name":"FaceTrader","player_choice":"Trade","floor":2.0,"gold_loss":0.0,"damage_taken":0.0,"relics_obtained":["FaceOfCleric"]},{"damage_healed":0.0,"max_hp_gain":0.0,"max_hp_loss":0.0,"gold_gain":0.0,"event_name":"Accursed Blacksmith","player_choice":"Rummage","floor":4.0,"gold_loss":0.0,"damage_taken":0.0,"relics_obtained":["WarpedTongs"],"cards_obtained":["Pain"]}],"is_beta":true,"boss_relics":[],"items_purged_floors":[5],"is_endless":false,"potions_floor_spawned":[7],"killed_by":"Gremlin Nob","ascension_level":20}