{"gold_per_floor":[115,135,100,110,110,110,145,145,145,157],"floor_reached":10,"playtime":166,"items_purged":[],"score":132,"play_id":"35088480-f875-42b7-acd5-2204ed9a01f6","local_time":"20190409020016","is_ascension_mode":true,"campfire_choices":[{"data":"Defragment","floor":6,"key":"SMITH"},{"data":"Zap","floor":8,"key":"SMITH"}],"neow_cost":"NONE","seed_source_timestamp":33425919940391,"circlet_count":0,"master_deck":["AscendersBane","Strike_B","Strike_B","Strike_B","Strike_B","Defend_B","Defend_B","Defend_B","Defend_B","Zap+1","Dualcast","Sweeping Beam","Defragment+1","Glacier","Regret","BootSequence"],"relics":["Cracked Core","NeowsBlessing","Mercury Hourglass","Omamori","MawBank"],"potions_floor_usage":[],"damage_taken":[{"damage":0,"enemies":"Cultist","floor":1,"turns":1},{"damage":0,"enemies":"Small Slimes","floor":2,"turns":1},{"damage":0,"enemies":"Jaw Worm","floor":4,"turns":1},{"damage":13,"enemies":"3 Sentries","floor":7,"turns":6},{"damage":38,"enemies":"Gremlin Nob","floor":10,"turns":4}],"seed_played":"4404060458279256519","potions_obtained":[{"floor":4,"key":"Strength Potion"}],"is_trial":false,"path_per_floor":["M","M","?","M","?","R","E","R","T","E"],"character_chosen":"DEFECT","items_purchased":[],"campfire_rested":0,"item_purchase_floors":[],"current_hp_per_floor":[64,64,71,71,71,71,58,58,58,20],"gold":157,"neow_bonus":"THREE_ENEMY_KILL","is_prod":false,"is_daily":false,"chose_seed":false,"campfire_upgraded":2,"win_rate":0,"timestamp":1554768016,"path_taken":["M","?","?","M","?","R","E","R","T","E"],"build_version":"2019-04-04","purchased_purges":0,"victory":false,"max_hp_per_floor":[71,71,71,71,71,71,71,71,71,71],"card_choices":[{"not_picked":["Turbo","Steam Power"],"picked":"Sweeping Beam","floor":1},{"not_picked":["Darkness","Aggregate"],"picked":"Defragment","floor":2},{"not_picked":["Coolheaded","FTL"],"picked":"Glacier","floor":4},{"not_picked":["Stack","Conserve Battery"],"picked":"BootSequence","floor":7}],"player_experience":1087405,"relics_obtained":[{"floor":7,"key":"Omamori"},{"floor":9,"key":"MawBank"}],"event_choices":[{"damage_healed":17,"gold_gain":0,"player_choice":"Healed","damage_taken":0,"max_hp_gain":0,"max_hp_loss":0,"event_name":"The Cleric","floor":3,"gold_loss":35},{"damage_healed":0,"gold_gain":0,"player_choice":"Box","damage_taken":0,"relics_obtained":["Mercury Hourglass"],"max_hp_gain":0,"max_hp_loss":0,"event_name":"Big Fish","floor":5,"gold_loss":0,"cards_obtained":["Regret"]}],"is_beta":true,"boss_relics":[],"items_purged_floors":[],"is_endless":false,"potions_floor_spawned":[4],"killed_by":"Gremlin Nob","ascension_level":20}