{"gold_per_floor":[119,129,48,48,61,61,95,95,176,176,187,187,362,389,389,389],"floor_reached":16,"playtime":1473,"items_purged":[],"score":119,"play_id":"b245fe7d-4466-43db-967a-a161d1f9fe56","local_time":"20190402080642","is_ascension_mode":true,"campfire_choices":[{"floor":8.0,"key":"REST"},{"data":"Infinite Blades","floor":10.0,"key":"SMITH"},{"data":"Bouncing Flask","floor":15.0,"key":"SMITH"}],"neow_cost":"NONE","seed_source_timestamp":267841259743,"circlet_count":0,"master_deck":["Defend_G","Defend_G","Defend_G","Defend_G+1","Defend_G","Strike_G","Strike_G","Strike_G","Strike_G","Strike_G","Survivor","Neutralize","Prepared","Backflip+1","Infinite Blades+1","PiercingWail","Dagger Spray","Crippling Poison+1","Doubt","Bouncing Flask+1"],"special_seed":0,"relics":["Ring of the Snake","Orichalcum","The Courier","Dodecahedron"],"potions_floor_usage":[16],"damage_taken":[{"damage":0.0,"enemies":"2 Louse","floor":1.0,"turns":4.0},{"damage":7.0,"enemies":"Small Slimes","floor":2.0,"turns":5.0},{"damage":0.0,"enemies":"Cultist","floor":5.0,"turns":6.0},{"damage":72.0,"enemies":"Gremlin Nob","floor":7.0,"turns":8.0},{"damage":0.0,"enemies":"Exordium Wildlife","floor":11.0,"turns":4.0},{"damage":6.0,"enemies":"3 Sentries","floor":14.0,"turns":5.0},{"damage":25,"enemies":"Slime Boss","floor":16,"turns":5}],"seed_played":"7418154899587500503","potions_obtained":[{"floor":5.0,"key":"Dexterity Potion"},{"floor":7.0,"key":"Weak Potion"}],"is_trial":false,"path_per_floor":["M","M","$","?","M","?","E","R","T","R","M","?","?","E","R","B"],"character_chosen":"THE_SILENT","items_purchased":["Infinite Blades"],"campfire_rested":1,"item_purchase_floors":[3],"current_hp_per_floor":[77,70,70,55,55,77,5,28,28,28,28,28,28,22,22,0],"gold":389,"neow_bonus":"TEN_PERCENT_HP_BONUS","is_prod":false,"is_daily":false,"chose_seed":false,"campfire_upgraded":2,"win_rate":0,"timestamp":1554210402,"path_taken":["M","M","$","?","M","?","E","R","T","R","M","?","?","E","R","BOSS"],"build_version":"2019-01-23","purchased_purges":0,"victory":false,"max_hp_per_floor":[77,77,77,77,77,77,77,77,77,77,77,77,77,77,77,77],"card_choices":[{"not_picked":["Quick Slash","Outmaneuver"],"picked":"Prepared","floor":1.0},{"not_picked":["All Out Attack","Dash"],"picked":"Backflip","floor":2.0},{"not_picked":["Blade Dance","Flying Knee"],"picked":"PiercingWail","floor":5.0},{"not_picked":["Prepared","Bane"],"picked":"Dagger Spray","floor":7.0},{"not_picked":["Quick Slash","Dagger Throw"],"picked":"Crippling Poison","floor":11.0},{"not_picked":["Bullet Time","Concentrate"],"picked":"Bouncing Flask","floor":14.0}],"player_experience":206539,"relics_obtained":[{"floor":7.0,"key":"Orichalcum"},{"floor":9.0,"key":"The Courier"},{"floor":14.0,"key":"Dodecahedron"}],"event_choices":[{"damage_healed":0.0,"max_hp_gain":0.0,"max_hp_loss":0.0,"gold_gain":0.0,"event_name":"Shining Light","player_choice":"Entered Light","floor":4.0,"gold_loss":0.0,"damage_taken":15.0,"cards_upgraded":["Defend_G","Backflip"]},{"damage_healed":25.0,"max_hp_gain":0.0,"max_hp_loss":0.0,"gold_gain":0.0,"event_name":"Big Fish","player_choice":"Banana","floor":6.0,"gold_loss":0.0,"damage_taken":0.0},{"damage_healed":0.0,"max_hp_gain":0.0,"max_hp_loss":0.0,"gold_gain":0.0,"event_name":"Living Wall","player_choice":"Grow","floor":12.0,"gold_loss":0.0,"damage_taken":0.0,"cards_upgraded":["Crippling Poison"]},{"damage_healed":0.0,"max_hp_gain":0.0,"max_hp_loss":0.0,"gold_gain":175.0,"event_name":"Liars Game","player_choice":"AGREE","floor":13.0,"gold_loss":0.0,"damage_taken":0.0,"cards_obtained":["Doubt"]}],"is_beta":false,"boss_relics":[],"items_purged_floors":[],"is_endless":false,"potions_floor_spawned":[5,7],"killed_by":"Slime Boss","ascension_level":2}