{"gold_per_floor":[115,131,131,147,147,173,183,183,183,214,225,252,327,338,338,438,438,448,48,90,21,37,37,37,92,116,116,192,192,210,225,225,354,354,365,401,15,52,88,88,148,189,237,263,263,280,280,297,297,317],"floor_reached":51,"playtime":4671,"items_purged":["Perfected Strike+1"],"score":896,"play_id":"52a17f84-855d-4632-9e96-54d8dc829405","local_time":"20190412182123","is_ascension_mode":false,"campfire_choices":[{"data":"Perfected Strike","floor":8,"key":"SMITH"},{"data":"1","floor":15,"key":"LIFT"},{"data":"Corruption","floor":23,"key":"SMITH"},{"data":"2","floor":27,"key":"LIFT"},{"data":"3","floor":29,"key":"LIFT"},{"data":"Armaments","floor":32,"key":"SMITH"},{"data":"Armaments","floor":40,"key":"SMITH"},{"data":"Disarm","floor":45,"key":"SMITH"},{"data":"Shockwave","floor":47,"key":"SMITH"},{"data":"Disarm","floor":49,"key":"SMITH"}],"neow_cost":"NONE","seed_source_timestamp":23348317296000,"circlet_count":0,"master_deck":["Bash","Shrug It Off","Anger","Clash","Inflame","True Grit","Headbutt","Battle Trance","Disarm+1","Feed","Battle Trance","Burning Pact","Shrug It Off","Armaments+1","Offering","Evolve","Battle Trance","Pommel Strike","Metallicize","HandOfGreed","Disarm+1","Inflame","Corruption+1","Shockwave+1","PanicButton","Ghostly Armor","Sever Soul","Reaper","Metallicize","Inflame","Shockwave","Exhume","Inflame+1","Armaments+1","Warcry","Intimidate+1"],"relics":["Burning Blood","The Courier","Mummified Hand","Bottled Lightning","Girya","Pandora\u0027s Box","Pear","Vajra","Tiny Chest","Busted Crown","FossilizedHelix","Oddly Smooth Stone","Magic Flower","Ancient Tea Set","Juzu Bracelet"],"potions_floor_usage":[6,12,20,25,33,50,50],"damage_taken":[{"damage":1,"enemies":"Jaw Worm","floor":1,"turns":5},{"damage":3,"enemies":"Small Slimes","floor":2,"turns":4},{"damage":2,"enemies":"Cultist","floor":4,"turns":4},{"damage":6,"enemies":"Gremlin Nob","floor":6,"turns":3},{"damage":2,"enemies":"Looter","floor":7,"turns":2},{"damage":18,"enemies":"Lagavulin","floor":10,"turns":5},{"damage":0,"enemies":"2 Fungi Beasts","floor":11,"turns":3},{"damage":15,"enemies":"Gremlin Nob","floor":12,"turns":4},{"damage":2,"enemies":"Lots of Slimes","floor":14,"turns":2},{"damage":29,"enemies":"Hexaghost","floor":16,"turns":9},{"damage":6,"enemies":"2 Thieves","floor":18,"turns":3},{"damage":11,"enemies":"Chosen","floor":20,"turns":5},{"damage":9,"enemies":"Snecko","floor":22,"turns":3},{"damage":9,"enemies":"Gremlin Leader","floor":25,"turns":5},{"damage":1,"enemies":"Slavers","floor":28,"turns":4},{"damage":8,"enemies":"Snake Plant","floor":30,"turns":3},{"damage":6,"enemies":"Cultist and Chosen","floor":31,"turns":4},{"damage":11,"enemies":"Champ","floor":33,"turns":10},{"damage":12,"enemies":"Orb Walker","floor":35,"turns":2},{"damage":9,"enemies":"3 Shapes","floor":36,"turns":3},{"damage":6,"enemies":"Spire Growth","floor":38,"turns":4},{"damage":9,"enemies":"Sphere and 2 Shapes","floor":39,"turns":5},{"damage":0,"enemies":"Giant Head","floor":41,"turns":6},{"damage":0,"enemies":"Jaw Worm Horde","floor":42,"turns":5},{"damage":6,"enemies":"Reptomancer","floor":44,"turns":6},{"damage":0,"enemies":"Transient","floor":46,"turns":5},{"damage":6,"enemies":"Writhing Mass","floor":48,"turns":6},{"damage":22,"enemies":"Awakened One","floor":50,"turns":13}],"seed_played":"4417578735843784853","potions_obtained":[{"floor":0,"key":"SneckoOil"},{"floor":0,"key":"Fire Potion"},{"floor":0,"key":"Strength Potion"},{"floor":2,"key":"EssenceOfSteel"},{"floor":7,"key":"SmokeBomb"},{"floor":12,"key":"Poison Potion"},{"floor":16,"key":"Ancient Potion"},{"floor":20,"key":"Dexterity Potion"},{"floor":22,"key":"Fire Potion"},{"floor":28,"key":"FearPotion"},{"floor":30,"key":"Energy Potion"},{"floor":36,"key":"Strength Potion"},{"floor":48,"key":"Dexterity Potion"}],"is_trial":false,"path_per_floor":["M","M","?","M","?","E","M","R","T","E","M","E","?","M","R","B",null,"M","$","M","$","M","R","?","E","T","R","E","R","M","M","R","B",null,"M","M","$","M","M","R","E","M","T","E","R","M","R","M","R","B",null],"character_chosen":"IRONCLAD","items_purchased":["Metallicize","HandOfGreed","Disarm","Inflame","Corruption","PanicButton","FossilizedHelix","Armaments","Oddly Smooth Stone"],"campfire_rested":0,"item_purchase_floors":[19,19,19,19,19,21,37,37,37],"current_hp_per_floor":[80,80,80,80,80,80,80,80,80,68,74,65,54,58,58,35,80,83,83,78,78,79,79,79,86,86,86,94,94,95,98,98,93,106,103,106,106,106,109,109,121,129,129,133,133,133,133,136,136,136],"gold":317,"neow_bonus":"THREE_SMALL_POTIONS","is_prod":false,"is_daily":false,"chose_seed":false,"campfire_upgraded":7,"win_rate":1,"timestamp":1555118483,"path_taken":["M","M","?","M","?","E","M","R","T","E","?","E","?","M","R","BOSS","M","$","M","$","M","R","?","E","T","R","E","R","M","M","R","BOSS","M","M","$","M","M","R","E","?","T","E","R","M","R","M","R","BOSS"],"build_version":"2019-01-23","purchased_purges":1,"victory":true,"max_hp_per_floor":[80,80,80,80,80,80,80,80,80,80,80,80,80,80,80,80,80,83,83,83,83,87,87,87,97,97,97,100,100,103,106,106,106,106,109,115,115,115,121,121,121,129,129,133,133,133,133,136,136,136],"card_choices":[{"not_picked":["Body Slam","Clash"],"picked":"Perfected Strike","floor":1},{"not_picked":["Combust","Entrench"],"picked":"Shrug It Off","floor":2},{"not_picked":["Whirlwind","Reaper"],"picked":"Anger","floor":4},{"not_picked":["Power Through","Searing Blow"],"picked":"Clash","floor":6},{"not_picked":["True Grit","Clothesline"],"picked":"Inflame","floor":7},{"not_picked":["True Grit","Havoc","Corruption"],"picked":"SKIP","floor":10},{"not_picked":["Havoc","Corruption"],"picked":"True Grit","floor":10},{"not_picked":["Searing Blow","Combust"],"picked":"Headbutt","floor":11},{"not_picked":["Warcry","Heavy Blade"],"picked":"Battle Trance","floor":12},{"not_picked":["Perfected Strike","Shockwave"],"picked":"Disarm","floor":14},{"not_picked":["Reaper","Limit Break"],"picked":"Feed","floor":16},{"not_picked":["Rupture","Twin Strike"],"picked":"Pommel Strike","floor":18},{"not_picked":["Clothesline+1","Searing Blow+1"],"picked":"Shockwave","floor":20},{"not_picked":["Evolve","Corruption"],"picked":"Ghostly Armor","floor":22},{"not_picked":["Pommel Strike+1","Whirlwind"],"picked":"Reaper","floor":25},{"not_picked":["Pommel Strike","Thunderclap"],"picked":"Metallicize","floor":28},{"not_picked":["Cleave","Carnage+1"],"picked":"Inflame","floor":30},{"not_picked":["Iron Wave","Seeing Red"],"picked":"Shockwave","floor":31},{"not_picked":["Offering","Immolate"],"picked":"Exhume","floor":33},{"not_picked":["Clothesline+1"],"picked":"SKIP","floor":35},{"not_picked":[],"picked":"Inflame+1","floor":36},{"not_picked":["Warcry"],"picked":"SKIP","floor":38},{"not_picked":[],"picked":"Warcry","floor":38},{"not_picked":["Corruption+1"],"picked":"SKIP","floor":39},{"not_picked":["Corruption+1"],"picked":"SKIP","floor":39},{"not_picked":["Corruption+1"],"picked":"SKIP","floor":39},{"not_picked":[],"picked":"Intimidate+1","floor":41},{"not_picked":["Intimidate+1"],"picked":"SKIP","floor":42},{"not_picked":["Metallicize+1"],"picked":"SKIP","floor":44},{"not_picked":["Blood for Blood"],"picked":"SKIP","floor":46},{"not_picked":["Sever Soul"],"picked":"SKIP","floor":48}],"player_experience":319792,"relics_obtained":[{"floor":6,"key":"The Courier"},{"floor":9,"key":"Mummified Hand"},{"floor":10,"key":"Bottled Lightning"},{"floor":12,"key":"Girya"},{"floor":25,"key":"Pear"},{"floor":26,"key":"Vajra"},{"floor":28,"key":"Tiny Chest"},{"floor":41,"key":"Magic Flower"},{"floor":43,"key":"Ancient Tea Set"},{"floor":44,"key":"Juzu Bracelet"}],"event_choices":[{"damage_healed":0,"gold_gain":0,"player_choice":"Ignored","damage_taken":0,"max_hp_gain":0,"max_hp_loss":0,"event_name":"Liars Game","floor":3,"gold_loss":0},{"cards_removed":["Defend_R"],"damage_healed":0,"gold_gain":0,"player_choice":"Purged","damage_taken":0,"max_hp_gain":0,"max_hp_loss":0,"event_name":"Purifier","floor":5,"gold_loss":0},{"damage_healed":0,"gold_gain":75,"player_choice":"Gather Gold","damage_taken":11,"max_hp_gain":0,"max_hp_loss":0,"event_name":"World of Goop","floor":13,"gold_loss":0},{"damage_healed":0,"gold_gain":0,"cards_transformed":["Dropkick"],"player_choice":"Transformed","damage_taken":0,"max_hp_gain":0,"max_hp_loss":0,"event_name":"Transmorgrifier","floor":24,"gold_loss":0,"cards_obtained":["Sever Soul"]}],"is_beta":false,"boss_relics":[{"not_picked":["Calling Bell","Black Star"],"picked":"Pandora\u0027s Box"},{"not_picked":["Runic Pyramid","Runic Cube"],"picked":"Busted Crown"}],"items_purged_floors":[19],"is_endless":false,"potions_floor_spawned":[2,7,12,16,20,22,28,30,36,44,48],"ascension_level":0}