{"gold_per_floor":[112,112,162,174,174,205,205,230,230,263,275,275,275,302,302,375,375,395,320,19,19,34,46,81,81,107,107,134,134,159,175,175,253,253,272,50,70,82,82,114,114,114,141,176,176,195,226,237,237,237,237,237,237,4,38,38],"floor_reached":56,"playtime":2918,"items_purged":["Strike_B","Parasite"],"score":2288,"play_id":"bdb21a81-8048-4e22-8005-63eff73bd16c","local_time":"20190404180911","is_ascension_mode":true,"campfire_choices":[{"data":"Self Repair","floor":7.0,"key":"SMITH"},{"floor":12.0,"key":"REST"},{"data":"Zap","floor":15.0,"key":"SMITH"},{"floor":25.0,"key":"RECALL"},{"data":"Electrodynamics","floor":27.0,"key":"SMITH"},{"data":"Echo Form","floor":29.0,"key":"SMITH"},{"data":"Defend_B","floor":32.0,"key":"SMITH"},{"floor":41.0,"key":"REST"},{"data":"Storm","floor":49.0,"key":"SMITH"},{"data":"Defend_B","floor":53.0,"key":"SMITH"}],"neow_cost":"NONE","seed_source_timestamp":0,"circlet_count":0,"master_deck":["AscendersBane","Defend_B+1","Defend_B+1","Defend_B+1","Defend_B+1","Zap+1","Dualcast","Leap+1","Genetic Algorithm+1","Self Repair+1","Multi-Cast+1","Double Energy+1","Consume+1","Electrodynamics+1","BootSequence+1","Glacier+1","Coolheaded+1","Echo Form+1","Conserve Battery+1","Steam+1","Fission+1","Chill+1","White Noise+1","BootSequence+1","Creative AI+1","Storm+1","Coolheaded+1","Defragment","Undo+1"],"special_seed":0,"relics":["Cracked Core","NeowsBlessing","PreservedInsect","Toxic Egg 2","Oddly Smooth Stone","Symbiotic Virus","Ancient Tea Set","Unceasing Top","Sozu","Runic Capacitor","Matryoshka","Potion Belt","Whetstone","Orichalcum","Inserter","Chemical X","Pear","Lantern","War Paint","Gremlin Horn","Anchor","Vajra"],"potions_floor_usage":[],"damage_taken":[{"damage":0.0,"enemies":"Cultist","floor":1.0,"turns":1.0},{"damage":0.0,"enemies":"Jaw Worm","floor":4.0,"turns":1.0},{"damage":0.0,"enemies":"3 Sentries","floor":6.0,"turns":1.0},{"damage":39.0,"enemies":"Lagavulin","floor":8.0,"turns":7.0},{"damage":31.0,"enemies":"Gremlin Nob","floor":10.0,"turns":4.0},{"damage":2.0,"enemies":"Small Slimes","floor":11.0,"turns":3.0},{"damage":8.0,"enemies":"Lagavulin","floor":14.0,"turns":5.0},{"damage":16.0,"enemies":"Hexaghost","floor":16.0,"turns":9.0},{"damage":0.0,"enemies":"Spheric Guardian","floor":18.0,"turns":2.0},{"damage":0.0,"enemies":"Chosen","floor":22.0,"turns":3.0},{"damage":10.0,"enemies":"Snake Plant","floor":23.0,"turns":6.0},{"damage":0.0,"enemies":"Gremlin Leader","floor":24.0,"turns":7.0},{"damage":2.0,"enemies":"Book of Stabbing","floor":28.0,"turns":4.0},{"damage":0.0,"enemies":"Slavers","floor":30.0,"turns":3.0},{"damage":11.0,"enemies":"Centurion and Healer","floor":31.0,"turns":5.0},{"damage":23.0,"enemies":"Champ","floor":33.0,"turns":8.0},{"damage":0.0,"enemies":"3 Darklings","floor":35.0,"turns":5.0},{"damage":0.0,"enemies":"Orb Walker","floor":37.0,"turns":2.0},{"damage":0.0,"enemies":"Maw","floor":38.0,"turns":7.0},{"damage":45.0,"enemies":"Reptomancer","floor":40.0,"turns":4.0},{"damage":0.0,"enemies":"Nemesis","floor":44.0,"turns":7.0},{"damage":0.0,"enemies":"Writhing Mass","floor":46.0,"turns":5.0},{"damage":6.0,"enemies":"Reptomancer","floor":47.0,"turns":5.0},{"damage":0.0,"enemies":"3 Darklings","floor":48.0,"turns":5.0},{"damage":0.0,"enemies":"Donu and Deca","floor":50.0,"turns":5.0},{"damage":10.0,"enemies":"Awakened One","floor":51.0,"turns":16.0},{"damage":44.0,"enemies":"Shield and Spear","floor":55.0,"turns":5.0},{"damage":0,"enemies":"The Heart","floor":56,"turns":2}],"seed_played":"3576113439142278879","potions_obtained":[{"floor":1.0,"key":"FearPotion"},{"floor":8.0,"key":"Poison Potion"},{"floor":10.0,"key":"FocusPotion"},{"floor":11.0,"key":"AttackPotion"}],"is_trial":false,"path_per_floor":["M","$","T","M","?","E","R","E","T","E","M","R","?","E","R","B",null,"M","?","$","?","M","M","E","R","T","R","E","R","E","M","R","B",null,"M","$","M","M","?","E","R","?","T","E","?","M","E","M","R","B","B",null,"R","$","E","B"],"character_chosen":"DEFECT","items_purchased":["Runic Capacitor","Chemical X","Coolheaded+1","Defragment"],"campfire_rested":2,"item_purchase_floors":[20,36,54,54],"current_hp_per_floor":[64,64,64,64,64,64,64,35,35,14,22,43,22,24,24,18,58,58,58,58,58,68,68,71,71,71,71,69,69,71,70,70,57,68,71,71,71,71,67,42,65,65,65,77,77,77,77,77,77,77,67,75,75,74,30,30],"gold":38,"neow_bonus":"THREE_ENEMY_KILL","is_prod":false,"is_daily":false,"chose_seed":false,"campfire_upgraded":7,"win_rate":0,"timestamp":1554394151,"path_taken":["M","$","?","M","?","E","R","E","T","E","M","R","?","E","R","BOSS","M","?","$","?","M","?","E","R","T","R","E","R","E","M","R","BOSS","M","$","M","M","?","E","R","?","T","E","?","?","E","M","R","BOSS","BOSS","R","$","E","BOSS"],"build_version":"2019-03-15","purchased_purges":2,"victory":false,"max_hp_per_floor":[71,71,71,71,71,71,71,71,71,71,71,71,71,71,71,71,71,71,71,71,71,71,71,71,71,71,71,71,71,71,71,71,71,71,71,71,71,71,67,77,77,77,77,77,77,77,77,77,77,77,77,77,77,74,74,74],"card_choices":[{"not_picked":["Hologram","Double Energy"],"picked":"Leap","floor":1.0},{"not_picked":["Steam","Hologram"],"picked":"Genetic Algorithm","floor":4.0},{"not_picked":["Capacitor","Reboot"],"picked":"Self Repair","floor":6.0},{"not_picked":["Gash","Barrage"],"picked":"Multi-Cast+1","floor":8.0},{"not_picked":["Cold Snap","Redo+1"],"picked":"Double Energy+1","floor":10.0},{"not_picked":["Recycle+1","Storm","Barrage"],"picked":"SKIP","floor":11.0},{"not_picked":["Cold Snap","Aggregate+1"],"picked":"Consume+1","floor":14.0},{"not_picked":["Core Surge","Machine Learning"],"picked":"Electrodynamics","floor":16.0},{"not_picked":["FTL","Aggregate+1"],"picked":"BootSequence+1","floor":18.0},{"not_picked":["Ball Lightning+1","Steam+1"],"picked":"Glacier+1","floor":22.0},{"not_picked":["Lockon","Hologram+1"],"picked":"Coolheaded+1","floor":23.0},{"not_picked":["Compile Driver","Barrage","Rip and Tear"],"picked":"SKIP","floor":24.0},{"not_picked":["Steam+1","Reinforced Body+1"],"picked":"Echo Form","floor":28.0},{"not_picked":["Reprogram+1","Barrage"],"picked":"Conserve Battery+1","floor":30.0},{"not_picked":["Beam Cell","Gash"],"picked":"Steam+1","floor":31.0},{"not_picked":["Hyperbeam","All For One"],"picked":"Fission+1","floor":33.0},{"not_picked":["Recycle+1","Hologram+1"],"picked":"Chill+1","floor":35.0},{"not_picked":["Undo+1","Go for the Eyes+1"],"picked":"White Noise+1","floor":37.0},{"not_picked":["Doom and Gloom","Stack+1","Barrage"],"picked":"SKIP","floor":38.0},{"not_picked":["Beam Cell","Force Field+1"],"picked":"BootSequence+1","floor":40.0},{"not_picked":["Conserve Battery+1","Reboot+1"],"picked":"Creative AI","floor":44.0},{"not_picked":["Stack+1","Compile Driver","Sweeping Beam"],"picked":"SKIP","floor":46.0},{"not_picked":["Barrage","Undo+1","Rip and Tear+1"],"picked":"SKIP","floor":47.0},{"not_picked":["Hello World","Redo+1"],"picked":"Storm","floor":48.0},{"not_picked":["Rebound","Coolheaded+1"],"picked":"Undo+1","floor":55.0}],"player_experience":1059826,"relics_obtained":[{"floor":3.0,"key":"PreservedInsect"},{"floor":6.0,"key":"Toxic Egg 2"},{"floor":8.0,"key":"Oddly Smooth Stone"},{"floor":9.0,"key":"Symbiotic Virus"},{"floor":10.0,"key":"Ancient Tea Set"},{"floor":14.0,"key":"Unceasing Top"},{"floor":24.0,"key":"Matryoshka"},{"floor":26.0,"key":"Potion Belt"},{"floor":28.0,"key":"Whetstone"},{"floor":30.0,"key":"Orichalcum"},{"floor":40.0,"key":"Pear"},{"floor":43.0,"key":"Lantern"},{"floor":43.0,"key":"War Paint"},{"floor":44.0,"key":"Gremlin Horn"},{"floor":47.0,"key":"Anchor"},{"floor":55.0,"key":"Vajra"}],"event_choices":[{"damage_healed":0.0,"max_hp_gain":0.0,"max_hp_loss":0.0,"gold_gain":0.0,"event_name":"Living Wall","player_choice":"Grow","floor":5.0,"gold_loss":0.0,"damage_taken":0.0,"cards_upgraded":["Genetic Algorithm"]},{"damage_healed":0.0,"max_hp_gain":0.0,"max_hp_loss":0.0,"gold_gain":0.0,"event_name":"Shining Light","player_choice":"Entered Light","floor":13.0,"gold_loss":0.0,"damage_taken":21.0,"cards_upgraded":["Leap","Strike_B"]},{"cards_removed":["Strike_B"],"damage_healed":0.0,"max_hp_gain":0.0,"max_hp_loss":0.0,"gold_gain":0.0,"event_name":"Beggar","player_choice":"Gave Gold","floor":19.0,"gold_loss":75.0,"damage_taken":0.0},{"cards_removed":["Strike_B"],"damage_healed":0.0,"max_hp_gain":0.0,"max_hp_loss":0.0,"gold_gain":0.0,"event_name":"Bonfire Elementals","player_choice":"Offered Basic","floor":21.0,"gold_loss":0.0,"damage_taken":0.0},{"damage_healed":0.0,"max_hp_gain":0.0,"max_hp_loss":4.0,"gold_gain":0.0,"event_name":"Winding Halls","player_choice":"Max HP","floor":39.0,"gold_loss":0.0,"damage_taken":0.0},{"cards_removed":["Strike_B"],"damage_healed":0.0,"max_hp_gain":0.0,"max_hp_loss":0.0,"gold_gain":0.0,"event_name":"Falling","player_choice":"Removed Attack","floor":42.0,"gold_loss":0.0,"damage_taken":0.0},{"damage_healed":0.0,"max_hp_gain":0.0,"max_hp_loss":0.0,"gold_gain":0.0,"event_name":"Upgrade Shrine","player_choice":"Upgraded","floor":45.0,"gold_loss":0.0,"damage_taken":0.0,"cards_upgraded":["Creative AI"]}],"is_beta":true,"boss_relics":[{"not_picked":["FrozenCore","Busted Crown"],"picked":"Sozu"},{"not_picked":["Black Star","Lizard Tail"],"picked":"Inserter"}],"items_purged_floors":[20,54],"is_endless":false,"potions_floor_spawned":[1,8,10,11,18,24,38,40,44,48,55],"killed_by":"The Heart","ascension_level":20}