{"gold_per_floor":[110,110,110,16,116,116,135,135,135,150,178,191,202,215,215,215],"floor_reached":16,"playtime":1641,"items_purged":[],"score":107,"play_id":"7157bee6-4601-4ef7-8853-df75d0c5f0e9","local_time":"20190322061739","is_ascension_mode":true,"campfire_choices":[{"data":"Noxious Fumes","floor":6,"key":"SMITH"},{"data":"Neutralize","floor":8,"key":"SMITH"},{"data":"Dash","floor":15,"key":"SMITH"}],"neow_cost":"NONE","seed_source_timestamp":102084811791481,"circlet_count":0,"master_deck":["Defend_G","Defend_G","Defend_G","Defend_G","Defend_G","Strike_G","Strike_G","Strike_G","Strike_G","Strike_G","Survivor","Neutralize+1","Forethought+1","Backstab","Noxious Fumes+1","Deadly Poison","Deflect","Catalyst","Outmaneuver","Backflip","Dash+1","Accuracy"],"relics":["Ring of the Snake","Oddly Smooth Stone","Boot","Potion Belt"],"potions_floor_usage":[11,11,16,16],"damage_taken":[{"damage":7,"enemies":"Small Slimes","floor":1,"turns":5},{"damage":0,"enemies":"Cultist","floor":7,"turns":4},{"damage":0,"enemies":"Jaw Worm","floor":10,"turns":4},{"damage":1,"enemies":"Gremlin Nob","floor":11,"turns":3},{"damage":0,"enemies":"3 Louse","floor":12,"turns":3},{"damage":7,"enemies":"Looter","floor":13,"turns":4},{"damage":4,"enemies":"Exordium Thugs","floor":14,"turns":6},{"damage":49,"enemies":"Slime Boss","floor":16,"turns":9}],"seed_played":"-1803630548320245046","potions_obtained":[{"floor":1,"key":"Block Potion"},{"floor":7,"key":"Poison Potion"},{"floor":13,"key":"LiquidBronze"},{"floor":14,"key":"Swift Potion"}],"is_trial":false,"path_per_floor":["M","?","?","$","?","R","M","R","T","M","E","M","M","M","R","B"],"character_chosen":"THE_SILENT","items_purchased":["Noxious Fumes","Deadly Poison"],"campfire_rested":0,"item_purchase_floors":[4,4],"current_hp_per_floor":[63,60,60,60,60,60,60,60,60,60,59,59,52,48,48,0],"gold":215,"neow_bonus":"RANDOM_COLORLESS","is_prod":false,"is_daily":false,"chose_seed":false,"campfire_upgraded":3,"win_rate":0,"timestamp":1553253459,"path_taken":["M","?","?","$","?","R","M","R","T","M","E","M","M","M","R","BOSS"],"build_version":"2019-01-23","purchased_purges":0,"victory":false,"max_hp_per_floor":[70,70,70,70,70,70,70,70,70,70,70,70,70,70,70,70],"card_choices":[{"not_picked":["Acrobatics","Quick Slash"],"picked":"Backstab","floor":1},{"not_picked":["Expertise","Blade Dance"],"picked":"Deflect","floor":7},{"not_picked":["Slice","Flying Knee"],"picked":"Catalyst","floor":10},{"not_picked":["Doppelganger","Infinite Blades"],"picked":"Outmaneuver","floor":11},{"not_picked":["Heel Hook","Bouncing Flask"],"picked":"Backflip","floor":12},{"not_picked":["Reflex","Flechettes"],"picked":"Dash","floor":13},{"not_picked":["Escape Plan","Acrobatics"],"picked":"Accuracy","floor":14}],"player_experience":117215,"relics_obtained":[{"floor":9,"key":"Boot"},{"floor":11,"key":"Potion Belt"}],"event_choices":[{"damage_healed":0,"gold_gain":0,"player_choice":"Success","damage_taken":3,"relics_obtained":["Oddly Smooth Stone"],"max_hp_gain":0,"max_hp_loss":0,"event_name":"Scrap Ooze","floor":2,"gold_loss":0},{"damage_healed":0,"gold_gain":0,"player_choice":"Grow","damage_taken":0,"max_hp_gain":0,"max_hp_loss":0,"event_name":"Living Wall","floor":3,"gold_loss":0,"cards_upgraded":["Forethought"]},{"damage_healed":0,"gold_gain":100,"player_choice":"Gold","damage_taken":0,"max_hp_gain":0,"max_hp_loss":0,"event_name":"Wheel of Change","floor":5,"gold_loss":0}],"is_beta":false,"boss_relics":[],"items_purged_floors":[],"is_endless":false,"potions_floor_spawned":[1,7,13,14],"killed_by":"Slime Boss","ascension_level":1}