{"gold_per_floor":[114,124,124,141,141,66,77,92,92,92,103,103,137,157,157,230,230,249,249,23,36,56,56,83,83],"floor_reached":25,"playtime":1196,"items_purged":["Pain"],"score":450,"play_id":"aa275792-5ed9-4b44-a642-9317a31467ba","local_time":"20190407213841","is_ascension_mode":true,"campfire_choices":[{"data":"White Noise","floor":10.0,"key":"SMITH"},{"data":"Sunder","floor":12.0,"key":"SMITH"},{"data":"Consume","floor":15.0,"key":"SMITH"},{"floor":23.0,"key":"REST"}],"neow_cost":"NONE","seed_source_timestamp":0,"circlet_count":0,"master_deck":["AscendersBane","Strike_B","Strike_B","Strike_B","Defend_B","Defend_B","Defend_B","Defend_B","Zap","Dualcast","Self Repair","Leap","White Noise+1","Sunder+1","Seek","Storm","Consume+1","Buffer","White Noise","Leap","Cold Snap"],"special_seed":0,"relics":["Cracked Core","NeowsBlessing","WarpedTongs","Bird Faced Urn","Unceasing Top","Inserter","CultistMask","Strange Spoon","StoneCalendar"],"potions_floor_usage":[],"damage_taken":[{"damage":0.0,"enemies":"Cultist","floor":1.0,"turns":1.0},{"damage":0.0,"enemies":"Small Slimes","floor":2.0,"turns":1.0},{"damage":0.0,"enemies":"Jaw Worm","floor":4.0,"turns":1.0},{"damage":12.0,"enemies":"Exordium Thugs","floor":7.0,"turns":10.0},{"damage":8.0,"enemies":"Looter","floor":8.0,"turns":3.0},{"damage":2.0,"enemies":"Large Slime","floor":11.0,"turns":5.0},{"damage":8.0,"enemies":"Gremlin Nob","floor":13.0,"turns":3.0},{"damage":13.0,"enemies":"Blue Slaver","floor":14.0,"turns":4.0},{"damage":28.0,"enemies":"Slime Boss","floor":16.0,"turns":9.0},{"damage":33.0,"enemies":"3 Byrds","floor":18.0,"turns":3.0},{"damage":24.0,"enemies":"Chosen","floor":21.0,"turns":5.0},{"damage":35.0,"enemies":"Shelled Parasite and Fungi","floor":22.0,"turns":13.0},{"damage":45.0,"enemies":"Book of Stabbing","floor":24.0,"turns":5.0},{"damage":50,"enemies":"Chosen and Byrds","floor":25,"turns":5}],"seed_played":"-8527294839949965251","potions_obtained":[{"floor":2.0,"key":"Block Potion"},{"floor":7.0,"key":"Poison Potion"},{"floor":11.0,"key":"Poison Potion"},{"floor":14.0,"key":"AttackPotion"},{"floor":16.0,"key":"PowerPotion"},{"floor":22.0,"key":"Swift Potion"}],"is_trial":false,"path_per_floor":["M","M","?","M","?","$","M","M","T","R","M","R","E","M","R","B",null,"M","?","$","M","M","R","E","M"],"character_chosen":"DEFECT","items_purchased":["Strange Spoon"],"campfire_rested":1,"item_purchase_floors":[20],"current_hp_per_floor":[64,64,57,57,57,57,65,64,64,64,71,71,70,71,71,55,67,53,53,53,47,35,56,29,0],"gold":83,"neow_bonus":"THREE_ENEMY_KILL","is_prod":false,"is_daily":false,"chose_seed":false,"campfire_upgraded":3,"win_rate":0,"timestamp":1554665921,"path_taken":["M","?","?","M","?","$","?","M","T","R","M","R","E","M","R","BOSS","M","?","$","M","M","R","E","?"],"build_version":"2019-04-04","purchased_purges":1,"victory":false,"max_hp_per_floor":[71,71,71,71,71,71,71,71,71,71,71,71,71,71,71,71,71,71,71,71,71,71,71,71,71],"card_choices":[{"not_picked":["Ball Lightning","Conserve Battery"],"picked":"Self Repair","floor":1.0},{"not_picked":["Storm","Rebound"],"picked":"Leap","floor":2.0},{"not_picked":["Stack","Cold Snap"],"picked":"White Noise","floor":4.0},{"not_picked":["Beam Cell","Static Discharge"],"picked":"Sunder","floor":7.0},{"not_picked":["Rebound","Barrage","Go for the Eyes"],"picked":"SKIP","floor":8.0},{"not_picked":["Stack","Fusion"],"picked":"Seek","floor":11.0},{"not_picked":["Seek","Beam Cell"],"picked":"Storm","floor":13.0},{"not_picked":["Go for the Eyes","Compile Driver"],"picked":"Consume","floor":14.0},{"not_picked":["Rainbow","Fission"],"picked":"Buffer","floor":16.0},{"not_picked":["Barrage","Beam Cell"],"picked":"White Noise","floor":18.0},{"not_picked":["Conserve Battery","Turbo"],"picked":"Leap","floor":21.0},{"not_picked":["Go for the Eyes","Undo"],"picked":"Cold Snap","floor":22.0},{"not_picked":["Loop","Static Discharge","Reinforced Body"],"picked":"SKIP","floor":24.0}],"player_experience":1076238,"relics_obtained":[{"floor":9.0,"key":"Bird Faced Urn"},{"floor":13.0,"key":"Unceasing Top"},{"floor":24.0,"key":"StoneCalendar"}],"event_choices":[{"cards_removed":["Strike_B"],"damage_healed":0.0,"max_hp_gain":0.0,"max_hp_loss":0.0,"gold_gain":0.0,"event_name":"Golden Wing","player_choice":"Card Removal","floor":3.0,"gold_loss":0.0,"damage_taken":7.0},{"damage_healed":0.0,"max_hp_gain":0.0,"max_hp_loss":0.0,"gold_gain":0.0,"event_name":"Accursed Blacksmith","player_choice":"Rummage","floor":5.0,"gold_loss":0.0,"damage_taken":0.0,"relics_obtained":["WarpedTongs"],"cards_obtained":["Pain"]},{"damage_healed":0.0,"max_hp_gain":0.0,"max_hp_loss":0.0,"gold_gain":0.0,"event_name":"FaceTrader","player_choice":"Trade","floor":19.0,"gold_loss":0.0,"damage_taken":0.0,"relics_obtained":["CultistMask"]}],"is_beta":true,"boss_relics":[{"not_picked":["Runic Dome","Cursed Key"],"picked":"Inserter"}],"items_purged_floors":[6],"is_endless":false,"potions_floor_spawned":[2,7,11,14,16,22],"killed_by":"Chosen and Byrds","ascension_level":20}