{"gold_per_floor":[119,119,138,158,0,0,32,51,102,112,140,140,156,185,185,263,263,278,278,278,44,62,88,88,112,164,195,211,211,242,253,253,332,332,346,30,49,149,159,193,205,205,205,7,7,7,32,0,12,24,36],"floor_reached":52,"playtime":3450,"items_purged":["Strike_B"],"score":2076,"play_id":"69d72a7f-94e4-4940-a0e1-c525f363769f","local_time":"20190412201806","is_ascension_mode":true,"campfire_choices":[{"data":"Biased Cognition","floor":6.0,"key":"SMITH"},{"floor":12.0,"key":"REST"},{"data":"Genetic Algorithm","floor":15.0,"key":"SMITH"},{"floor":24.0,"key":"REST"},{"floor":29.0,"key":"REST"},{"floor":32.0,"key":"REST"},{"floor":45,"key":"REST"},{"floor":49,"key":"REST"}],"neow_cost":"NONE","seed_source_timestamp":20010157023187,"circlet_count":0,"master_deck":["AscendersBane","Strike_B","Strike_B","Strike_B","Defend_B","Defend_B","Defend_B","Defend_B","Zap","Dualcast","Gash","Coolheaded","Leap","Biased Cognition+1","Electrodynamics","Cold Snap","Capacitor","Compile Driver","Hologram","Genetic Algorithm+1","Core Surge","Conserve Battery+1","RitualDagger","Doom and Gloom","FTL+1","Biased Cognition","Meteor Strike+1","Hologram+1","Glacier","Sweeping Beam+1","Genetic Algorithm","Machine Learning","Secret Technique","Madness","Blind","Self Repair"],"special_seed":0,"relics":["Cracked Core","NeowsBlessing","Cables","Bottled Lightning","Gremlin Horn","Ornamental Fan","Fusion Hammer","PreservedInsect","Strawberry","Orichalcum","Dead Branch","Molten Egg 2","Cursed Key","Gambling Chip","Thread and Needle","Blood Vial","Lantern","MawBank","Red Mask"],"potions_floor_usage":[51,51],"damage_taken":[{"damage":0.0,"enemies":"Cultist","floor":1.0,"turns":1.0},{"damage":0.0,"enemies":"Jaw Worm","floor":3.0,"turns":1.0},{"damage":0.0,"enemies":"2 Louse","floor":4.0,"turns":1.0},{"damage":9.0,"enemies":"3 Sentries","floor":7.0,"turns":12.0},{"damage":4.0,"enemies":"Exordium Wildlife","floor":8.0,"turns":3.0},{"damage":30.0,"enemies":"Gremlin Gang","floor":10.0,"turns":3.0},{"damage":8.0,"enemies":"Lagavulin","floor":11.0,"turns":6.0},{"damage":6.0,"enemies":"Exordium Thugs","floor":13.0,"turns":3.0},{"damage":8.0,"enemies":"Gremlin Nob","floor":14.0,"turns":3.0},{"damage":23.0,"enemies":"The Guardian","floor":16.0,"turns":13.0},{"damage":1.0,"enemies":"Chosen","floor":18.0,"turns":4.0},{"damage":20.0,"enemies":"2 Thieves","floor":22.0,"turns":3.0},{"damage":10.0,"enemies":"Book of Stabbing","floor":23.0,"turns":6.0},{"damage":47.0,"enemies":"Slavers","floor":27.0,"turns":4.0},{"damage":0.0,"enemies":"Shelled Parasite and Fungi","floor":28.0,"turns":6.0},{"damage":0.0,"enemies":"Gremlin Leader","floor":30.0,"turns":4.0},{"damage":0.0,"enemies":"Sentry and Sphere","floor":31.0,"turns":5.0},{"damage":38.0,"enemies":"Automaton","floor":33.0,"turns":11.0},{"damage":5.0,"enemies":"Orb Walker","floor":35.0,"turns":5.0},{"damage":0.0,"enemies":"3 Darklings","floor":37.0,"turns":3.0},{"damage":0.0,"enemies":"Mind Bloom Boss Battle","floor":38.0,"turns":5.0},{"damage":0.0,"enemies":"Writhing Mass","floor":39.0,"turns":8.0},{"damage":0.0,"enemies":"Reptomancer","floor":40.0,"turns":5.0},{"damage":0.0,"enemies":"Spire Growth","floor":41.0,"turns":5.0},{"damage":8,"enemies":"Nemesis","floor":47,"turns":5},{"damage":36,"enemies":"Donu and Deca","floor":50,"turns":9},{"damage":48,"enemies":"Awakened One","floor":51,"turns":18}],"seed_played":"-4197989426029421384","potions_obtained":[{"floor":7.0,"key":"SteroidPotion"},{"floor":10.0,"key":"Strength Potion"},{"floor":13.0,"key":"Fruit Juice"},{"floor":14.0,"key":"Dexterity Potion"},{"floor":18.0,"key":"SteroidPotion"},{"floor":30.0,"key":"AttackPotion"},{"floor":33.0,"key":"Regen Potion"}],"is_trial":false,"path_per_floor":["M","T","M","M","$","R","E","M","T","M","E","R","M","E","R","B",null,"M","?","?","$","M","E","R","T","T","E","M","R","E","M","R","B",null,"M","$","M","?","M","E","M","?","T","$","R","$","E","?","R","B","B",null],"character_chosen":"DEFECT","items_purchased":["Biased Cognition","FocusPotion","Doom and Gloom","Gambling Chip","Self Repair","Lantern"],"campfire_rested":6,"item_purchase_floors":[5,21,21,36,44,44],"current_hp_per_floor":[64,64,64,64,64,64,55,51,51,21,13,34,28,25,25,2,58,57,57,51,51,31,21,43,50,50,3,3,27,27,27,51,13,66,61,61,61,61,61,61,63,53,53,53,77,77,71,71,83,54,23],"gold":48,"neow_bonus":"THREE_ENEMY_KILL","is_prod":false,"is_daily":false,"chose_seed":false,"campfire_upgraded":2,"win_rate":0,"timestamp":1555093086,"path_taken":["M","?","M","?","?","R","E","?","T","M","E","R","M","E","R","BOSS","M","?","?","?","?","E","R","?","T","E","M","R","E","M","R","BOSS","M","$","M","?","M","E","M","?","T","$","R","$","E","?","R","BOSS","BOSS"],"build_version":"2019-04-04","purchased_purges":1,"victory":true,"max_hp_per_floor":[71,71,71,71,71,71,71,71,71,71,71,71,71,76,76,76,76,76,76,76,76,76,76,76,83,83,83,83,83,83,83,83,83,83,83,83,83,83,83,83,83,83,83,83,83,83,83,83,83,83,83],"card_choices":[{"not_picked":["Compile Driver","Go for the Eyes"],"picked":"Gash","floor":1.0},{"not_picked":["Darkness","Compile Driver"],"picked":"Coolheaded","floor":3.0},{"not_picked":["Tempest","Turbo"],"picked":"Leap","floor":4.0},{"not_picked":["Compile Driver","Turbo"],"picked":"Electrodynamics","floor":7.0},{"not_picked":["Steam","Redo"],"picked":"Cold Snap","floor":8.0},{"not_picked":["Force Field","Cold Snap"],"picked":"Capacitor","floor":10.0},{"not_picked":["Barrage","Fusion"],"picked":"Compile Driver","floor":11.0},{"not_picked":["Heatsinks","Compile Driver"],"picked":"Hologram","floor":13.0},{"not_picked":["Lockon","Coolheaded"],"picked":"Genetic Algorithm","floor":14.0},{"not_picked":["Electrodynamics","Fission"],"picked":"Core Surge","floor":16.0},{"not_picked":["White Noise","Leap"],"picked":"Conserve Battery+1","floor":18.0},{"not_picked":["Turbo","Barrage","Force Field"],"picked":"SKIP","floor":22.0},{"not_picked":["Beam Cell","Compile Driver","Sweeping Beam"],"picked":"SKIP","floor":23.0},{"not_picked":["Cold Snap+1","Tempest"],"picked":"FTL+1","floor":27.0},{"not_picked":["Lockon","Hello World","Coolheaded"],"picked":"SKIP","floor":28.0},{"not_picked":["Leap","Doom and Gloom"],"picked":"Biased Cognition","floor":30.0},{"not_picked":["Coolheaded","Undo","Stack"],"picked":"SKIP","floor":31.0},{"not_picked":["Multi-Cast","Reboot"],"picked":"Meteor Strike+1","floor":33.0},{"not_picked":["Beam Cell+1","Cold Snap+1"],"picked":"Hologram+1","floor":35.0},{"not_picked":["Leap","Coolheaded"],"picked":"Glacier","floor":37.0},{"not_picked":["Beam Cell+1","Steam"],"picked":"Sweeping Beam+1","floor":39.0},{"not_picked":["Force Field","Genetic Algorithm","Rebound+1"],"picked":"SKIP","floor":40.0},{"not_picked":["Force Field","Rebound+1"],"picked":"Genetic Algorithm","floor":40.0},{"not_picked":["Conserve Battery+1","Barrage+1"],"picked":"Machine Learning","floor":41.0},{"not_picked":["Madness","Deep Breath"],"picked":"Secret Technique","floor":42.0},{"not_picked":["Mayhem","Flash of Steel+1"],"picked":"Madness","floor":42.0},{"not_picked":["Good Instincts","Impatience"],"picked":"Blind","floor":42.0},{"not_picked":["Steam","Turbo+1","Sweeping Beam+1"],"picked":"SKIP","floor":47}],"player_experience":1110743,"relics_obtained":[{"floor":2.0,"key":"Cables"},{"floor":7.0,"key":"Bottled Lightning"},{"floor":11.0,"key":"Gremlin Horn"},{"floor":14.0,"key":"Ornamental Fan"},{"floor":23.0,"key":"PreservedInsect"},{"floor":25.0,"key":"Strawberry"},{"floor":26.0,"key":"Orichalcum"},{"floor":27.0,"key":"Dead Branch"},{"floor":30.0,"key":"Molten Egg 2"},{"floor":38.0,"key":"Thread and Needle"},{"floor":40.0,"key":"Blood Vial"},{"floor":47,"key":"MawBank"}],"event_choices":[{"damage_healed":0.0,"max_hp_gain":0.0,"max_hp_loss":0.0,"gold_gain":0.0,"event_name":"Cursed Tome","player_choice":"Ignored","floor":19.0,"gold_loss":0.0,"damage_taken":0.0},{"damage_healed":0.0,"max_hp_gain":0.0,"max_hp_loss":0.0,"gold_gain":0.0,"event_name":"Nest","player_choice":"Joined the Cult","floor":20.0,"gold_loss":0.0,"damage_taken":6.0,"cards_obtained":["RitualDagger"]},{"damage_healed":0.0,"max_hp_gain":0.0,"max_hp_loss":0.0,"gold_gain":0.0,"event_name":"MindBloom","player_choice":"Fight","floor":38.0,"gold_loss":0.0,"damage_taken":0.0},{"damage_healed":0.0,"max_hp_gain":0.0,"max_hp_loss":0.0,"gold_gain":0.0,"event_name":"SensoryStone","player_choice":"Memory 3","floor":42.0,"gold_loss":0.0,"damage_taken":10.0},{"damage_healed":0,"gold_gain":0,"player_choice":"Paid","damage_taken":0,"relics_obtained":["Red Mask"],"max_hp_gain":0,"max_hp_loss":0,"event_name":"Tomb of Lord Red Mask","floor":48,"gold_loss":44}],"is_beta":true,"boss_relics":[{"not_picked":["Astrolabe","Busted Crown"],"picked":"Fusion Hammer"},{"not_picked":["Calling Bell","Coffee Dripper"],"picked":"Cursed Key"}],"items_purged_floors":[21],"is_endless":false,"potions_floor_spawned":[7,10,13,14,18,23,30,33,38,47],"ascension_level":20}