{"gold_per_floor":[113,23,34,34,54,54,67,67,91,10,10,20,42,60,60,162,162,179,179,193,72,88,88,108,108,186,186,206,226,143,160,160,265,265,278,297,13,32,32,32,32,32,86,36,436,436,436,450,450,450],"floor_reached":51,"playtime":2629,"items_purged":["Strike_B","Strike_B","Strike_B","Writhe"],"score":689,"play_id":"ab5e55ab-e951-43fd-aa3b-59358223dafe","local_time":"20190118160016","is_ascension_mode":false,"campfire_choices":[{"data":"Defragment","floor":6.0,"key":"SMITH"},{"data":"Dualcast","floor":8.0,"key":"SMITH"},{"data":"Redo","floor":15.0,"key":"SMITH"},{"data":"Go for the Eyes","floor":23.0,"key":"SMITH"},{"data":"Coolheaded","floor":25.0,"key":"SMITH"},{"data":"Stack","floor":27.0,"key":"SMITH"},{"data":"Conserve Battery","floor":32.0,"key":"SMITH"},{"data":"Defend_B","floor":40.0,"key":"SMITH"},{"data":"Ball Lightning","floor":42.0,"key":"SMITH"},{"data":"Multi-Cast","floor":47.0,"key":"SMITH"},{"data":"Turbo","floor":49.0,"key":"SMITH"}],"neow_cost":"PERCENT_DAMAGE","seed_source_timestamp":0,"circlet_count":0,"master_deck":["Defend_B","Defend_B","Defend_B","Zap+1","Dualcast+1","Coolheaded+1","Defragment+1","Conserve Battery+1","Ball Lightning+1","Capacitor","Ball Lightning","Redo+1","Multi-Cast+1","Stack+1","Go for the Eyes+1","Self Repair","FTL+1","Turbo+1","Leap+1","Buffer+1","Storm+1","Heatsinks+1","Biased Cognition+1","Core Surge","Defragment+1","Sweeping Beam+1"],"special_seed":0,"relics":["Cracked Core","Torii","Smiling Mask","Lantern","Odd Mushroom","Nuclear Battery","Frozen Egg 2","Sozu","DataDisk","Old Coin","Dream Catcher"],"potions_floor_usage":[],"damage_taken":[{"damage":1.0,"enemies":"Jaw Worm","floor":1.0,"turns":4.0},{"damage":0.0,"enemies":"Cultist","floor":3.0,"turns":3.0},{"damage":2.0,"enemies":"Small Slimes","floor":5.0,"turns":4.0},{"damage":2.0,"enemies":"Gremlin Gang","floor":7.0,"turns":5.0},{"damage":0.0,"enemies":"Blue Slaver","floor":12.0,"turns":2.0},{"damage":2.0,"enemies":"The Mushroom Lair","floor":13.0,"turns":4.0},{"damage":1.0,"enemies":"2 Fungi Beasts","floor":14.0,"turns":3.0},{"damage":11.0,"enemies":"The Guardian","floor":16.0,"turns":9.0},{"damage":8.0,"enemies":"Shell Parasite","floor":18.0,"turns":6.0},{"damage":10.0,"enemies":"3 Byrds","floor":20.0,"turns":4.0},{"damage":8.0,"enemies":"Snake Plant","floor":22.0,"turns":4.0},{"damage":11.0,"enemies":"Centurion and Healer","floor":24.0,"turns":6.0},{"damage":13.0,"enemies":"3 Cultists","floor":28.0,"turns":5.0},{"damage":4.0,"enemies":"Shelled Parasite and Fungi","floor":29.0,"turns":7.0},{"damage":3.0,"enemies":"Cultist and Chosen","floor":31.0,"turns":5.0},{"damage":30.0,"enemies":"Collector","floor":33.0,"turns":10.0},{"damage":14.0,"enemies":"Orb Walker","floor":35.0,"turns":4.0},{"damage":7.0,"enemies":"3 Darklings","floor":36.0,"turns":4.0},{"damage":31.0,"enemies":"Jaw Worm Horde","floor":38.0,"turns":5.0},{"damage":0.0,"enemies":"Mind Bloom Boss Battle","floor":45.0,"turns":3.0},{"damage":6.0,"enemies":"4 Shapes","floor":48.0,"turns":3.0},{"damage":55,"enemies":"Donu and Deca","floor":50,"turns":8}],"seed_played":"-497135725227913158","potions_obtained":[{"floor":3.0,"key":"EntropicBrew"},{"floor":7.0,"key":"LiquidBronze"},{"floor":12.0,"key":"LiquidBronze"},{"floor":16.0,"key":"Weak Potion"}],"is_trial":false,"path_per_floor":["M","?","M","?","M","R","M","R","T","$","?","M","?","M","R","B",null,"M","?","M","$","M","R","M","R","T","R","M","M","$","M","R","B",null,"M","M","$","M","?","R","?","R","T","$","?","T","R","M","R","B",null],"character_chosen":"DEFECT","items_purchased":["Capacitor","Self Repair","Storm+1","Core Surge","Defragment+1"],"campfire_rested":0,"item_purchase_floors":[10,21,30,37,37],"current_hp_per_floor":[53,53,53,53,51,51,49,49,49,49,49,49,47,46,46,35,75,67,67,57,57,56,56,52,52,52,52,46,49,49,53,53,30,75,68,68,68,44,63,63,63,63,63,63,70,70,70,64,64,16],"gold":450,"neow_bonus":"ONE_RARE_RELIC","is_prod":false,"is_daily":false,"chose_seed":false,"campfire_upgraded":11,"win_rate":0,"timestamp":1547798416,"path_taken":["M","?","?","?","M","R","M","R","T","?","?","?","?","M","R","BOSS","M","?","?","$","M","R","M","R","T","R","M","M","$","M","R","BOSS","M","M","?","?","?","R","?","R","T","$","?","?","R","M","R","BOSS"],"build_version":"2019-01-17","purchased_purges":4,"victory":true,"max_hp_per_floor":[75,75,75,75,75,75,75,75,75,75,75,75,75,75,75,75,75,75,75,75,75,75,75,75,75,75,75,75,75,75,75,75,75,75,75,75,75,75,75,75,75,75,75,75,75,75,75,75,75,75],"card_choices":[{"not_picked":["Barrage","White Noise"],"picked":"Coolheaded","floor":1.0},{"not_picked":["Steam","Barrage"],"picked":"Defragment","floor":3.0},{"not_picked":["Compile Driver","Turbo"],"picked":"Conserve Battery","floor":5.0},{"not_picked":["Conserve Battery","Buffer"],"picked":"Ball Lightning","floor":7.0},{"not_picked":["Coolheaded","Steam","Hologram"],"picked":"SKIP","floor":12.0},{"not_picked":["Compile Driver","Darkness"],"picked":"Ball Lightning","floor":13.0},{"not_picked":["Darkness","Steam"],"picked":"Redo","floor":14.0},{"not_picked":["Meteor Strike","Fission"],"picked":"Multi-Cast","floor":16.0},{"not_picked":["Coolheaded","Turbo"],"picked":"Stack","floor":18.0},{"not_picked":["Cold Snap","Sweeping Beam+1"],"picked":"Go for the Eyes","floor":20.0},{"not_picked":["Tempest","Turbo"],"picked":"FTL+1","floor":22.0},{"not_picked":["Compile Driver","Streamline"],"picked":"Turbo","floor":24.0},{"not_picked":["Steam+1","Gash"],"picked":"Leap+1","floor":28.0},{"not_picked":["Streamline+1","Skim"],"picked":"Buffer+1","floor":29.0},{"not_picked":["Stack","Go for the Eyes"],"picked":"Heatsinks+1","floor":31.0},{"not_picked":["All For One","Reboot"],"picked":"Biased Cognition+1","floor":33.0},{"not_picked":["Beam Cell+1","BootSequence","Recycle+1"],"picked":"SKIP","floor":35.0},{"not_picked":["Heatsinks+1","Go for the Eyes+1","Coolheaded+1"],"picked":"SKIP","floor":36.0},{"not_picked":["Compile Driver+1","Gash","Streamline"],"picked":"SKIP","floor":38.0},{"not_picked":["Cold Snap+1","Fission"],"picked":"Sweeping Beam+1","floor":45.0},{"not_picked":["Stack+1","Steam","Leap+1"],"picked":"SKIP","floor":48.0}],"player_experience":101756,"relics_obtained":[{"floor":9.0,"key":"Lantern"},{"floor":13.0,"key":"Odd Mushroom"},{"floor":26.0,"key":"Frozen Egg 2"},{"floor":43.0,"key":"DataDisk"},{"floor":45.0,"key":"Old Coin"},{"floor":46.0,"key":"Dream Catcher"}],"event_choices":[{"damage_healed":0.0,"max_hp_gain":0.0,"max_hp_loss":0.0,"gold_gain":0.0,"event_name":"WeMeetAgain","player_choice":"Paid Gold","floor":2.0,"gold_loss":90.0,"damage_taken":0.0,"relics_obtained":["Smiling Mask"]},{"cards_removed":["Strike_B"],"damage_healed":0.0,"max_hp_gain":0.0,"max_hp_loss":0.0,"gold_gain":0.0,"event_name":"Bonfire Elementals","player_choice":"Offered Basic","floor":4.0,"gold_loss":0.0,"damage_taken":0.0},{"damage_healed":0.0,"max_hp_gain":0.0,"max_hp_loss":0.0,"gold_gain":0.0,"event_name":"Upgrade Shrine","player_choice":"Upgraded","floor":11.0,"gold_loss":0.0,"damage_taken":0.0,"cards_upgraded":["Zap"]},{"damage_healed":0.0,"max_hp_gain":0.0,"max_hp_loss":0.0,"gold_gain":0.0,"event_name":"Mushrooms","player_choice":"Fought Mushrooms","floor":13.0,"gold_loss":0.0,"damage_taken":0.0},{"damage_healed":0.0,"max_hp_gain":0.0,"max_hp_loss":0.0,"gold_gain":0.0,"event_name":"NoteForYourself","player_choice":"Ignored","floor":19.0,"gold_loss":0.0,"damage_taken":0.0},{"damage_healed":19.0,"max_hp_gain":0.0,"max_hp_loss":0.0,"gold_gain":0.0,"event_name":"Winding Halls","player_choice":"Writhe","floor":39.0,"gold_loss":0.0,"damage_taken":0.0,"cards_obtained":["Writhe"]},{"cards_removed":["Defend_B"],"damage_healed":0.0,"max_hp_gain":0.0,"max_hp_loss":0.0,"gold_gain":0.0,"event_name":"Falling","player_choice":"Removed Skill","floor":41.0,"gold_loss":0.0,"damage_taken":0.0},{"damage_healed":0.0,"max_hp_gain":0.0,"max_hp_loss":0.0,"gold_gain":0.0,"event_name":"MindBloom","player_choice":"Fight","floor":45.0,"gold_loss":0.0,"damage_taken":0.0}],"is_beta":false,"boss_relics":[{"not_picked":["Snecko Eye","Eternal Feather"],"picked":"Nuclear Battery"},{"not_picked":["Runic Pyramid","Runic Dome"],"picked":"Sozu"}],"items_purged_floors":[21,30,37,44],"is_endless":false,"potions_floor_spawned":[3,7,12,16,20,29,31,35,45],"ascension_level":0}