{"gold_per_floor":[17,28,28,28,178,178,193,223,223,223,16,16,16,34,34,124,124,124],"floor_reached":18,"playtime":478,"items_purged":["Doubt"],"score":296,"play_id":"0298d990-3406-44bd-b601-e7b0f5f081e1","local_time":"20190409062606","is_ascension_mode":true,"campfire_choices":[{"data":"Zap","floor":6,"key":"SMITH"},{"data":"Buffer","floor":10,"key":"SMITH"},{"data":"Doom and Gloom","floor":13,"key":"SMITH"},{"data":"Rip and Tear","floor":15,"key":"SMITH"}],"neow_cost":"NO_GOLD","seed_source_timestamp":49062397270267,"circlet_count":0,"master_deck":["AscendersBane","Strike_B","Strike_B","Strike_B","Strike_B","Defend_B","Defend_B","Defend_B","Defend_B","Zap+1","Dualcast","Reinforced Body","Gash","Rip and Tear+1","Buffer+1","Meteor Strike","Doom and Gloom+1","Compile Driver","Electrodynamics"],"relics":["Cracked Core","Bird Faced Urn","Pantograph","Odd Mushroom","Smiling Mask","Golden Idol","Runic Pyramid"],"potions_floor_usage":[],"damage_taken":[{"damage":1,"enemies":"Cultist","floor":1,"turns":3},{"damage":6,"enemies":"2 Louse","floor":2,"turns":3},{"damage":2,"enemies":"Small Slimes","floor":7,"turns":4},{"damage":24,"enemies":"The Mushroom Lair","floor":8,"turns":5},{"damage":3,"enemies":"2 Fungi Beasts","floor":14,"turns":3},{"damage":34,"enemies":"Slime Boss","floor":16,"turns":10},{"damage":13,"enemies":"Shell Parasite","floor":18,"turns":4}],"seed_played":"885473449014672405","potions_obtained":[{"floor":1,"key":"Weak Potion"},{"floor":8,"key":"Dexterity Potion"},{"floor":16,"key":"FocusPotion"}],"is_trial":false,"path_per_floor":["M","M","?","$","?","R","M","?","T","R","$","?","R","M","R","B",null,"M"],"character_chosen":"DEFECT","items_purchased":["Meteor Strike","Doom and Gloom"],"campfire_rested":0,"item_purchase_floors":[11,11],"current_hp_per_floor":[63,57,57,57,57,57,55,31,31,31,31,31,31,28,28,21,53,44],"gold":124,"neow_bonus":"ONE_RARE_RELIC","is_prod":false,"is_daily":false,"chose_seed":false,"campfire_upgraded":4,"win_rate":0,"timestamp":1554783966,"path_taken":["M","?","?","?","?","R","M","?","T","R","$","?","R","M","R","BOSS","M"],"build_version":"2019-04-04","purchased_purges":1,"victory":false,"max_hp_per_floor":[71,71,71,71,71,71,71,71,71,71,71,64,64,64,64,64,64,64],"card_choices":[{"not_picked":["Hologram","Beam Cell"],"picked":"Reinforced Body","floor":1},{"not_picked":["Leap","Rebound"],"picked":"Gash","floor":2},{"not_picked":["Hologram","Compile Driver"],"picked":"Rip and Tear","floor":7},{"not_picked":["Rebound","Streamline"],"picked":"Buffer","floor":8},{"not_picked":["Beam Cell","Compile Driver","Redo"],"picked":"SKIP","floor":14},{"not_picked":["Beam Cell","Redo"],"picked":"Compile Driver","floor":14},{"not_picked":["Seek","Multi-Cast"],"picked":"Electrodynamics","floor":16}],"player_experience":1091044,"relics_obtained":[{"floor":8,"key":"Odd Mushroom"},{"floor":9,"key":"Smiling Mask"}],"event_choices":[{"damage_healed":0,"gold_gain":0,"player_choice":"Gave Potion","damage_taken":0,"relics_obtained":["Pantograph"],"max_hp_gain":0,"max_hp_loss":0,"event_name":"WeMeetAgain","floor":3,"gold_loss":0},{"damage_healed":0,"gold_gain":150,"player_choice":"AGREE","damage_taken":0,"max_hp_gain":0,"max_hp_loss":0,"event_name":"Liars Game","floor":5,"gold_loss":0,"cards_obtained":["Doubt"]},{"damage_healed":0,"gold_gain":0,"player_choice":"Fought Mushrooms","damage_taken":0,"max_hp_gain":0,"max_hp_loss":0,"event_name":"Mushrooms","floor":8,"gold_loss":0},{"damage_healed":0,"gold_gain":0,"player_choice":"Lose Max HP","damage_taken":0,"relics_obtained":["Golden Idol"],"max_hp_gain":0,"max_hp_loss":7,"event_name":"Golden Idol","floor":12,"gold_loss":0}],"is_beta":true,"boss_relics":[{"not_picked":["Lizard Tail","Coffee Dripper"],"picked":"Runic Pyramid"}],"items_purged_floors":[11],"is_endless":false,"potions_floor_spawned":[1,8,16],"killed_by":"Shell Parasite","ascension_level":20}