{"path_per_floor":["M","?","M","$","?","R","E","$","T","?","?","M","R","$","R","B",null,"M","M","$","?","?","R","?","R","T","?","R","M","M","$","R","B",null,"M","T","M","?","?","M","M","R","T","$","M","?","R","$","R","B"],"character_chosen":"THE_SILENT","items_purchased":["Frozen Egg 2","Noxious Fumes","Lantern"],"gold_per_floor":[364,364,384,60,60,60,85,10,10,10,185,195,195,95,95,196,196,182,202,77,77,77,77,77,77,77,77,77,97,111,111,111,207,207,218,218,236,236,236,251,270,270,294,1,19,0,0,0,0,0],"floor_reached":51,"campfire_rested":7,"playtime":1592,"item_purchase_floors":[4,4,44],"current_hp_per_floor":[63,68,68,68,54,54,30,30,30,30,30,29,51,51,73,29,64,36,32,32,32,32,38,38,66,66,66,72,59,11,11,39,7,58,42,42,25,25,25,23,23,51,51,51,16,16,44,44,72,34],"items_purged":["Strike_G","Strike_G","Strike_G","Doubt"],"gold":0,"score":875,"play_id":"5abfef1f-630c-4f86-a985-cacffee650b0","local_time":"20180617235407","is_prod":false,"is_daily":false,"chose_seed":false,"is_ascension_mode":true,"campfire_upgraded":3,"win_rate":0,"timestamp":1529272447,"campfire_choices":[{"data":"Deadly Poison","floor":6,"key":"SMITH"},{"floor":13,"key":"REST"},{"floor":15,"key":"REST"},{"data":"Burst","floor":23,"key":"SMITH"},{"floor":25,"key":"REST"},{"data":"Malaise","floor":28,"key":"SMITH"},{"floor":32,"key":"REST"},{"floor":42,"key":"REST"},{"floor":47,"key":"REST"},{"floor":49,"key":"REST"}],"path_taken":["M","?","M","$","?","R","E","$","T","?","?","M","R","?","R","BOSS","M","M","$","?","?","R","?","R","T","?","R","M","M","?","R","BOSS","M","?","M","?","?","M","M","R","T","$","M","?","R","$","R","BOSS"],"build_version":"2018-06-14v2","seed_source_timestamp":316727658427863,"purchased_purges":4,"victory":true,"master_deck":["Defend_G+1","Defend_G+1","Defend_G+1","Defend_G+1","Defend_G+1","Strike_G+1","Strike_G+1","Survivor","Neutralize+1","Poisoned Stab","Deadly Poison+1","Noxious Fumes+1","Burst+1","Blur+1","Malaise+1","Noxious Fumes+1","Adrenaline","Footwork+1"],"max_hp_per_floor":[63,68,68,68,68,68,75,75,75,75,75,75,75,75,75,75,75,75,75,75,75,75,75,75,75,75,75,75,75,75,75,75,75,75,75,75,75,75,75,75,75,75,75,75,75,75,75,75,75,75],"special_seed":0,"relics":["Ring of the Snake","Frozen Egg 2","Strawberry","Juzu Bracelet","Eternal Feather","Bottled Flame","Velvet Choker","Tough Bandages","Matryoshka","Art of War","Orichalcum","Lantern","Red Mask"],"card_choices":[{"not_picked":["Accuracy","Deflect"],"picked":"Poisoned Stab","floor":1.0},{"not_picked":["Bane","Dodge and Roll"],"picked":"Deadly Poison","floor":3.0},{"not_picked":["Flechettes","Poisoned Stab","Glass Knife"],"picked":"SKIP","floor":7},{"not_picked":["Quick Slash","Acrobatics","Backstab"],"picked":"SKIP","floor":12},{"not_picked":["Envenom+1","Night Terror"],"picked":"Burst","floor":16},{"not_picked":["Reflex","Flying Knee","Backflip"],"picked":"SKIP","floor":18},{"not_picked":["Sucker Punch","Quick Slash+1"],"picked":"Blur","floor":19},{"not_picked":["Masterful Stab+1","Cloak And Dagger"],"picked":"Noxious Fumes+1","floor":29},{"not_picked":["Masterful Stab","Prepared","Acrobatics"],"picked":"SKIP","floor":30},{"not_picked":["Glass Knife","Tactician"],"picked":"Adrenaline","floor":33},{"not_picked":["Quick Slash","Cloak And Dagger"],"picked":"Footwork+1","floor":35},{"not_picked":["Poisoned Stab","Caltrops+1","Acrobatics"],"picked":"SKIP","floor":37},{"not_picked":["All Out Attack+1","Cloak And Dagger","Backflip"],"picked":"SKIP","floor":40},{"not_picked":["Masterful Stab","Cloak And Dagger+1","Corpse Explosion"],"picked":"SKIP","floor":41},{"not_picked":["Skewer+1","Well Laid Plans+1","Sucker Punch"],"picked":"SKIP","floor":45}],"player_experience":289381,"potions_floor_usage":[7,16,33,33,35,50,50],"damage_taken":[{"damage":0.0,"enemies":"2 Louse","floor":1.0,"turns":3.0},{"damage":0.0,"enemies":"Small Slimes","floor":3.0,"turns":2.0},{"damage":31,"enemies":"Gremlin Nob","floor":7,"turns":4},{"damage":1,"enemies":"Cultist","floor":12,"turns":3},{"damage":44,"enemies":"Slime Boss","floor":16,"turns":10},{"damage":28,"enemies":"2 Thieves","floor":18,"turns":4},{"damage":4,"enemies":"Shell Parasite","floor":19,"turns":5},{"damage":13,"enemies":"Centurion and Healer","floor":29,"turns":9},{"damage":48,"enemies":"3 Cultists","floor":30,"turns":7},{"damage":32,"enemies":"Collector","floor":33,"turns":11},{"damage":16,"enemies":"3 Darklings","floor":35,"turns":5},{"damage":17,"enemies":"Flame Bruiser 1 Orb","floor":37,"turns":7},{"damage":2,"enemies":"Spire Growth","floor":40,"turns":7},{"damage":0,"enemies":"3 Darklings","floor":41,"turns":6},{"damage":35,"enemies":"Flame Bruiser 2 Orb","floor":45,"turns":7},{"damage":38,"enemies":"Time Eater","floor":50,"turns":15}],"relics_obtained":[{"floor":7,"key":"Strawberry"},{"floor":9,"key":"Juzu Bracelet"},{"floor":26,"key":"Bottled Flame"},{"floor":36,"key":"Tough Bandages"},{"floor":43,"key":"Art of War"},{"floor":43,"key":"Orichalcum"}],"event_choices":[{"event_name":"Big Fish","player_choice":"Donut","floor":2.0,"damage_taken":0.0},{"event_name":"Shining Light","player_choice":"Entered Light","floor":5,"damage_taken":0},{"event_name":"Accursed Blacksmith","player_choice":"Forge","floor":10,"damage_taken":0},{"event_name":"Liars Game","player_choice":"agreed","floor":11,"damage_taken":0},{"event_name":"The Mausoleum","player_choice":"No","floor":21,"damage_taken":0},{"event_name":"Back to Basics","player_choice":"Simplicity","floor":22,"damage_taken":0},{"event_name":"Ghosts","player_choice":"Ignored","floor":24,"damage_taken":0},{"event_name":"The Library","player_choice":"Read","floor":27,"damage_taken":0},{"event_name":"Upgrade Shrine","player_choice":"Upgraded","floor":38,"damage_taken":0},{"event_name":"Wheel of Change","player_choice":"Relic","floor":39,"damage_taken":0},{"event_name":"Tomb of Lord Red Mask","player_choice":"Paid","floor":46,"damage_taken":0}],"boss_relics":[{"not_picked":["Coffee Dripper","Snecko Eye"],"picked":"Eternal Feather"},{"not_picked":["Lizard Tail","Astrolabe"],"picked":"Velvet Choker"}],"items_purged_floors":[8,14,20,44],"is_endless":false,"potions_floor_spawned":[1,12,18,29,30,37,40,45],"seed_played":"3545198965930705578","ascension_level":8,"potions_obtained":[{"floor":1.0,"key":"Ancient Potion"},{"floor":12,"key":"AttackPotion"},{"floor":18,"key":"Fire Potion"},{"floor":29,"key":"Explosive Potion"},{"floor":30,"key":"SpeedPotion"},{"floor":37,"key":"LiquidBronze"},{"floor":40,"key":"Strength Potion"},{"floor":45,"key":"SteroidPotion"}],"is_trial":false}