{"path_per_floor":["M","M","?","?","$","R","E","R","T","R","?","M","M","?","R","B",null,"M","$","M","$","M","R","E","R","T","R","E","R","M","E","R"],"character_chosen":"IRONCLAD","items_purchased":["Rampage","Metallicize","Shrug It Off","Bronze Scales"],"gold_per_floor":[109,127,127,302,152,152,181,181,181,181,181,199,218,218,218,322,322,340,165,176,30,43,43,75,75,75,75,109,109,128,156,156,156],"floor_reached":33,"campfire_rested":7,"playtime":1318,"item_purchase_floors":[],"current_hp_per_floor":[72,68,52,52,52,52,36,60,70,70,70,70,43,48,76,47,83,51,51,23,23,15,43,9,37,37,65,36,65,47,7,38,0],"items_purged":["Doubt","Doubt"],"gold":156,"score":416,"play_id":"55f27d1d-f4ab-4ccd-8655-5a1ea2adffb6","local_time":"20180614213343","is_prod":false,"is_daily":false,"chose_seed":false,"is_ascension_mode":true,"campfire_upgraded":2,"win_rate":0,"timestamp":1529004823,"campfire_choices":[{"data":"Rampage","floor":6.0,"key":"SMITH"},{"floor":8.0,"key":"REST"},{"data":"Spot Weakness","floor":10.0,"key":"SMITH"},{"floor":15.0,"key":"REST"},{"floor":23.0,"key":"REST"},{"floor":25.0,"key":"REST"},{"floor":27.0,"key":"REST"},{"floor":29,"key":"REST"},{"floor":32,"key":"REST"}],"path_taken":["M","M","?","?","$","R","E","R","T","R","?","?","?","?","R","BOSS","M","$","M","$","M","R","E","R","T","R","E","R","M","E","R","BOSS"],"build_version":"2018-06-13v3","seed_source_timestamp":49325193505973,"purchased_purges":2,"victory":false,"master_deck":["Strike_R","Strike_R","Strike_R","Strike_R","Defend_R","Defend_R","Defend_R","Defend_R","Bash+1","Spot Weakness+1","Pommel Strike+1","Rampage+1","Shrug It Off","Metallicize","Reaper","Clumsy","Normality","Metallicize","Shrug It Off","Inflame","Searing Blow","Cleave+1"],"max_hp_per_floor":[80,80,80,80,80,80,80,80,90,90,90,90,90,95,95,95,95,95,95,95,95,95,95,95,95,95,95,97,97,99,99,101,101],"special_seed":0,"relics":["Lizard Tail","Mummified Hand","Pear","Calling Bell","Boot","Smiling Mask","Gambling Chip","Bronze Scales","Toxic Egg 2","Letter Opener","Singing Bowl","Dream Catcher"],"card_choices":[{"not_picked":["Pummel","Heavy Blade"],"picked":"Spot Weakness","floor":1.0},{"not_picked":["Thunderclap","Clothesline"],"picked":"Pommel Strike","floor":2.0},{"not_picked":["Second Wind","Combust","Bloodletting"],"picked":"SKIP","floor":7.0},{"not_picked":["Sever Soul","Iron Wave"],"picked":"Shrug It Off","floor":12.0},{"not_picked":["Heavy Blade","Perfected Strike"],"picked":"Metallicize","floor":13.0},{"not_picked":["Brutality","Exhume"],"picked":"Reaper","floor":16.0},{"not_picked":["Armaments","Headbutt+1","Flex"],"picked":"SKIP","floor":18.0},{"not_picked":["Bloodletting","Perfected Strike","Thunderclap"],"picked":"SKIP","floor":20.0},{"not_picked":["Anger+1","Heavy Blade"],"picked":"Inflame","floor":22.0},{"not_picked":["Offering","Power Through"],"picked":"Searing Blow","floor":24.0},{"not_picked":["Dual Wield+1","Wild Strike","Havoc+1"],"picked":"Singing Bowl","floor":28},{"not_picked":["Wild Strike","Second Wind+1","Searing Blow"],"picked":"Singing Bowl","floor":30},{"not_picked":["Berserk","Rupture"],"picked":"Cleave+1","floor":31},{"not_picked":["Armaments+1","Thunderclap+1","Searing Blow+1"],"picked":"Singing Bowl","floor":32}],"player_experience":247123,"potions_floor_usage":[28,31,33,33],"damage_taken":[{"damage":0.0,"enemies":"2 Louse","floor":1.0,"turns":4.0},{"damage":4.0,"enemies":"Jaw Worm","floor":2.0,"turns":5.0},{"damage":30.0,"enemies":"Lagavulin","floor":7.0,"turns":5.0},{"damage":0.0,"enemies":"Small Slimes","floor":12.0,"turns":2.0},{"damage":27.0,"enemies":"Exordium Wildlife","floor":13.0,"turns":5.0},{"damage":80.0,"enemies":"Slime Boss","floor":16.0,"turns":13.0},{"damage":32.0,"enemies":"Spheric Guardian","floor":18.0,"turns":6.0},{"damage":29.0,"enemies":"Chosen","floor":20.0,"turns":6.0},{"damage":20.0,"enemies":"Centurion and Healer","floor":22.0,"turns":9.0},{"damage":75.0,"enemies":"Gremlin Leader","floor":24.0,"turns":13.0},{"damage":35,"enemies":"Book of Stabbing","floor":28,"turns":5},{"damage":20,"enemies":"Snake Plant","floor":30,"turns":4},{"damage":65,"enemies":"Slavers","floor":31,"turns":6},{"damage":56,"enemies":"Champ","floor":33,"turns":10}],"relics_obtained":[{"floor":7.0,"key":"Mummified Hand"},{"floor":9.0,"key":"Pear"},{"floor":17.0,"key":"Boot"},{"floor":17.0,"key":"Smiling Mask"},{"floor":17.0,"key":"Gambling Chip"},{"floor":24.0,"key":"Toxic Egg 2"},{"floor":26.0,"key":"Letter Opener"},{"floor":28,"key":"Singing Bowl"},{"floor":31,"key":"Dream Catcher"}],"event_choices":[{"event_name":"Shining Light","player_choice":"Entered Light","floor":3.0,"damage_taken":0.0},{"event_name":"Liars Game","player_choice":"agreed","floor":4.0,"damage_taken":0.0},{"event_name":"Living Wall","player_choice":"Forget","floor":11.0,"damage_taken":0.0},{"event_name":"Big Fish","player_choice":"Donut","floor":14.0,"damage_taken":0.0}],"boss_relics":[{"not_picked":["Runic Pyramid","Sozu"],"picked":"Calling Bell"}],"items_purged_floors":[],"potions_floor_spawned":[1,7,13,20,24,28],"seed_played":"-5826061727632868427","killed_by":"Champ","ascension_level":6,"potions_obtained":[{"floor":1.0,"key":"Regen Potion"},{"floor":7.0,"key":"LiquidBronze"},{"floor":13.0,"key":"FearPotion"},{"floor":20.0,"key":"FairyPotion"},{"floor":24.0,"key":"LiquidBronze"},{"floor":28,"key":"FearPotion"}],"is_trial":false}