{"gold_per_floor":[112,112,132,132,207,207,242,265,265,265,299,55,55,73,73,162,162,177,196,215,215,215,246,246,286,286,305,305,326,326],"floor_reached":30,"playtime":1468,"items_purged":[],"score":706,"play_id":"95174ac8-9ac4-4234-9530-62755fd5e0a0","local_time":"20190407052339","is_ascension_mode":true,"campfire_choices":[{"data":"Zap","floor":6.0,"key":"SMITH"},{"data":"Defragment","floor":13.0,"key":"SMITH"},{"data":"Static Discharge","floor":15.0,"key":"SMITH"},{"floor":24.0,"key":"REST"},{"floor":28.0,"key":"REST"}],"neow_cost":"NONE","seed_source_timestamp":4596901487304,"circlet_count":0,"master_deck":["AscendersBane","Strike_B","Strike_B","Strike_B","Strike_B","Defend_B+1","Defend_B","Defend_B","Defend_B","Zap+1","Dualcast","Glacier","Conserve Battery+1","Self Repair","Defragment+1","Static Discharge+1","Coolheaded","Darkness","Creative AI","Leap+1","Cold Snap","Biased Cognition+1","Ball Lightning+1"],"special_seed":0,"relics":["Cracked Core","NeowsBlessing","Golden Idol","Cables","Pear","Turnip","Lee\u0027s Waffle","Black Star","Gremlin Horn","Bottled Tornado","Pantograph","Frozen Egg 2"],"potions_floor_usage":[29],"damage_taken":[{"damage":0.0,"enemies":"Cultist","floor":1.0,"turns":1.0},{"damage":0.0,"enemies":"Small Slimes","floor":3.0,"turns":1.0},{"damage":0.0,"enemies":"Lagavulin","floor":7.0,"turns":1.0},{"damage":0.0,"enemies":"Jaw Worm","floor":8.0,"turns":4.0},{"damage":31.0,"enemies":"Gremlin Nob","floor":11.0,"turns":4.0},{"damage":13.0,"enemies":"Exordium Thugs","floor":14.0,"turns":7.0},{"damage":0.0,"enemies":"The Guardian","floor":16.0,"turns":12.0},{"damage":15.0,"enemies":"Chosen","floor":18.0,"turns":5.0},{"damage":5.0,"enemies":"Shell Parasite","floor":19.0,"turns":10.0},{"damage":19.0,"enemies":"Snake Plant","floor":20.0,"turns":7.0},{"damage":62.0,"enemies":"Gremlin Leader","floor":23.0,"turns":11.0},{"damage":36.0,"enemies":"Slavers","floor":25.0,"turns":5.0},{"damage":2.0,"enemies":"3 Cultists","floor":27.0,"turns":8.0},{"damage":13,"enemies":"Cultist and Chosen","floor":29,"turns":7},{"damage":2,"enemies":"Gremlin Leader","floor":30,"turns":2}],"seed_played":"-7394768498702152817","potions_obtained":[{"floor":7.0,"key":"EntropicBrew"},{"floor":8.0,"key":"EssenceOfSteel"},{"floor":11.0,"key":"EssenceOfSteel"},{"floor":18.0,"key":"SpeedPotion"},{"floor":23.0,"key":"FocusPotion"},{"floor":27.0,"key":"Swift Potion"}],"is_trial":false,"path_per_floor":["M","$","M","?","?","R","E","M","T","?","E","$","R","M","R","B",null,"M","M","M","?","?","E","R","E","T","M","R","M","E"],"character_chosen":"DEFECT","items_purchased":["Lee\u0027s Waffle","Coolheaded"],"campfire_rested":2,"item_purchase_floors":[12,12],"current_hp_per_floor":[64,64,64,64,53,53,53,60,70,48,24,81,81,75,75,81,81,66,68,56,56,72,17,41,5,5,10,34,28,26],"gold":326,"neow_bonus":"THREE_ENEMY_KILL","is_prod":false,"is_daily":false,"chose_seed":false,"campfire_upgraded":3,"win_rate":0,"timestamp":1554607419,"path_taken":["M","$","M","?","?","R","E","M","T","?","E","?","R","M","R","BOSS","M","M","M","?","?","E","R","E","T","M","R","M","E"],"build_version":"2019-04-04","purchased_purges":0,"victory":false,"max_hp_per_floor":[71,71,71,64,64,64,64,64,74,74,74,81,81,81,81,81,81,81,81,81,81,81,81,81,81,81,81,81,81,81],"card_choices":[{"not_picked":["Hologram","Fusion"],"picked":"Glacier","floor":1.0},{"not_picked":["Reinforced Body","Gash"],"picked":"Conserve Battery","floor":3.0},{"not_picked":["Leap","BootSequence"],"picked":"Self Repair","floor":7.0},{"not_picked":["Sweeping Beam","Lockon"],"picked":"Defragment","floor":8.0},{"not_picked":["Go for the Eyes","Steam"],"picked":"Static Discharge","floor":11.0},{"not_picked":["Fusion","Tempest"],"picked":"Darkness","floor":14.0},{"not_picked":["All For One","Thunder Strike"],"picked":"Creative AI","floor":16.0},{"not_picked":["Beam Cell","Go for the Eyes","Conserve Battery"],"picked":"SKIP","floor":18.0},{"not_picked":["Streamline","Skim"],"picked":"Leap+1","floor":19.0},{"not_picked":["Beam Cell","Turbo"],"picked":"Cold Snap","floor":20.0},{"not_picked":["Beam Cell+1","Hello World","Rebound+1"],"picked":"SKIP","floor":23.0},{"not_picked":["Rebound","Beam Cell"],"picked":"Biased Cognition","floor":25.0},{"not_picked":["Barrage+1","Sweeping Beam","Rebound"],"picked":"SKIP","floor":27.0},{"not_picked":["Hologram","Cold Snap"],"picked":"Ball Lightning+1","floor":29}],"player_experience":1074525,"relics_obtained":[{"floor":7.0,"key":"Cables"},{"floor":9.0,"key":"Pear"},{"floor":11.0,"key":"Turnip"},{"floor":23.0,"key":"Gremlin Horn"},{"floor":23.0,"key":"Bottled Tornado"},{"floor":25.0,"key":"Pantograph"},{"floor":25.0,"key":"Frozen Egg 2"}],"event_choices":[{"damage_healed":0.0,"max_hp_gain":0.0,"max_hp_loss":7.0,"gold_gain":0.0,"event_name":"Golden Idol","player_choice":"Lose Max HP","floor":4.0,"gold_loss":0.0,"damage_taken":0.0,"relics_obtained":["Golden Idol"]},{"damage_healed":0.0,"max_hp_gain":0.0,"max_hp_loss":0.0,"gold_gain":75.0,"event_name":"World of Goop","player_choice":"Gather Gold","floor":5.0,"gold_loss":0.0,"damage_taken":11.0},{"damage_healed":0.0,"max_hp_gain":0.0,"max_hp_loss":0.0,"gold_gain":0.0,"event_name":"Shining Light","player_choice":"Entered Light","floor":10.0,"gold_loss":0.0,"damage_taken":22.0,"cards_upgraded":["Defend_B","Conserve Battery"]},{"damage_healed":0.0,"max_hp_gain":0.0,"max_hp_loss":0.0,"gold_gain":0.0,"event_name":"Vampires","player_choice":"Ignored","floor":21.0,"gold_loss":0.0,"damage_taken":0.0},{"damage_healed":16.0,"max_hp_gain":0.0,"max_hp_loss":0.0,"gold_gain":0.0,"event_name":"The Library","player_choice":"Heal","floor":22.0,"gold_loss":0.0,"damage_taken":0.0}],"is_beta":true,"boss_relics":[{"not_picked":["FrozenCore","Nuclear Battery"],"picked":"Black Star"}],"items_purged_floors":[],"is_endless":false,"potions_floor_spawned":[7,8,11,18,19,23,27],"killed_by":"Gremlin Leader","ascension_level":20}