{"gold_per_floor":[166,441,84,84,84,84,112,112,112,146,146,105,115,131,131,131],"floor_reached":16,"playtime":464,"items_purged":["Regret"],"score":212,"play_id":"5dfff0ef-c639-46a3-86c6-eefd6ed09901","local_time":"20190401022350","is_ascension_mode":true,"campfire_choices":[{"data":"Zap","floor":6.0,"key":"SMITH"},{"data":"Gash","floor":8.0,"key":"SMITH"},{"floor":15,"key":"REST"}],"neow_cost":"NONE","seed_source_timestamp":31729044988171,"circlet_count":0,"master_deck":["AscendersBane","Strike_B","Strike_B","Defend_B","Defend_B+1","Defend_B","Defend_B","Zap+1","Dualcast","Gash+1","Cold Snap","Rebound+1","Melter+1","BootSequence","Meteor Strike+1","White Noise"],"special_seed":0,"relics":["Tiny House","Gremlin Horn","DataDisk","Molten Egg 2","Question Card"],"potions_floor_usage":[16],"damage_taken":[{"damage":15.0,"enemies":"Small Slimes","floor":1.0,"turns":4.0},{"damage":17.0,"enemies":"Lagavulin","floor":7.0,"turns":9.0},{"damage":24.0,"enemies":"3 Sentries","floor":10.0,"turns":9.0},{"damage":0,"enemies":"Cultist","floor":13,"turns":3},{"damage":0,"enemies":"2 Louse","floor":14,"turns":2},{"damage":19,"enemies":"Slime Boss","floor":16,"turns":6}],"seed_played":"-4268077358705184867","potions_obtained":[{"floor":0.0,"key":"Block Potion"},{"floor":7.0,"key":"FocusPotion"},{"floor":14,"key":"SpeedPotion"}],"is_trial":false,"path_per_floor":["M","?","$","$","?","R","E","R","T","E","?","$","M","M","R","B"],"character_chosen":"DEFECT","items_purchased":["Gremlin Horn","BootSequence"],"campfire_rested":1,"item_purchase_floors":[3,12],"current_hp_per_floor":[54,54,54,54,47,47,30,30,30,6,6,6,6,6,28,9],"gold":131,"neow_bonus":"BOSS_RELIC","is_prod":false,"is_daily":false,"chose_seed":false,"campfire_upgraded":2,"win_rate":0,"timestamp":1554078230,"path_taken":["M","?","?","$","?","R","E","R","T","E","?","$","?","M","R","BOSS"],"build_version":"2019-03-15","purchased_purges":1,"victory":false,"max_hp_per_floor":[76,76,76,76,76,76,76,76,76,76,76,76,76,76,76,76],"card_choices":[{"not_picked":["Cold Snap","Beam Cell"],"picked":"Gash","floor":0.0},{"not_picked":["Recycle","Stack"],"picked":"Cold Snap","floor":1.0},{"not_picked":["Redo","Steam","Force Field"],"picked":"SKIP","floor":7.0},{"not_picked":["Heatsinks","Streamline+1"],"picked":"Rebound+1","floor":10.0},{"not_picked":["Compile Driver+1","Steam","Beam Cell+1"],"picked":"Meteor Strike+1","floor":13},{"not_picked":["Recycle","Force Field","Reinforced Body"],"picked":"White Noise","floor":14}],"player_experience":1047298,"relics_obtained":[{"floor":7.0,"key":"DataDisk"},{"floor":9.0,"key":"Molten Egg 2"},{"floor":10.0,"key":"Question Card"}],"event_choices":[{"damage_healed":0.0,"max_hp_gain":0.0,"max_hp_loss":0.0,"gold_gain":275.0,"event_name":"Golden Shrine","player_choice":"Desecrate","floor":2.0,"gold_loss":0.0,"damage_taken":0.0,"cards_obtained":["Regret"]},{"cards_removed":["Strike_B"],"damage_healed":0.0,"max_hp_gain":0.0,"max_hp_loss":0.0,"gold_gain":0.0,"event_name":"Golden Wing","player_choice":"Card Removal","floor":5.0,"gold_loss":0.0,"damage_taken":7.0},{"damage_healed":0,"gold_gain":0,"cards_transformed":["Strike_B"],"player_choice":"Transformed","damage_taken":0,"max_hp_gain":0,"max_hp_loss":0,"event_name":"Transmorgrifier","floor":11,"gold_loss":0,"cards_obtained":["Melter"]}],"is_beta":true,"boss_relics":[],"items_purged_floors":[3],"is_endless":false,"potions_floor_spawned":[7,14],"killed_by":"Slime Boss","ascension_level":20}