{"gold_per_floor":[109,109,59,70,85,85,118,118,118,147,147,147,147,167,167,268,268,278,296,312,328,77,77,87,87,113,113,113,113,132,132],"floor_reached":31,"playtime":3596,"items_purged":["Strike_R"],"score":245,"play_id":"92d0c621-b768-4ada-899c-c3050cf7fb41","local_time":"20190317231834","is_ascension_mode":false,"campfire_choices":[{"data":"Flex","floor":6,"key":"SMITH"},{"data":"Flame Barrier","floor":8,"key":"SMITH"},{"data":"1","floor":11,"key":"LIFT"},{"data":"2","floor":12,"key":"LIFT"},{"data":"3","floor":15,"key":"LIFT"},{"data":"Demon Form","floor":23,"key":"SMITH"},{"data":"Iron Wave","floor":25,"key":"SMITH"},{"data":"Anger","floor":27,"key":"SMITH"},{"floor":29,"key":"REST"}],"neow_cost":"NONE","seed_source_timestamp":57832401217096,"circlet_count":0,"master_deck":["Strike_R","Strike_R","Strike_R","Defend_R","Defend_R","Defend_R","Defend_R","Bash","Dropkick","Flex+1","Anger+1","Pommel Strike","Flame Barrier+1","Iron Wave+1","Flex+1","Demon Form+1","Rampage","Inflame","Uppercut","Sword Boomerang","Cleave","Warcry+1","Headbutt+1","Dual Wield+1","Headbutt","Ghostly Armor+1","Warcry+1","Iron Wave+1"],"relics":["Burning Blood","WingedGreaves","Girya","Gambling Chip","Toxic Egg 2","Orrery","Bronze Scales"],"potions_floor_usage":[7,16,20,31],"damage_taken":[{"damage":6,"enemies":"2 Louse","floor":1,"turns":3},{"damage":0,"enemies":"Small Slimes","floor":4,"turns":3},{"damage":6,"enemies":"Jaw Worm","floor":5,"turns":3},{"damage":31,"enemies":"Lagavulin","floor":7,"turns":5},{"damage":4,"enemies":"3 Sentries","floor":10,"turns":6},{"damage":0,"enemies":"Large Slime","floor":14,"turns":2},{"damage":32,"enemies":"Hexaghost","floor":16,"turns":7},{"damage":10,"enemies":"Shell Parasite","floor":18,"turns":5},{"damage":18,"enemies":"3 Byrds","floor":19,"turns":5},{"damage":13,"enemies":"3 Cultists","floor":20,"turns":5},{"damage":32,"enemies":"Snake Plant","floor":21,"turns":4},{"damage":1,"enemies":"Snecko","floor":24,"turns":4},{"damage":21,"enemies":"Sentry and Sphere","floor":30,"turns":5},{"damage":54,"enemies":"Slavers","floor":31,"turns":4}],"seed_played":"9157631120953933590","potions_obtained":[{"floor":4,"key":"GamblersBrew"},{"floor":10,"key":"Poison Potion"},{"floor":19,"key":"Block Potion"},{"floor":21,"key":"Dexterity Potion"}],"is_trial":false,"path_per_floor":["M","?","?","M","M","R","E","R","T","E","R","R","T","M","R","B",null,"M","M","M","M","$","R","M","R","T","R","?","R","M","E"],"character_chosen":"IRONCLAD","items_purchased":["Ghostly Armor+1","FairyPotion"],"campfire_rested":1,"item_purchase_floors":[22,22],"current_hp_per_floor":[80,85,85,85,85,85,60,60,60,62,62,62,62,68,68,42,85,81,69,62,36,36,36,41,41,41,41,25,52,37,0],"gold":132,"neow_bonus":"THREE_CARDS","is_prod":false,"is_daily":false,"chose_seed":false,"campfire_upgraded":5,"win_rate":0.0,"timestamp":1552882714,"path_taken":["M","?","?","M","M","R","E","R","T","E","R","R","?","M","R","BOSS","M","M","M","M","$","R","M","R","T","R","?","R","M","E"],"build_version":"2019-01-23","purchased_purges":1,"victory":false,"max_hp_per_floor":[80,85,85,85,85,85,85,85,85,85,85,85,85,85,85,85,85,85,85,85,85,85,85,85,85,85,85,90,90,90,90],"card_choices":[{"not_picked":["Thunderclap","Bloodletting"],"picked":"Dropkick","floor":0},{"not_picked":["Headbutt","Clothesline"],"picked":"Flex","floor":1},{"not_picked":["Perfected Strike","Heavy Blade"],"picked":"Anger","floor":4},{"not_picked":["Clash","Blood for Blood"],"picked":"Pommel Strike","floor":5},{"not_picked":["Shrug It Off","Heavy Blade"],"picked":"Flame Barrier","floor":7},{"not_picked":["Double Tap","Pommel Strike"],"picked":"Iron Wave","floor":10},{"not_picked":["Twin Strike","Spot Weakness+1"],"picked":"Flex+1","floor":14},{"not_picked":["Feed","Juggernaut"],"picked":"Demon Form","floor":16},{"not_picked":["Body Slam","Armaments+1"],"picked":"Rampage","floor":17},{"not_picked":["Rampage","Blood for Blood"],"picked":"Inflame","floor":17},{"not_picked":["True Grit+1","Rupture"],"picked":"Uppercut","floor":17},{"not_picked":["Flex+1","Body Slam"],"picked":"Sword Boomerang","floor":17},{"not_picked":["Reckless Charge","Clash"],"picked":"Cleave","floor":17},{"not_picked":["Headbutt","Perfected Strike"],"picked":"Warcry+1","floor":18},{"not_picked":["Spot Weakness+1","Heavy Blade"],"picked":"Headbutt+1","floor":19},{"not_picked":["Body Slam+1","Twin Strike+1"],"picked":"Dual Wield+1","floor":20},{"not_picked":["Body Slam","Combust"],"picked":"Headbutt","floor":21},{"not_picked":["Sever Soul+1","Thunderclap+1"],"picked":"Warcry+1","floor":24},{"not_picked":["Fiend Fire","Thunderclap"],"picked":"Iron Wave+1","floor":30}],"player_experience":43688,"relics_obtained":[{"floor":7,"key":"WingedGreaves"},{"floor":9,"key":"Girya"},{"floor":10,"key":"Gambling Chip"},{"floor":13,"key":"Toxic Egg 2"},{"floor":26,"key":"Bronze Scales"}],"event_choices":[{"damage_healed":0,"gold_gain":0,"player_choice":"Donut","damage_taken":0,"max_hp_gain":5,"max_hp_loss":0,"event_name":"Big Fish","floor":2,"gold_loss":0},{"cards_removed":["Strike_R"],"damage_healed":0,"gold_gain":0,"player_choice":"Card Removal","damage_taken":0,"max_hp_gain":0,"max_hp_loss":0,"event_name":"The Cleric","floor":3,"gold_loss":50},{"damage_healed":0,"gold_gain":0,"player_choice":"Shed Blood","damage_taken":21,"max_hp_gain":5,"max_hp_loss":0,"event_name":"Forgotten Altar","floor":28,"gold_loss":0}],"is_beta":false,"boss_relics":[{"not_picked":["Black Star","Velvet Choker"],"picked":"Orrery"}],"items_purged_floors":[22],"is_endless":false,"potions_floor_spawned":[4,10,19,21],"killed_by":"Slavers","ascension_level":0}