{"gold_per_floor":[111,111,121,78,97,97,124,124,147,147,147,173,173,190,190,263,263,279,291,216,229,229],"floor_reached":22,"playtime":949,"items_purged":["Pain"],"score":359,"play_id":"637f0c11-58cf-4a0b-9190-92937938d724","local_time":"20190410021617","is_ascension_mode":true,"campfire_choices":[{"data":"Defragment","floor":6.0,"key":"SMITH"},{"data":"Dualcast","floor":8.0,"key":"SMITH"},{"data":"Coolheaded","floor":10.0,"key":"SMITH"},{"floor":15.0,"key":"REST"}],"neow_cost":"NONE","seed_source_timestamp":46255116102601,"circlet_count":0,"master_deck":["AscendersBane","Strike_B","Strike_B","Strike_B","Strike_B","Defend_B","Defend_B","Defend_B","Defend_B","Zap+1","Dualcast+1","Coolheaded+1","Beam Cell","Defragment+1","Amplify","Gash","Defragment","Gash+1","Buffer","Rebound+1","Blizzard+1","Go for the Eyes+1"],"special_seed":0,"relics":["Cracked Core","Lantern","Orichalcum","Molten Egg 2","Pocketwatch","WarpedTongs","Inserter"],"potions_floor_usage":[22,22],"damage_taken":[{"damage":0.0,"enemies":"2 Louse","floor":1.0,"turns":2.0},{"damage":0.0,"enemies":"Cultist","floor":3.0,"turns":3.0},{"damage":2.0,"enemies":"Jaw Worm","floor":5.0,"turns":3.0},{"damage":12.0,"enemies":"3 Sentries","floor":7.0,"turns":6.0},{"damage":34.0,"enemies":"Gremlin Nob","floor":12.0,"turns":5.0},{"damage":8.0,"enemies":"3 Louse","floor":14.0,"turns":3.0},{"damage":12.0,"enemies":"The Guardian","floor":16.0,"turns":8.0},{"damage":19.0,"enemies":"Spheric Guardian","floor":18.0,"turns":4.0},{"damage":15.0,"enemies":"Chosen","floor":19.0,"turns":5.0},{"damage":20,"enemies":"Centurion and Healer","floor":21,"turns":7},{"damage":18,"enemies":"3 Cultists","floor":22,"turns":4}],"seed_played":"-2207200873422907398","potions_obtained":[{"floor":5.0,"key":"Fruit Juice"},{"floor":12.0,"key":"Weak Potion"},{"floor":16.0,"key":"Ancient Potion"},{"floor":19.0,"key":"Energy Potion"},{"floor":21,"key":"Swift Potion"}],"is_trial":false,"path_per_floor":["M","?","M","$","M","R","E","R","T","R","T","E","?","M","R","B",null,"M","M","$","M","M"],"character_chosen":"DEFECT","items_purchased":["Defragment"],"campfire_rested":1,"item_purchase_floors":[4],"current_hp_per_floor":[71,71,71,71,74,74,62,62,62,62,62,28,28,20,44,32,70,51,36,36,16,0],"gold":229,"neow_bonus":"TEN_PERCENT_HP_BONUS","is_prod":false,"is_daily":false,"chose_seed":false,"campfire_upgraded":3,"win_rate":0,"timestamp":1554887777,"path_taken":["M","?","?","?","M","R","E","R","T","R","?","E","?","M","R","BOSS","M","M","$","M","M"],"build_version":"2019-01-23","purchased_purges":1,"victory":false,"max_hp_per_floor":[78,78,78,78,83,83,83,83,83,83,83,83,83,83,83,83,83,83,83,83,83,83],"card_choices":[{"not_picked":["Redo","Sweeping Beam"],"picked":"Coolheaded","floor":1.0},{"not_picked":["Turbo","Compile Driver"],"picked":"Beam Cell","floor":3.0},{"not_picked":["Tempest","Hologram"],"picked":"Amplify","floor":5.0},{"not_picked":["Redo","Recycle"],"picked":"Gash","floor":7.0},{"not_picked":["Static Discharge","Redo"],"picked":"Defragment","floor":12.0},{"not_picked":["Reprogram","Heatsinks"],"picked":"Gash+1","floor":14.0},{"not_picked":["Fission","Seek"],"picked":"Buffer","floor":16.0},{"not_picked":["Conserve Battery","Reinforced Body+1"],"picked":"Rebound+1","floor":18.0},{"not_picked":["Tempest","Beam Cell+1"],"picked":"Blizzard+1","floor":19.0},{"not_picked":["Coolheaded","Conserve Battery"],"picked":"Go for the Eyes+1","floor":21}],"player_experience":704856,"relics_obtained":[{"floor":7.0,"key":"Lantern"},{"floor":9.0,"key":"Orichalcum"},{"floor":11.0,"key":"Molten Egg 2"},{"floor":12.0,"key":"Pocketwatch"}],"event_choices":[{"damage_healed":0.0,"max_hp_gain":0.0,"max_hp_loss":0.0,"gold_gain":0.0,"event_name":"Upgrade Shrine","player_choice":"Upgraded","floor":2.0,"gold_loss":0.0,"damage_taken":0.0,"cards_upgraded":["Zap"]},{"damage_healed":0.0,"max_hp_gain":0.0,"max_hp_loss":0.0,"gold_gain":0.0,"event_name":"Accursed Blacksmith","player_choice":"Rummage","floor":13.0,"gold_loss":0.0,"damage_taken":0.0,"relics_obtained":["WarpedTongs"],"cards_obtained":["Pain"]}],"is_beta":false,"boss_relics":[{"not_picked":["Runic Pyramid","Orrery"],"picked":"Inserter"}],"items_purged_floors":[20],"is_endless":false,"potions_floor_spawned":[5,12,16,19,21],"killed_by":"3 Cultists","ascension_level":17}