{"gold_per_floor":[116,127,50,60,75,106,106,116,116,116,147,164,164,178,178,283,283,295,39,62,75,93,122,122,154,181,192,211,211,126,149,161,173],"floor_reached":33,"playtime":4201,"items_purged":["Strike_R"],"score":301,"play_id":"63815022-5db5-4dad-87f8-7d8a074162c8","local_time":"20190318214616","is_ascension_mode":false,"campfire_choices":[{"data":"Spot Weakness","floor":7,"key":"SMITH"},{"data":"Sword Boomerang","floor":10,"key":"SMITH"},{"data":"Sword Boomerang","floor":13,"key":"SMITH"},{"data":"Sword Boomerang","floor":15,"key":"SMITH"},{"data":"Pummel","floor":24,"key":"SMITH"},{"data":"Fiend Fire","floor":29,"key":"SMITH"},{"data":"Inflame","floor":32,"key":"SMITH"}],"neow_cost":"NONE","seed_source_timestamp":48357717092987,"circlet_count":0,"master_deck":["Strike_R","Strike_R","Strike_R+1","Defend_R","Defend_R","Defend_R","Defend_R","Bash+1","Sword Boomerang+1","Pummel+1","Sword Boomerang+1","Spot Weakness+1","Shrug It Off","Anger","Shockwave","Sword Boomerang+1","Headbutt","Headbutt","Fiend Fire+1","Twin Strike","Shrug It Off","Battle Trance+1","Inflame+1","Reaper"],"relics":["Burning Blood","Question Card","Mummified Hand","Bronze Scales","Black Star","Bag of Preparation","Orichalcum","Ornamental Fan","Happy Flower","Sundial","Regal Pillow","Whetstone","MawBank"],"potions_floor_usage":[6,11,11,18,22,31,33,33,33],"damage_taken":[{"damage":6,"enemies":"Cultist","floor":1,"turns":3},{"damage":2,"enemies":"2 Louse","floor":2,"turns":7},{"damage":0,"enemies":"Small Slimes","floor":4,"turns":2},{"damage":12,"enemies":"Exordium Wildlife","floor":5,"turns":3},{"damage":18,"enemies":"Lagavulin","floor":6,"turns":4},{"damage":10,"enemies":"Gremlin Gang","floor":8,"turns":4},{"damage":1,"enemies":"3 Sentries","floor":11,"turns":4},{"damage":6,"enemies":"3 Louse","floor":12,"turns":2},{"damage":0,"enemies":"Large Slime","floor":14,"turns":4},{"damage":32,"enemies":"The Guardian","floor":16,"turns":6},{"damage":13,"enemies":"3 Byrds","floor":18,"turns":3},{"damage":18,"enemies":"2 Thieves","floor":21,"turns":3},{"damage":13,"enemies":"Snake Plant","floor":22,"turns":3},{"damage":8,"enemies":"Book of Stabbing","floor":23,"turns":3},{"damage":22,"enemies":"Gremlin Leader","floor":25,"turns":5},{"damage":0,"enemies":"Snecko","floor":27,"turns":2},{"damage":8,"enemies":"Centurion and Healer","floor":28,"turns":3},{"damage":4,"enemies":"Cultist and Chosen","floor":31,"turns":3},{"damage":84,"enemies":"Champ","floor":33,"turns":7}],"seed_played":"3778208084102887425","potions_obtained":[{"floor":1,"key":"SkillPotion"},{"floor":2,"key":"BloodPotion"},{"floor":4,"key":"Fire Potion"},{"floor":8,"key":"Fire Potion"},{"floor":12,"key":"BloodPotion"},{"floor":18,"key":"FearPotion"},{"floor":22,"key":"Swift Potion"},{"floor":28,"key":"GamblersBrew"},{"floor":31,"key":"Dexterity Potion"}],"is_trial":false,"path_per_floor":["M","M","$","M","M","E","R","M","T","R","E","M","R","M","R","B",null,"M","$","T","M","M","E","R","E","T","M","M","R","?","M","R","B"],"character_chosen":"IRONCLAD","items_purchased":["Spot Weakness","Bag of Preparation","Shrug It Off"],"campfire_rested":0,"item_purchase_floors":[3,19,19],"current_hp_per_floor":[80,80,80,80,74,62,62,58,58,58,63,63,63,69,69,43,80,80,80,80,68,69,67,67,62,62,79,77,77,77,79,79,0],"gold":173,"neow_bonus":"TRANSFORM_CARD","is_prod":false,"is_daily":false,"chose_seed":false,"campfire_upgraded":7,"win_rate":0.0,"timestamp":1552963576,"path_taken":["M","M","$","M","M","E","R","M","T","R","E","M","R","M","R","BOSS","M","$","?","M","?","E","R","E","T","M","M","R","?","M","R","BOSS"],"build_version":"2019-01-23","purchased_purges":1,"victory":false,"max_hp_per_floor":[80,80,80,80,80,80,80,80,80,80,80,80,80,80,80,80,80,80,80,80,80,80,80,80,80,80,80,80,80,80,80,80,80],"card_choices":[{"not_picked":["Rupture","Pommel Strike"],"picked":"Pummel","floor":1},{"not_picked":["Headbutt","Burning Pact"],"picked":"Sword Boomerang","floor":2},{"not_picked":["Clothesline","Pommel Strike"],"picked":"Shrug It Off","floor":4},{"not_picked":["Demon Form","Clash","Rampage"],"picked":"SKIP","floor":5},{"not_picked":["Thunderclap","Shockwave"],"picked":"Anger","floor":6},{"not_picked":["Corruption","Clothesline","Thunderclap"],"picked":"Shockwave","floor":8},{"not_picked":["Armaments","Seeing Red","Wild Strike"],"picked":"Sword Boomerang","floor":11},{"not_picked":["Flex","Perfected Strike","Anger"],"picked":"Headbutt","floor":12},{"not_picked":["True Grit","Sword Boomerang","Reckless Charge"],"picked":"Headbutt","floor":14},{"not_picked":["Berserk","Demon Form","Juggernaut"],"picked":"Fiend Fire","floor":16},{"not_picked":["Pommel Strike","Sever Soul","Dropkick"],"picked":"Twin Strike","floor":18},{"not_picked":["Intimidate+1","Clothesline","Headbutt"],"picked":"Battle Trance+1","floor":21},{"not_picked":["Anger+1","Metallicize","Shrug It Off"],"picked":"Inflame","floor":22},{"not_picked":["Second Wind","Infernal Blade","Body Slam"],"picked":"Reaper","floor":23},{"not_picked":["Metallicize+1","Iron Wave","Battle Trance","Blood for Blood"],"picked":"SKIP","floor":25},{"not_picked":["Armaments","Thunderclap","Iron Wave+1","Shrug It Off"],"picked":"SKIP","floor":27},{"not_picked":["Second Wind","Thunderclap","Iron Wave","Shrug It Off"],"picked":"SKIP","floor":28},{"not_picked":["Rampage+1","True Grit","Burning Pact","Shockwave"],"picked":"SKIP","floor":31}],"player_experience":62466,"relics_obtained":[{"floor":6,"key":"Question Card"},{"floor":9,"key":"Mummified Hand"},{"floor":11,"key":"Bronze Scales"},{"floor":20,"key":"Orichalcum"},{"floor":23,"key":"Ornamental Fan"},{"floor":23,"key":"Happy Flower"},{"floor":25,"key":"Sundial"},{"floor":25,"key":"Regal Pillow"},{"floor":26,"key":"Whetstone"}],"event_choices":[{"damage_healed":0,"gold_gain":0,"player_choice":"Obtained Relic","damage_taken":0,"relics_obtained":["MawBank"],"max_hp_gain":0,"max_hp_loss":0,"event_name":"Addict","floor":30,"gold_loss":85}],"is_beta":false,"boss_relics":[{"not_picked":["Lizard Tail","Sozu"],"picked":"Black Star"}],"items_purged_floors":[19],"is_endless":false,"potions_floor_spawned":[1,2,4,8,12,18,22,28,31],"killed_by":"Champ","ascension_level":0}