{"path_per_floor":["M","?","?","M","?","E","T","R","T","R","M","M","?","M","R","B",null,"M","?","M","$","M","M","?","?","T","E","M","M","R","M","R","B",null,"M","M","?","$","?","R","M","E","T","M","M","M","R","?","R","B"],"character_chosen":"IRONCLAD","items_purchased":["Whetstone","Lee\u0027s Waffle","Mercury Hourglass"],"gold_per_floor":[118,118,118,138,138,171,171,171,171,171,187,200,200,220,220,345,345,368,368,385,30,45,62,62,62,62,91,106,124,124,134,134,235,235,246,264,264,6,59,59,76,102,127,144,155,169,169,169,169,169],"floor_reached":51,"campfire_rested":2,"playtime":10489,"current_hp_per_floor":[88,76,58,57,57,44,44,70,70,70,72,80,58,55,55,38,88,75,75,88,95,95,95,79,79,79,71,74,79,79,83,83,49,95,79,63,63,63,57,85,43,70,75,81,95,95,95,95,95,19],"items_purged":[],"gold":169,"score":726,"play_id":"cc5be531-01af-4f8c-95eb-80b2b1f7ffa5","local_time":"20180311220904","is_prod":false,"is_daily":false,"is_ascension_mode":false,"campfire_upgraded":6,"timestamp":1520802544,"path_taken":["M","?","?","?","?","E","?","R","T","R","M","M","?","M","R","BOSS","M","?","M","$","?","M","?","?","T","E","?","M","R","?","R","BOSS","M","M","?","$","?","R","M","E","T","M","?","?","R","?","R","BOSS"],"build_version":"2018-03-09","purchased_purges":0,"victory":true,"master_deck":["Strike_R+1","Strike_R+1","Strike_R","Strike_R","Strike_R+1","Defend_R","Defend_R","Defend_R","Bash","Twin Strike","Pommel Strike","Shrug It Off+1","Clothesline+1","Iron Wave+1","Pommel Strike+1","Impervious","Wild Strike+1","Thunderclap+1","Pommel Strike+1","Necronomicurse","Fire Breathing","Armaments+1","Power Through+1","Body Slam+1","Immolate","Blood for Blood+1","Whirlwind+1","Wild Strike+1","Shrug It Off+1","Shrug It Off+1","Blood for Blood+1"],"max_hp_per_floor":[88,88,88,88,88,88,88,88,88,88,88,88,88,88,88,88,88,88,88,88,95,95,95,95,95,95,95,95,95,95,95,95,95,95,95,95,95,95,95,95,95,95,95,95,95,95,95,95,95,95],"relics":["Burning Blood","Torii","Orichalcum","Magic Flower","Sundial","Bloody Idol","Velvet Choker","Whetstone","Lee\u0027s Waffle","Necronomicon","Bronze Scales","Ice Cream","Toxic Egg 2","White Beast Statue","Mercury Hourglass","Bird Faced Urn","Oddly Smooth Stone","Bag of Marbles"],"card_choices":[{"not_picked":["Warcry","Sword Boomerang"],"picked":"Twin Strike"},{"not_picked":["Clash","Perfected Strike"],"picked":"Pommel Strike"},{"not_picked":["Hemokinesis","Sword Boomerang"],"picked":"Shrug It Off"},{"not_picked":["Brutality","Clash"],"picked":"Clothesline"},{"not_picked":["Cleave","True Grit"],"picked":"Iron Wave"},{"not_picked":["Battle Trance","Second Wind"],"picked":"Pommel Strike"},{"not_picked":["Feed","Offering"],"picked":"Impervious"},{"not_picked":["Bloodletting","Intimidate"],"picked":"Wild Strike"},{"not_picked":["Sword Boomerang","Clash"],"picked":"Thunderclap"},{"not_picked":["Clash","Perfected Strike"],"picked":"Pommel Strike"},{"not_picked":["Berserk","Flex"],"picked":"Fire Breathing"},{"not_picked":["Warcry","Burning Pact"],"picked":"Armaments"},{"not_picked":["Intimidate","Sever Soul"],"picked":"Power Through"},{"not_picked":["Power Through","Warcry"],"picked":"Body Slam"},{"not_picked":["Feed","Limit Break"],"picked":"Immolate"},{"not_picked":["Evolve","Hemokinesis"],"picked":"Blood for Blood"},{"not_picked":["Feel No Pain","Sword Boomerang"],"picked":"Whirlwind"},{"not_picked":["Disarm","Shrug It Off"],"picked":"Wild Strike"},{"not_picked":["Disarm","Perfected Strike"],"picked":"Shrug It Off"},{"not_picked":["Anger","Headbutt"],"picked":"Shrug It Off"},{"not_picked":["Hemokinesis","Carnage"],"picked":"Blood for Blood"}],"player_experience":61714,"potions_floor_usage":[16,16,22,33,33,33,39,41,42,42,50,50,50],"damage_taken":[{"damage":0,"enemies":"Small Slimes","floor":1,"turns":5},{"damage":7,"enemies":"Jaw Worm","floor":4,"turns":4},{"damage":19,"enemies":"3 Sentries","floor":6,"turns":11},{"damage":7,"enemies":"2 Louse","floor":11,"turns":2},{"damage":1,"enemies":"Large Slime","floor":12,"turns":4},{"damage":12,"enemies":"Exordium Wildlife","floor":14,"turns":6},{"damage":26,"enemies":"Slime Boss","floor":16,"turns":15},{"damage":22,"enemies":"2 Thieves","floor":18,"turns":4},{"damage":1,"enemies":"Chosen","floor":20,"turns":4},{"damage":2,"enemies":"Snake Plant","floor":22,"turns":4},{"damage":6,"enemies":"Snecko","floor":23,"turns":3},{"damage":22,"enemies":"Slavers","floor":27,"turns":5},{"damage":11,"enemies":"Centurion and Healer","floor":28,"turns":5},{"damage":9,"enemies":"3 Cultists","floor":29,"turns":4},{"damage":10,"enemies":"Snecko","floor":31,"turns":4},{"damage":48,"enemies":"Champ","floor":33,"turns":9},{"damage":30,"enemies":"3 Shapes","floor":35,"turns":5},{"damage":30,"enemies":"3 Darklings","floor":36,"turns":4},{"damage":20,"enemies":"Mysterious Sphere","floor":39,"turns":4},{"damage":59,"enemies":"Sphere and 2 Shapes","floor":41,"turns":4},{"damage":0,"enemies":"Nemesis","floor":42,"turns":3},{"damage":11,"enemies":"4 Shapes","floor":44,"turns":5},{"damage":0,"enemies":"3 Darklings","floor":45,"turns":2},{"damage":9,"enemies":"Sphere and 2 Shapes","floor":46,"turns":4},{"damage":85,"enemies":"Awakened One","floor":50,"turns":12}],"event_choices":[{"event_name":"Scrap Ooze","player_choice":"success","floor":2,"damage_taken":12},{"event_name":"Shining Light","player_choice":"Entered Light","floor":3,"damage_taken":0},{"event_name":"The Cleric","player_choice":"Leave","floor":5,"damage_taken":0},{"event_name":"Golden Idol","player_choice":"Take Damage","floor":13,"damage_taken":0},{"event_name":"Forgotten Altar","player_choice":"Gave Idol","floor":19,"damage_taken":0},{"event_name":"Cursed Tome","player_choice":"Obtained Book","floor":24,"damage_taken":0},{"event_name":"The Mausoleum","player_choice":"Yes","floor":25,"damage_taken":0},{"event_name":"Tomb of Lord Red Mask","player_choice":"Ignored","floor":37,"damage_taken":0},{"event_name":"Mysterious Sphere","player_choice":"Fight","floor":39,"damage_taken":0}],"boss_relics":[{"not_picked":["Tiny House","Lizard Tail"],"picked":"Velvet Choker"},{"not_picked":["Runic Dome","Philosopher\u0027s Stone"],"picked":"White Beast Statue"}],"potions_floor_spawned":[12,14,16,18,23,28,33,35,36,39,41,42,44,45,46],"seed_played":"-8183868157000653180","ascension_level":0,"is_trial":false}