{"gold_per_floor":[111,111,126,142,28,28,38,38,38,70,89,11,11,28,28,133,133,143,193,203,31,43,43,69,82,82,113,113,129,129,129,129,227,227,245,262,273,273],"floor_reached":38,"playtime":6392,"items_purged":["Strike_G","Strike_G"],"score":439,"play_id":"a8c65686-e9c3-4834-b8bf-8f591921c549","local_time":"20190321031631","is_ascension_mode":true,"campfire_choices":[{"data":"Prepared","floor":6,"key":"SMITH"},{"data":"Blade Dance","floor":8,"key":"SMITH"},{"data":"Footwork","floor":13,"key":"SMITH"},{"data":"Survivor","floor":15,"key":"SMITH"},{"data":"A Thousand Cuts","floor":23,"key":"SMITH"},{"data":"Noxious Fumes","floor":28,"key":"SMITH"},{"data":"Cloak And Dagger","floor":30,"key":"SMITH"},{"floor":32,"key":"REST"}],"neow_cost":"NONE","seed_source_timestamp":69567437212,"circlet_count":0,"master_deck":["Defend_G","Defend_G","Defend_G","Defend_G","Defend_G","Strike_G","Strike_G","Strike_G","Survivor+1","Neutralize","Tools of the Trade","Blade Dance","Prepared+1","Infinite Blades","Blade Dance+1","Footwork+1","Backflip","Infinite Blades","A Thousand Cuts+1","Cloak And Dagger","Cloak And Dagger+1","Noxious Fumes+1","Backflip+1","Prepared+1","Envenom","Prepared+1","Infinite Blades"],"relics":["Ring of the Snake","Tingsha","Incense Burner","Blood Vial","WristBlade","Calipers","Sundial","Strawberry","Black Star"],"potions_floor_usage":[16,16,20,22,27,33,37,37],"damage_taken":[{"damage":0,"enemies":"Jaw Worm","floor":1,"turns":6},{"damage":0,"enemies":"Cultist","floor":3,"turns":4},{"damage":0,"enemies":"2 Louse","floor":4,"turns":3},{"damage":1,"enemies":"Exordium Thugs","floor":7,"turns":6},{"damage":13,"enemies":"Lagavulin","floor":10,"turns":6},{"damage":3,"enemies":"3 Louse","floor":11,"turns":3},{"damage":0,"enemies":"Blue Slaver","floor":14,"turns":4},{"damage":5,"enemies":"Slime Boss","floor":16,"turns":11},{"damage":0,"enemies":"Shell Parasite","floor":18,"turns":6},{"damage":2,"enemies":"Chosen","floor":20,"turns":5},{"damage":5,"enemies":"Centurion and Healer","floor":22,"turns":6},{"damage":37,"enemies":"Book of Stabbing","floor":24,"turns":6},{"damage":2,"enemies":"Cultist and Chosen","floor":25,"turns":6},{"damage":11,"enemies":"Slavers","floor":27,"turns":4},{"damage":0,"enemies":"Chosen and Byrds","floor":29,"turns":6},{"damage":22,"enemies":"Collector","floor":33,"turns":8},{"damage":13,"enemies":"Orb Walker","floor":35,"turns":4},{"damage":0,"enemies":"3 Shapes","floor":36,"turns":4},{"damage":25,"enemies":"Sphere and 2 Shapes","floor":37,"turns":5},{"damage":62,"enemies":"2 Orb Walkers","floor":38,"turns":3}],"seed_played":"982839091498969953","potions_obtained":[{"floor":10,"key":"Swift Potion"},{"floor":11,"key":"Swift Potion"},{"floor":16,"key":"SpeedPotion"},{"floor":18,"key":"Dexterity Potion"},{"floor":20,"key":"Ancient Potion"},{"floor":24,"key":"Explosive Potion"},{"floor":35,"key":"Dexterity Potion"},{"floor":36,"key":"PowerPotion"}],"is_trial":false,"path_per_floor":["M","?","M","M","$","R","M","R","T","E","M","$","R","M","R","B",null,"M","?","M","$","M","R","E","M","T","E","R","M","R","?","R","B",null,"M","M","M","?"],"character_chosen":"THE_SILENT","items_purchased":["Infinite Blades","Infinite Blades","Noxious Fumes"],"campfire_rested":1,"item_purchase_floors":[5,12,21],"current_hp_per_floor":[70,70,70,70,70,70,69,69,69,56,55,55,55,57,57,54,70,70,70,68,68,65,65,30,30,30,28,28,30,30,14,37,17,77,64,66,43,0],"gold":273,"neow_bonus":"ONE_RANDOM_RARE_CARD","is_prod":false,"is_daily":false,"chose_seed":false,"campfire_upgraded":7,"win_rate":0,"timestamp":1553156191,"path_taken":["M","?","M","M","$","R","?","R","T","E","M","$","R","M","R","BOSS","M","?","M","$","?","R","E","M","T","E","R","M","R","?","R","BOSS","M","M","M","?"],"build_version":"2019-01-23","purchased_purges":2,"victory":false,"max_hp_per_floor":[70,70,70,70,70,70,70,70,70,70,70,70,70,70,70,70,70,70,70,70,70,70,70,70,70,70,77,77,77,77,77,77,77,77,77,77,77,77],"card_choices":[{"not_picked":["Dagger Throw","Acrobatics"],"picked":"Poisoned Stab","floor":1},{"not_picked":["Expertise","Flying Knee"],"picked":"Blade Dance","floor":3},{"not_picked":["Tactician","PiercingWail"],"picked":"Prepared","floor":4},{"not_picked":["Flechettes","Reflex"],"picked":"Blade Dance","floor":7},{"not_picked":["PiercingWail","Flying Knee"],"picked":"Footwork","floor":10},{"not_picked":["PiercingWail","Dagger Throw"],"picked":"Backflip","floor":11},{"not_picked":["Crippling Poison","Endless Agony","Flechettes"],"picked":"SKIP","floor":14},{"not_picked":["Unload","Phantasmal Killer"],"picked":"A Thousand Cuts","floor":16},{"not_picked":["Sucker Punch","Deadly Poison"],"picked":"Cloak And Dagger","floor":18},{"not_picked":["Dagger Throw","Slice"],"picked":"Cloak And Dagger","floor":20},{"not_picked":["Dagger Spray","Dodge and Roll"],"picked":"Backflip+1","floor":22},{"not_picked":["Quick Slash","Backflip","Venomology"],"picked":"SKIP","floor":24},{"not_picked":["PiercingWail","Bane"],"picked":"Prepared+1","floor":25},{"not_picked":["Slice","Deflect","Dash"],"picked":"SKIP","floor":27},{"not_picked":["Slice","Cloak And Dagger","Dagger Throw"],"picked":"SKIP","floor":29},{"not_picked":["Die Die Die","Malaise"],"picked":"Envenom","floor":33},{"not_picked":["Blade Dance","Noxious Fumes"],"picked":"Prepared+1","floor":35},{"not_picked":["Reflex+1","Masterful Stab","Blade Dance"],"picked":"SKIP","floor":36},{"not_picked":["Blur","Dodge and Roll+1"],"picked":"Infinite Blades","floor":37}],"player_experience":98869,"relics_obtained":[{"floor":9,"key":"Incense Burner"},{"floor":10,"key":"Blood Vial"},{"floor":24,"key":"Calipers"},{"floor":26,"key":"Sundial"},{"floor":27,"key":"Strawberry"}],"event_choices":[{"cards_removed":["Poisoned Stab"],"damage_healed":0,"gold_gain":0,"player_choice":"Gave Card","damage_taken":0,"relics_obtained":["Tingsha"],"max_hp_gain":0,"max_hp_loss":0,"event_name":"WeMeetAgain","floor":2,"gold_loss":0},{"damage_healed":0,"gold_gain":100,"player_choice":"Bet on Murderer","damage_taken":0,"max_hp_gain":0,"max_hp_loss":0,"event_name":"The Joust","floor":19,"gold_loss":50},{"damage_healed":0,"gold_gain":0,"player_choice":"Obtained Book","damage_taken":16,"max_hp_gain":0,"max_hp_loss":0,"event_name":"Cursed Tome","floor":31,"gold_loss":0},{"damage_healed":0,"gold_gain":0,"player_choice":"Fight","damage_taken":0,"max_hp_gain":0,"max_hp_loss":0,"event_name":"Mysterious Sphere","floor":38,"gold_loss":0}],"is_beta":false,"boss_relics":[{"not_picked":["Ectoplasm","Cursed Key"],"picked":"WristBlade"},{"not_picked":["Eternal Feather","HoveringKite"],"picked":"Black Star"}],"items_purged_floors":[5,21],"is_endless":false,"potions_floor_spawned":[10,11,16,18,20,24,35,36],"killed_by":"2 Orb Walkers","ascension_level":1}