{"path_per_floor":["M","M","?","M","?","E","R","M","T","E","R","E","$","?","R","B",null,"M","?","$","?","M","R","E","M","T","R","$","R","?","?","R","B",null,"M","?","$","?","$","R","?","E","T","?","M","T"],"character_chosen":"DEFECT","items_purchased":["Auto Shields+1","Cold Snap","Capacitor","Storm","Melter","Leap+1","Consume+1","Self Repair","Steam+1"],"gold_per_floor":[116,131,131,150,115,141,141,158,158,185,185,214,69,69,69,171,201,213,213,70,70,52,52,84,99,122,122,95,95,95,95,95,192,192,202,202,50,50,25,25,25,53,79,433,452,452,452],"floor_reached":47,"campfire_rested":4,"playtime":2238,"item_purchase_floors":[13,13,13,20,20,28,37,37,39],"current_hp_per_floor":[75,61,46,46,64,45,45,38,38,29,66,44,44,44,75,38,80,70,70,70,70,42,80,46,37,37,76,76,76,76,76,76,15,80,20,20,20,70,70,70,70,52,52,35,15,15,0],"items_purged":[],"gold":452,"score":533,"play_id":"e8e1cb6d-c3f2-448b-a8cb-b23ae757b688","local_time":"20180525133004","is_prod":false,"is_daily":false,"chose_seed":false,"is_ascension_mode":false,"campfire_upgraded":4,"win_rate":0,"timestamp":1527247804,"campfire_choices":[{"data":"Fusion","floor":7,"key":"SMITH"},{"floor":11,"key":"REST"},{"floor":15,"key":"REST"},{"floor":23,"key":"REST"},{"floor":27,"key":"REST"},{"data":"Storm","floor":29,"key":"SMITH"},{"data":"Hello World","floor":32,"key":"SMITH"},{"data":"Capacitor","floor":40,"key":"SMITH"}],"path_taken":["M","M","?","?","?","E","R","M","T","E","R","E","$","?","R","BOSS","M","?","$","?","M","R","E","?","T","R","$","R","?","?","R","BOSS","M","?","$","?","$","R","?","E","T","?","M","?","M"],"build_version":"2018-05-24","seed_source_timestamp":104430481136886,"purchased_purges":0,"victory":false,"master_deck":["Strike_B+1","Strike_B+1","Strike_B+1","Defend_B+1","Defend_B+1","Defend_B+1","Defend_B+1","Zap+1","Dualcast","Fission","Barrage+1","Ball Lightning","Loop","Fusion+1","Ball Lightning","Reinforced Body+1","Hello World+1","Auto Shields+1","Cold Snap","Capacitor+1","Skim+1","FTL","Storm+1","Melter","Leap+1","Barrage+1","Turbo+1","Leap+1","Ball Lightning","Rainbow+1","Darkness+1","Consume+1","Self Repair","Steam+1","BootSequence+1","Pain","Stack+1","Ball Lightning+1","Normality"],"max_hp_per_floor":[75,75,75,75,75,75,75,75,75,75,75,75,75,75,75,75,80,80,80,80,80,80,80,80,80,80,80,80,80,80,80,80,80,80,80,80,80,70,70,70,70,70,70,70,70,70,70],"relics":["Cracked Core","Regal Pillow","Anchor","Toxic Egg 2","Kunai","Tiny House","Calipers","Juzu Bracelet","Cursed Key","Orichalcum","Blood Vial","Old Coin","Gremlin Horn"],"card_choices":[{"not_picked":["Cold Snap","Steam"],"picked":"Barrage","floor":1},{"not_picked":["Coolheaded","Leap"],"picked":"Ball Lightning","floor":2},{"not_picked":["Rip and Tear","Conserve Battery"],"picked":"Loop","floor":4},{"not_picked":["Turbo","Stack"],"picked":"Fusion","floor":6},{"not_picked":["Conserve Battery","Compile Driver"],"picked":"Ball Lightning","floor":8},{"not_picked":["Biased Cognition","Sweeping Beam"],"picked":"Reinforced Body","floor":10},{"not_picked":["Streamline","Turbo+1"],"picked":"Hello World","floor":12},{"not_picked":["Biased Cognition","Fission+1"],"picked":"Reboot+1","floor":16},{"not_picked":["Reprogram+1","Streamline"],"picked":"Skim+1","floor":17},{"not_picked":["Fusion+1","Sweeping Beam"],"picked":"FTL","floor":18},{"not_picked":["Coolheaded+1","Rip and Tear+1"],"picked":"Leap+1","floor":22},{"not_picked":["Ball Lightning","Coolheaded+1"],"picked":"Barrage+1","floor":24},{"not_picked":["Coolheaded+1","Melter"],"picked":"Turbo+1","floor":25},{"not_picked":["Biased Cognition","Buffer"],"picked":"Rainbow+1","floor":33},{"not_picked":["Rebound","Hello World+1"],"picked":"Darkness+1","floor":35},{"not_picked":["Gash+1","Streamline"],"picked":"BootSequence+1","floor":42},{"not_picked":["Barrage","Redo+1"],"picked":"Stack+1","floor":44},{"not_picked":["Go for the Eyes+1","Cold Snap+1"],"picked":"Ball Lightning+1","floor":45}],"player_experience":19514,"potions_floor_usage":[10,16,16,33,33,35,35,44,47],"damage_taken":[{"damage":0,"enemies":"2 Louse","floor":1,"turns":2},{"damage":14,"enemies":"Jaw Worm","floor":2,"turns":4},{"damage":0,"enemies":"Cultist","floor":4,"turns":2},{"damage":19,"enemies":"3 Sentries","floor":6,"turns":5},{"damage":7,"enemies":"Blue Slaver","floor":8,"turns":2},{"damage":14,"enemies":"Gremlin Nob","floor":10,"turns":3},{"damage":22,"enemies":"3 Sentries","floor":12,"turns":6},{"damage":51,"enemies":"Hexaghost","floor":16,"turns":7},{"damage":10,"enemies":"Chosen","floor":18,"turns":5},{"damage":28,"enemies":"2 Thieves","floor":22,"turns":4},{"damage":34,"enemies":"Gremlin Leader","floor":24,"turns":8},{"damage":9,"enemies":"Centurion and Healer","floor":25,"turns":5},{"damage":61,"enemies":"Automaton","floor":33,"turns":8},{"damage":60,"enemies":"3 Darklings","floor":35,"turns":5},{"damage":18,"enemies":"Nemesis","floor":42,"turns":5},{"damage":26,"enemies":"Mysterious Sphere","floor":44,"turns":6},{"damage":29,"enemies":"Flame Bruiser 1 Orb","floor":45,"turns":6},{"damage":39,"enemies":"Transient","floor":47,"turns":5}],"relics_obtained":[{"floor":6,"key":"Regal Pillow"},{"floor":9,"key":"Anchor"},{"floor":10,"key":"Toxic Egg 2"},{"floor":12,"key":"Kunai"},{"floor":24,"key":"Calipers"},{"floor":26,"key":"Juzu Bracelet"},{"floor":42,"key":"Orichalcum"},{"floor":43,"key":"Blood Vial"},{"floor":44,"key":"Old Coin"},{"floor":46,"key":"Gremlin Horn"}],"event_choices":[{"event_name":"Shining Light","player_choice":"Entered Light","floor":3,"damage_taken":0},{"event_name":"The Cleric","player_choice":"Healed","floor":5,"damage_taken":0},{"event_name":"Living Wall","player_choice":"Grow","floor":14,"damage_taken":0},{"event_name":"Wheel of Change","player_choice":"Card Removal","floor":19,"damage_taken":0},{"event_name":"The Lab","player_choice":"Got Potions","floor":21,"damage_taken":0},{"event_name":"Back to Basics","player_choice":"Simplicity","floor":30,"damage_taken":0},{"event_name":"Match and Keep!","player_choice":"1 cards matched","floor":31,"damage_taken":0},{"event_name":"SecretPortal","player_choice":"Rejected Portal.","floor":36,"damage_taken":0},{"event_name":"The Moai Head","player_choice":"Heal","floor":38,"damage_taken":0},{"event_name":"Mysterious Sphere","player_choice":"Fight","floor":44,"damage_taken":0}],"boss_relics":[{"not_picked":["White Beast Statue","Orrery"],"picked":"Tiny House"},{"not_picked":["Philosopher\u0027s Stone","Snecko Eye"],"picked":"Cursed Key"}],"items_purged_floors":[],"potions_floor_spawned":[2,10,12,16,24,35,42],"seed_played":"-7572258629318895981","killed_by":"Transient","ascension_level":0,"potions_obtained":[{"floor":2,"key":"Regen Potion"},{"floor":10,"key":"LiquidBronze"},{"floor":12,"key":"Regen Potion"},{"floor":16,"key":"GamblersBrew"},{"floor":17,"key":"EntropicBrew"},{"floor":21,"key":"EntropicBrew"},{"floor":24,"key":"Regen Potion"},{"floor":35,"key":"Energy Potion"},{"floor":42,"key":"Ancient Potion"}],"is_trial":false}