{"gold_per_floor":[118,193,193,211,11,50,69,103,103,134,134,173,26,40,40,136,136,149,329,349,349,349,349,378,378,423,64,99,133,147,167,167,244,244,255,268,99,114,132,159,159,179,179,179,205,205,240,257,257,257,257,257,257,200,227,227],"floor_reached":56,"playtime":4591,"items_purged":["Writhe"],"score":2381,"play_id":"cce634af-bcfa-4cae-8fc2-8923baa6ef23","local_time":"20190331005837","is_ascension_mode":true,"campfire_choices":[{"data":"Mayhem","floor":11.0,"key":"SMITH"},{"floor":15.0,"key":"REST"},{"data":"Defragment","floor":23.0,"key":"SMITH"},{"data":"Sunder","floor":32.0,"key":"SMITH"},{"floor":41.0,"key":"RECALL"},{"floor":46.0,"key":"REST"},{"floor":49.0,"key":"REST"},{"floor":53.0,"key":"REST"}],"neow_cost":"NONE","seed_source_timestamp":29602781949821,"circlet_count":0,"master_deck":["AscendersBane","Strike_B+1","Strike_B+1","Strike_B+1","Strike_B+1","Defend_B+1","Defend_B+1","Defend_B+1","Defend_B+1","Zap","Dualcast","Glacier","Mayhem+1","Glacier","Sunder+1","Thunder Strike","Creative AI","Gash","Core Surge","Defragment+1","Loop+1","White Noise","Leap+1","Seek","Undo","Coolheaded+1","Glacier"],"special_seed":0,"relics":["Cracked Core","NeowsBlessing","Bloody Idol","Ornamental Fan","Ginger","FossilizedHelix","Centennial Puzzle","Bird Faced Urn","Kunai","Snecko Eye","Oddly Smooth Stone","DataDisk","Strawberry","Pear","Dream Catcher","Red Mask","Fusion Hammer","Lantern","Matryoshka","Pen Nib","Ice Cream","Bag of Preparation","Pantograph"],"potions_floor_usage":[56],"damage_taken":[{"damage":0.0,"enemies":"Jaw Worm","floor":1.0,"turns":1.0},{"damage":0.0,"enemies":"Small Slimes","floor":4.0,"turns":1.0},{"damage":0.0,"enemies":"Lagavulin","floor":6.0,"turns":1.0},{"damage":0.0,"enemies":"Cultist","floor":7.0,"turns":6.0},{"damage":23.0,"enemies":"3 Sentries","floor":8.0,"turns":15.0},{"damage":0.0,"enemies":"Gremlin Nob","floor":10.0,"turns":4.0},{"damage":3.0,"enemies":"Lagavulin","floor":12.0,"turns":8.0},{"damage":16.0,"enemies":"Gremlin Gang","floor":14.0,"turns":4.0},{"damage":0.0,"enemies":"Slime Boss","floor":16.0,"turns":9.0},{"damage":0.0,"enemies":"Chosen","floor":18.0,"turns":4.0},{"damage":0.0,"enemies":"Shell Parasite","floor":20.0,"turns":10.0},{"damage":25.0,"enemies":"Book of Stabbing","floor":24.0,"turns":7.0},{"damage":24.0,"enemies":"Gremlin Leader","floor":28.0,"turns":7.0},{"damage":0.0,"enemies":"Masked Bandits","floor":29.0,"turns":5.0},{"damage":0.0,"enemies":"Centurion and Healer","floor":30.0,"turns":9.0},{"damage":0.0,"enemies":"Cultist and Chosen","floor":31.0,"turns":7.0},{"damage":41.0,"enemies":"Collector","floor":33.0,"turns":11.0},{"damage":0.0,"enemies":"Orb Walker","floor":35.0,"turns":4.0},{"damage":0.0,"enemies":"3 Shapes","floor":36.0,"turns":6.0},{"damage":17.0,"enemies":"3 Darklings","floor":38.0,"turns":6.0},{"damage":17.0,"enemies":"Sphere and 2 Shapes","floor":39.0,"turns":8.0},{"damage":0.0,"enemies":"Reptomancer","floor":40.0,"turns":5.0},{"damage":9.0,"enemies":"4 Shapes","floor":42.0,"turns":5.0},{"damage":0.0,"enemies":"Giant Head","floor":45.0,"turns":9.0},{"damage":5.0,"enemies":"Nemesis","floor":47.0,"turns":9.0},{"damage":8.0,"enemies":"Jaw Worm Horde","floor":48.0,"turns":6.0},{"damage":62.0,"enemies":"Awakened One","floor":50.0,"turns":16.0},{"damage":0.0,"enemies":"Donu and Deca","floor":51.0,"turns":7.0},{"damage":55.0,"enemies":"Shield and Spear","floor":55.0,"turns":11.0},{"damage":105,"enemies":"The Heart","floor":56,"turns":9}],"seed_played":"1009701063951206962","potions_obtained":[{"floor":1.0,"key":"EssenceOfSteel"},{"floor":6.0,"key":"FocusPotion"},{"floor":20.0,"key":"FearPotion"},{"floor":28.0,"key":"SneckoOil"},{"floor":33.0,"key":"Poison Potion"},{"floor":35.0,"key":"SteroidPotion"},{"floor":36.0,"key":"Explosive Potion"},{"floor":42.0,"key":"Strength Potion"}],"is_trial":false,"path_per_floor":["M","?","?","M","$","E","M","E","T","E","R","E","?","M","R","B",null,"M","?","M","?","?","R","E","?","T","$","E","?","M","M","R","B",null,"M","M","$","M","M","E","R","M","T","$","E","R","E","M","R","B","B",null,"R","$","E","B"],"character_chosen":"DEFECT","items_purchased":["Mayhem","Pear","Lantern","SpeedPotion"],"campfire_rested":4,"item_purchase_floors":[5,27,37,54],"current_hp_per_floor":[64,53,53,53,53,53,53,30,30,30,30,27,27,13,32,50,61,63,45,64,64,64,64,53,53,65,75,72,79,81,81,81,63,77,81,81,81,81,81,81,81,81,81,81,81,81,81,81,81,45,65,77,81,81,57,0],"gold":227,"neow_bonus":"THREE_ENEMY_KILL","is_prod":false,"is_daily":false,"chose_seed":false,"campfire_upgraded":3,"win_rate":0,"timestamp":1553990317,"path_taken":["M","?","?","M","$","E","M","E","T","E","R","E","?","M","R","BOSS","M","?","?","?","?","R","E","?","T","$","E","?","M","M","R","BOSS","M","M","$","M","M","E","R","M","T","$","E","R","E","M","R","BOSS","BOSS","R","$","E","BOSS"],"build_version":"2019-03-15","purchased_purges":1,"victory":false,"max_hp_per_floor":[71,71,64,64,64,64,64,64,64,64,64,64,64,64,64,64,64,64,64,64,64,64,64,64,64,71,81,81,81,81,81,81,81,81,81,81,81,81,81,81,81,81,81,81,81,81,81,81,81,81,81,81,81,81,81,81],"card_choices":[{"not_picked":["Chaos","Doom and Gloom"],"picked":"Glacier","floor":1.0},{"not_picked":["Turbo","Scrape","Redo"],"picked":"SKIP","floor":4.0},{"not_picked":["Go for the Eyes","Cold Snap"],"picked":"Glacier","floor":6.0},{"not_picked":["Tempest","Steam"],"picked":"Sunder","floor":7.0},{"not_picked":["Conserve Battery","Gash"],"picked":"Thunder Strike","floor":8.0},{"not_picked":["Go for the Eyes","Redo","Static Discharge"],"picked":"SKIP","floor":10.0},{"not_picked":["Redo","Go for the Eyes"],"picked":"Creative AI","floor":12.0},{"not_picked":["Beam Cell","Sweeping Beam"],"picked":"Gash","floor":14.0},{"not_picked":["All For One","Amplify"],"picked":"Core Surge","floor":16.0},{"not_picked":["Rebound","Conserve Battery","Stack"],"picked":"SKIP","floor":18.0},{"not_picked":["Capacitor+1","Lockon+1"],"picked":"Defragment","floor":20.0},{"not_picked":["Turbo","Barrage","Gash"],"picked":"SKIP","floor":24.0},{"not_picked":["Compile Driver","Streamline","Go for the Eyes"],"picked":"SKIP","floor":28.0},{"not_picked":["Leap","Machine Learning","Coolheaded"],"picked":"SKIP","floor":30.0},{"not_picked":["Turbo+1","Streamline","Blizzard"],"picked":"SKIP","floor":31.0},{"not_picked":["Hologram","Barrage+1"],"picked":"Loop+1","floor":35.0},{"not_picked":["Streamline","Scrape","Tempest"],"picked":"SKIP","floor":36.0},{"not_picked":["Darkness","Melter","Leap"],"picked":"SKIP","floor":38.0},{"not_picked":["Melter+1","Aggregate"],"picked":"White Noise","floor":39.0},{"not_picked":["Melter","Leap","Go for the Eyes"],"picked":"SKIP","floor":40.0},{"not_picked":["Hologram+1","Beam Cell"],"picked":"Leap+1","floor":42.0},{"not_picked":["Hologram","Amplify"],"picked":"Seek","floor":45.0},{"not_picked":["BootSequence","Steam"],"picked":"Undo","floor":46.0},{"not_picked":["Lockon+1","Sweeping Beam","Go for the Eyes"],"picked":"SKIP","floor":47.0},{"not_picked":["Aggregate","Turbo","Blizzard"],"picked":"SKIP","floor":48.0},{"not_picked":["Undo+1","Turbo"],"picked":"Coolheaded+1","floor":49.0},{"not_picked":["Turbo","Conserve Battery"],"picked":"Glacier","floor":55.0}],"player_experience":1036471,"relics_obtained":[{"floor":6.0,"key":"Ornamental Fan"},{"floor":8.0,"key":"Ginger"},{"floor":9.0,"key":"FossilizedHelix"},{"floor":10.0,"key":"Centennial Puzzle"},{"floor":12.0,"key":"Bird Faced Urn"},{"floor":24.0,"key":"DataDisk"},{"floor":26.0,"key":"Strawberry"},{"floor":28.0,"key":"Dream Catcher"},{"floor":29.0,"key":"Red Mask"},{"floor":40.0,"key":"Matryoshka"},{"floor":43.0,"key":"Pen Nib"},{"floor":45.0,"key":"Ice Cream"},{"floor":47.0,"key":"Bag of Preparation"},{"floor":55.0,"key":"Pantograph"}],"event_choices":[{"damage_healed":0.0,"max_hp_gain":0.0,"max_hp_loss":0.0,"gold_gain":75.0,"event_name":"World of Goop","player_choice":"Gather Gold","floor":2.0,"gold_loss":0.0,"damage_taken":11.0},{"damage_healed":0.0,"max_hp_gain":0.0,"max_hp_loss":7.0,"gold_gain":0.0,"event_name":"Golden Idol","player_choice":"Lose Max HP","floor":3.0,"gold_loss":0.0,"damage_taken":0.0,"relics_obtained":["Golden Idol"]},{"damage_healed":0.0,"max_hp_gain":0.0,"max_hp_loss":0.0,"gold_gain":0.0,"event_name":"WeMeetAgain","player_choice":"Paid Gold","floor":13.0,"gold_loss":147.0,"damage_taken":0.0,"relics_obtained":["Kunai"]},{"damage_healed":0.0,"max_hp_gain":0.0,"max_hp_loss":0.0,"gold_gain":180.0,"event_name":"Knowing Skull","player_choice":"GOLD GOLD ","floor":19.0,"potions_obtained":[],"gold_loss":0.0,"damage_taken":18.0,"cards_obtained":[]},{"damage_healed":0.0,"max_hp_gain":0.0,"max_hp_loss":0.0,"gold_gain":0.0,"event_name":"The Mausoleum","player_choice":"Opened","floor":21.0,"gold_loss":0.0,"damage_taken":0.0,"relics_obtained":["Oddly Smooth Stone"],"cards_obtained":["Writhe"]},{"damage_healed":0.0,"max_hp_gain":0.0,"max_hp_loss":0.0,"gold_gain":0.0,"event_name":"Forgotten Altar","player_choice":"Gave Idol","floor":22.0,"relics_lost":["Golden Idol"],"gold_loss":0.0,"damage_taken":0.0,"relics_obtained":["Bloody Idol"]},{"damage_healed":0.0,"max_hp_gain":0.0,"max_hp_loss":0.0,"gold_gain":0.0,"event_name":"Back to Basics","player_choice":"Simplicity","floor":25.0,"gold_loss":0.0,"damage_taken":0.0,"cards_upgraded":["Strike_B","Strike_B","Strike_B","Strike_B","Defend_B","Defend_B","Defend_B","Defend_B"]},{"damage_healed":0.0,"max_hp_gain":0.0,"max_hp_loss":0.0,"gold_gain":0.0,"event_name":"Masked Bandits","player_choice":"Fought Bandits","floor":29.0,"gold_loss":0.0,"damage_taken":0.0}],"is_beta":true,"boss_relics":[{"not_picked":["Astrolabe","Cursed Key"],"picked":"Snecko Eye"},{"not_picked":["Runic Dome","Runic Pyramid"],"picked":"Fusion Hammer"}],"items_purged_floors":[27],"is_endless":false,"potions_floor_spawned":[1,6,7,20,28,33,35,36,42,45,47],"killed_by":"The Heart","ascension_level":20}