{"gold_per_floor":[114,125,50,50,50,50,0,12,12,12,46,58,58,68,68,172,172,183,34,53,53,70,70,70,83,83,83,98,98,108,125,125,221,271,284,37,112,112,132,132,150,150,173,273,273,291,291,301,301,301],"floor_reached":50,"playtime":3915,"items_purged":["Strike_R","Barricade"],"score":519,"play_id":"ef71bce7-c3c9-4ed2-a277-428ba6c1a90b","local_time":"20181203012232","is_ascension_mode":false,"campfire_choices":[{"data":"Inflame","floor":6,"key":"SMITH"},{"floor":10,"key":"RECALL"},{"data":"Uppercut","floor":15,"key":"SMITH"},{"data":"Fiend Fire","floor":23,"key":"SMITH"},{"floor":27,"key":"REST"},{"floor":32,"key":"REST"},{"data":"Brutality","floor":40,"key":"SMITH"},{"floor":42,"key":"REST"},{"floor":49,"key":"REST"}],"neow_cost":"PERCENT_DAMAGE","seed_source_timestamp":51834300958271,"circlet_count":0,"master_deck":["Strike_R","Strike_R","Strike_R","Defend_R","Defend_R","Defend_R","Bash","Inflame+1","Whirlwind","Uppercut+1","Fiend Fire+1","Shrug It Off+1","Limit Break+1","Bandage Up+1","Twin Strike+1","Anger","Brutality+1","Warcry+1","Battle Trance+1"],"relics":["Burning Blood","Pear","Toxic Egg 2","Sozu","Oddly Smooth Stone","Tiny House","Vajra","Charon\u0027s Ashes","Bottled Flame"],"potions_floor_usage":[16,16,46],"damage_taken":[{"damage":0,"enemies":"2 Louse","floor":1,"turns":3},{"damage":5,"enemies":"Jaw Worm","floor":2,"turns":5},{"damage":1,"enemies":"Small Slimes","floor":8,"turns":3},{"damage":20,"enemies":"Gremlin Nob","floor":11,"turns":4},{"damage":4,"enemies":"3 Louse","floor":12,"turns":2},{"damage":17,"enemies":"Exordium Thugs","floor":14,"turns":3},{"damage":49,"enemies":"The Guardian","floor":16,"turns":10},{"damage":22,"enemies":"Spheric Guardian","floor":18,"turns":4},{"damage":11,"enemies":"Shell Parasite","floor":20,"turns":5},{"damage":33,"enemies":"Shelled Parasite and Fungi","floor":22,"turns":6},{"damage":20,"enemies":"Centurion and Healer","floor":25,"turns":6},{"damage":28,"enemies":"Sentry and Sphere","floor":28,"turns":5},{"damage":21,"enemies":"Snake Plant","floor":30,"turns":3},{"damage":4,"enemies":"Centurion and Healer","floor":31,"turns":5},{"damage":66,"enemies":"Champ","floor":33,"turns":10},{"damage":20,"enemies":"Orb Walker","floor":35,"turns":3},{"damage":31,"enemies":"3 Shapes","floor":39,"turns":6},{"damage":33,"enemies":"Spire Growth","floor":41,"turns":4},{"damage":50,"enemies":"Mind Bloom Boss Battle","floor":44,"turns":5},{"damage":6,"enemies":"Transient","floor":46,"turns":5},{"damage":33,"enemies":"Jaw Worm Horde","floor":48,"turns":4},{"damage":85,"enemies":"Awakened One","floor":50,"turns":4}],"seed_played":"-8125270017030431236","potions_obtained":[{"floor":1,"key":"BloodPotion"},{"floor":8,"key":"Swift Potion"},{"floor":14,"key":"Explosive Potion"}],"is_trial":false,"path_per_floor":["M","M","$","?","?","R","?","M","T","R","E","M","?","M","R","B",null,"M","$","M","?","M","R","$","M","T","R","M","$","M","M","R","B",null,"M","$","?","$","M","R","M","R","T","?","?","M","T","M","R","B"],"character_chosen":"IRONCLAD","items_purchased":["Limit Break+1","Vajra"],"campfire_rested":4,"item_purchase_floors":[19,36],"current_hp_per_floor":[78,79,79,79,84,84,84,89,99,99,85,87,87,76,76,33,111,95,95,90,90,69,69,69,61,61,94,78,78,69,77,110,51,116,102,102,91,91,72,72,51,85,85,47,47,64,64,43,77,0],"gold":301,"neow_bonus":"TWENTY_PERCENT_HP_BONUS","is_prod":false,"is_daily":false,"chose_seed":false,"campfire_upgraded":4,"win_rate":0,"timestamp":1543796552,"path_taken":["M","M","$","?","?","R","?","M","T","R","E","M","?","M","R","BOSS","M","$","?","?","M","R","$","M","T","R","M","?","?","M","R","BOSS","M","$","?","?","?","R","M","R","T","?","?","M","?","M","R","BOSS"],"build_version":"2018-11-15","purchased_purges":2,"victory":false,"max_hp_per_floor":[96,96,96,96,101,101,101,101,111,111,111,111,111,111,111,111,111,111,111,111,111,111,111,111,111,111,111,111,111,111,111,111,111,116,116,116,116,116,116,116,116,116,116,116,116,116,116,116,116,116],"card_choices":[{"not_picked":["Evolve","Clash","Wild Strike"],"picked":"SKIP","floor":1},{"not_picked":["Dropkick","Carnage"],"picked":"Inflame","floor":2},{"not_picked":["True Grit","Clash","Clothesline"],"picked":"SKIP","floor":8},{"not_picked":["Iron Wave","Ghostly Armor"],"picked":"Whirlwind","floor":11},{"not_picked":["Combust","Ghostly Armor+1"],"picked":"Uppercut","floor":12},{"not_picked":["Flex+1","Searing Blow","Armaments+1"],"picked":"SKIP","floor":14},{"not_picked":["Fiend Fire","Juggernaut"],"picked":"Barricade","floor":16},{"not_picked":["Metallicize","True Grit+1"],"picked":"Shrug It Off+1","floor":18},{"not_picked":["Body Slam","Pommel Strike","Rupture"],"picked":"SKIP","floor":20},{"not_picked":["Headbutt","Fire Breathing"],"picked":"Twin Strike","floor":22},{"not_picked":["Clash","Carnage","Pommel Strike"],"picked":"SKIP","floor":25},{"not_picked":["Pommel Strike","Rupture+1","Iron Wave"],"picked":"SKIP","floor":28},{"not_picked":["Sword Boomerang","Double Tap+1","Pummel"],"picked":"SKIP","floor":30},{"not_picked":["Flex+1","Reckless Charge"],"picked":"Anger","floor":31},{"not_picked":["Double Tap+1","Feed"],"picked":"Brutality","floor":33},{"not_picked":["Wild Strike","Iron Wave"],"picked":"Warcry+1","floor":34},{"not_picked":["Spot Weakness+1","Perfected Strike+1"],"picked":"Battle Trance+1","floor":35},{"not_picked":["Blood for Blood+1","Corruption+1","Clash"],"picked":"SKIP","floor":39},{"not_picked":["Evolve+1","Rage+1","Body Slam+1"],"picked":"SKIP","floor":41},{"not_picked":["Infernal Blade+1","Clothesline+1","Ghostly Armor+1"],"picked":"SKIP","floor":46},{"not_picked":["Iron Wave","Seeing Red+1","Clash"],"picked":"SKIP","floor":48}],"player_experience":202184,"relics_obtained":[{"floor":9,"key":"Pear"},{"floor":11,"key":"Toxic Egg 2"},{"floor":26,"key":"Oddly Smooth Stone"},{"floor":44,"key":"Charon\u0027s Ashes"},{"floor":47,"key":"Bottled Flame"}],"event_choices":[{"damage_healed":0,"gold_gain":0,"player_choice":"Ignored","damage_taken":0,"max_hp_gain":0,"max_hp_loss":0,"event_name":"Liars Game","floor":4,"gold_loss":0},{"damage_healed":0,"gold_gain":0,"player_choice":"Donut","damage_taken":0,"max_hp_gain":5,"max_hp_loss":0,"event_name":"Big Fish","floor":5,"gold_loss":0},{"cards_removed":["Defend_R"],"damage_healed":0,"gold_gain":0,"player_choice":"Card Removal","damage_taken":0,"max_hp_gain":0,"max_hp_loss":0,"event_name":"The Cleric","floor":7,"gold_loss":50},{"damage_healed":0,"gold_gain":0,"player_choice":"1 cards matched","damage_taken":0,"max_hp_gain":0,"max_hp_loss":0,"event_name":"Match and Keep!","floor":13,"gold_loss":0,"cards_obtained":["Fiend Fire"]},{"damage_healed":0,"gold_gain":0,"player_choice":"1 cards matched","damage_taken":0,"max_hp_gain":0,"max_hp_loss":0,"event_name":"Match and Keep!","floor":21,"gold_loss":0,"cards_obtained":["Bandage Up"]},{"damage_healed":0,"gold_gain":75,"player_choice":"Touch","damage_taken":11,"max_hp_gain":0,"max_hp_loss":0,"event_name":"FaceTrader","floor":37,"gold_loss":0},{"damage_healed":0,"gold_gain":0,"player_choice":"Fight","damage_taken":0,"max_hp_gain":0,"max_hp_loss":0,"event_name":"MindBloom","floor":44,"gold_loss":0},{"cards_removed":["Strike_R"],"damage_healed":0,"gold_gain":0,"player_choice":"Removed Attack","damage_taken":0,"max_hp_gain":0,"max_hp_loss":0,"event_name":"Falling","floor":45,"gold_loss":0}],"is_beta":false,"boss_relics":[{"not_picked":["Cursed Key","Fusion Hammer"],"picked":"Sozu"},{"not_picked":["Snecko Eye","Busted Crown"],"picked":"Tiny House"}],"items_purged_floors":[3,36],"is_endless":false,"potions_floor_spawned":[1,8,14,22,30,35,41],"killed_by":"Awakened One","ascension_level":0}