{"path_per_floor":["M","M","?","M","?","R","M","E","T","E","?","?","R","M","R","B",null,"M","?","?","M","?"],"character_chosen":"IRONCLAD","items_purchased":[],"gold_per_floor":[115,132,132,145,220,220,231,259,259,292,292,292,292,303,303,403,403,414,329,254,274,524],"floor_reached":23,"campfire_rested":1,"playtime":1166,"current_hp_per_floor":[88,83,83,84,73,73,70,64,64,51,48,30,56,62,62,60,88,52,52,52,69,75],"items_purged":[],"gold":524,"score":209,"play_id":"077a8737-5d49-414f-8a34-a8a9fa6e256b","local_time":"20180315115618","is_prod":false,"is_daily":false,"is_ascension_mode":true,"campfire_upgraded":2,"timestamp":1521111378,"path_taken":["M","M","?","M","?","R","?","E","T","E","?","?","R","M","R","BOSS","M","?","?","M","?","E"],"build_version":"2018-03-09","purchased_purges":0,"victory":false,"master_deck":["Strike_R","Strike_R+1","Strike_R","Strike_R+1","Defend_R","Defend_R","Defend_R","Defend_R","Bash","Sword Boomerang","Rage+1","Flame Barrier","Pommel Strike","Whirlwind","Body Slam","Armaments+1","Barricade","Ghostly Armor","Shrug It Off+1","Regret"],"max_hp_per_floor":[88,88,88,88,88,88,88,88,88,88,88,88,88,88,88,88,88,88,88,88,88,94],"relics":["Burning Blood","Meat on the Bone","Bird Faced Urn","Thread and Needle","Darkstone Periapt","Question Card","Prayer Wheel"],"card_choices":[{"not_picked":["Disarm","Reckless Charge"],"picked":"Sword Boomerang"},{"not_picked":["Carnage","Clothesline"],"picked":"Rage"},{"not_picked":["Corruption","Entrench"],"picked":"Flame Barrier"},{"not_picked":["Immolate","Headbutt"],"picked":"Pommel Strike"},{"not_picked":["Pommel Strike","Twin Strike"],"picked":"Whirlwind"},{"not_picked":["Clash","Pommel Strike"],"picked":"Body Slam"},{"not_picked":["Shrug It Off","Dual Wield"],"picked":"Armaments"},{"not_picked":["Feed","Berserk"],"picked":"Barricade"},{"not_picked":["Sentinel","Clothesline","Anger"],"picked":"Ghostly Armor"},{"not_picked":["Pommel Strike","Clash","Anger"],"picked":"Shrug It Off"}],"player_experience":136167,"potions_floor_usage":[8,16,16,21,23],"damage_taken":[{"damage":0,"enemies":"2 Louse","floor":1,"turns":4},{"damage":11,"enemies":"Jaw Worm","floor":2,"turns":4},{"damage":5,"enemies":"Cultist","floor":4,"turns":5},{"damage":9,"enemies":"Exordium Wildlife","floor":7,"turns":5},{"damage":12,"enemies":"Gremlin Nob","floor":8,"turns":4},{"damage":31,"enemies":"Lagavulin","floor":10,"turns":11},{"damage":12,"enemies":"Exordium Thugs","floor":14,"turns":6},{"damage":20,"enemies":"Slime Boss","floor":16,"turns":9},{"damage":42,"enemies":"Spheric Guardian","floor":18,"turns":10},{"damage":6,"enemies":"Shell Parasite","floor":21,"turns":12},{"damage":87,"enemies":"Gremlin Leader","floor":23,"turns":7}],"event_choices":[{"event_name":"The Cleric","player_choice":"Leave","floor":3,"damage_taken":0},{"event_name":"World of Goop","player_choice":"Gather Gold","floor":5,"damage_taken":0},{"event_name":"Scrap Ooze","player_choice":"success","floor":11,"damage_taken":3},{"event_name":"Shining Light","player_choice":"Entered Light","floor":12,"damage_taken":0},{"event_name":"Addict","player_choice":"Obtained Relic","floor":19,"damage_taken":0},{"event_name":"Beggar","player_choice":"Gave Gold","floor":20,"damage_taken":0},{"event_name":"Golden Shrine","player_choice":"Desecrate","floor":22,"damage_taken":0}],"boss_relics":[{"not_picked":["Cursed Key","Pandora\u0027s Box"],"picked":"Question Card"}],"potions_floor_spawned":[4,7,14,16,21],"seed_played":"3647859620552249054","killed_by":"Gremlin Leader","ascension_level":1,"is_trial":false}