{"gold_per_floor":[210,228,246,96,96,96,139,139,139,139,177,28,28,28,28,154,154,175,199,218,16,29,68,68,91,116,129,129,129],"floor_reached":29,"playtime":2815,"items_purged":["Strike_B"],"score":291,"play_id":"6b96c858-35b9-4f24-b17f-0844d16c2b9b","local_time":"20190329230517","is_ascension_mode":true,"campfire_choices":[{"data":"Double Energy","floor":6.0,"key":"SMITH"},{"floor":8.0,"key":"RECALL"},{"data":"Zap","floor":10.0,"key":"SMITH"},{"floor":15.0,"key":"REST"},{"floor":28.0,"key":"REST"}],"neow_cost":"NONE","seed_source_timestamp":141132180461091,"circlet_count":0,"master_deck":["Strike_B","Strike_B","Strike_B","Defend_B","Defend_B","Defend_B","Defend_B","Zap+1","Dualcast","Auto Shields","Double Energy+1","Chill","Undo","Conserve Battery","Defragment+1","Sunder+1","Amplify","Barrage","Sweeping Beam","Rebound","Ball Lightning","BootSequence+1","Compile Driver","Sweeping Beam","Stack+1"],"special_seed":0,"relics":["Cracked Core","Golden Idol","Mercury Hourglass","Dream Catcher","Art of War","Nuclear Battery","Runic Capacitor","Dodecahedron","Ancient Tea Set"],"potions_floor_usage":[29],"damage_taken":[{"damage":0.0,"enemies":"Small Slimes","floor":1.0,"turns":3.0},{"damage":9.0,"enemies":"2 Louse","floor":2.0,"turns":3.0},{"damage":1.0,"enemies":"Cultist","floor":3.0,"turns":3.0},{"damage":4.0,"enemies":"Lagavulin","floor":7.0,"turns":13.0},{"damage":38.0,"enemies":"Gremlin Nob","floor":11.0,"turns":6.0},{"damage":19.0,"enemies":"Slime Boss","floor":16.0,"turns":7.0},{"damage":12.0,"enemies":"Spheric Guardian","floor":18.0,"turns":4.0},{"damage":3.0,"enemies":"Shell Parasite","floor":19.0,"turns":6.0},{"damage":11.0,"enemies":"Centurion and Healer","floor":20.0,"turns":5.0},{"damage":15.0,"enemies":"Cultist and Chosen","floor":22.0,"turns":6.0},{"damage":33.0,"enemies":"Gremlin Leader","floor":23.0,"turns":7.0},{"damage":11.0,"enemies":"Shelled Parasite and Fungi","floor":25.0,"turns":5.0},{"damage":0.0,"enemies":"Snecko","floor":27.0,"turns":4.0},{"damage":30,"enemies":"Book of Stabbing","floor":29,"turns":4}],"seed_played":"8390370500334150375","potions_obtained":[{"floor":3.0,"key":"Dexterity Potion"},{"floor":19.0,"key":"Regen Potion"},{"floor":23.0,"key":"LiquidBronze"},{"floor":25.0,"key":"SkillPotion"}],"is_trial":false,"path_per_floor":["M","M","M","$","?","R","E","R","T","R","E","$","?","?","R","B",null,"M","M","M","$","M","E","?","M","T","M","R","E"],"character_chosen":"DEFECT","items_purchased":["Undo","Art of War","Runic Capacitor"],"campfire_rested":2,"item_purchase_floors":[4,12,21],"current_hp_per_floor":[75,66,65,65,47,47,43,43,43,43,5,5,5,5,27,8,75,63,60,63,63,48,15,15,4,4,4,26,0],"gold":129,"neow_bonus":"HUNDRED_GOLD","is_prod":false,"is_daily":false,"chose_seed":false,"campfire_upgraded":2,"win_rate":0,"timestamp":1553918717,"path_taken":["M","M","M","$","?","R","E","R","T","R","E","$","?","?","R","BOSS","M","M","M","$","M","E","?","?","T","M","R","E"],"build_version":"2019-01-23","purchased_purges":1,"victory":false,"max_hp_per_floor":[75,75,75,75,75,75,75,75,75,75,75,75,75,75,75,75,75,75,75,75,75,75,75,75,75,75,75,75,75],"card_choices":[{"not_picked":["Hologram","Force Field"],"picked":"Auto Shields","floor":1.0},{"not_picked":["Static Discharge","Leap"],"picked":"Double Energy","floor":2.0},{"not_picked":["Double Energy","Skim"],"picked":"Chill","floor":3.0},{"not_picked":["Barrage","Beam Cell"],"picked":"Conserve Battery","floor":7.0},{"not_picked":["Reinforced Body","Coolheaded"],"picked":"Defragment","floor":11.0},{"not_picked":["Gash","Undo"],"picked":"Sunder","floor":15.0},{"not_picked":["Creative AI","Thunder Strike"],"picked":"Amplify","floor":16.0},{"not_picked":["Undo+1","Chill"],"picked":"Barrage","floor":18.0},{"not_picked":["Hello World+1","Turbo"],"picked":"Sweeping Beam","floor":19.0},{"not_picked":["Turbo","Reinforced Body"],"picked":"Rebound","floor":20.0},{"not_picked":["Conserve Battery","Gash+1"],"picked":"Ball Lightning","floor":22.0},{"not_picked":["Gash","Scrape"],"picked":"BootSequence+1","floor":23.0},{"not_picked":["Steam","Coolheaded"],"picked":"Compile Driver","floor":25.0},{"not_picked":["Cold Snap","Chill+1"],"picked":"Sweeping Beam","floor":27.0},{"not_picked":["Streamline","Steam Power"],"picked":"Stack+1","floor":28.0}],"player_experience":180634,"relics_obtained":[{"floor":7.0,"key":"Mercury Hourglass"},{"floor":11.0,"key":"Dream Catcher"},{"floor":23.0,"key":"Dodecahedron"},{"floor":26.0,"key":"Ancient Tea Set"}],"event_choices":[{"damage_healed":0.0,"max_hp_gain":0.0,"max_hp_loss":0.0,"gold_gain":0.0,"event_name":"Golden Idol","player_choice":"Take Damage","floor":5.0,"gold_loss":0.0,"damage_taken":18.0,"relics_obtained":["Golden Idol"]},{"damage_healed":0.0,"max_hp_gain":0.0,"max_hp_loss":0.0,"gold_gain":0.0,"event_name":"Living Wall","player_choice":"Grow","floor":13.0,"gold_loss":0.0,"damage_taken":0.0,"cards_upgraded":["Defragment"]},{"damage_healed":0.0,"max_hp_gain":0.0,"max_hp_loss":0.0,"gold_gain":0.0,"event_name":"Shining Light","player_choice":"Ignored","floor":14.0,"gold_loss":0.0,"damage_taken":0.0},{"damage_healed":0.0,"max_hp_gain":0.0,"max_hp_loss":0.0,"gold_gain":0.0,"event_name":"Upgrade Shrine","player_choice":"Upgraded","floor":24.0,"gold_loss":0.0,"damage_taken":0.0,"cards_upgraded":["Sunder"]}],"is_beta":false,"boss_relics":[{"not_picked":["Fusion Hammer","Runic Dome"],"picked":"Nuclear Battery"}],"items_purged_floors":[4],"is_endless":false,"potions_floor_spawned":[3,19,23,25],"killed_by":"Book of Stabbing","ascension_level":3}