{"gold_per_floor":[119,131,131,131,206,206,246,246,319,342,342,373,388,388,388,478,478,502,526,551,551,551],"floor_reached":22,"playtime":1013,"items_purged":[],"score":394,"play_id":"66f34894-da21-4af3-b17d-9cc6239d120e","local_time":"20190406003802","is_ascension_mode":true,"campfire_choices":[{"floor":6.0,"key":"REST"},{"data":"Neutralize","floor":8.0,"key":"SMITH"},{"data":"Survivor","floor":11.0,"key":"SMITH"},{"data":"Leg Sweep","floor":15.0,"key":"SMITH"}],"neow_cost":"NONE","seed_source_timestamp":6222716869790,"circlet_count":0,"master_deck":["AscendersBane","Defend_G","Defend_G","Defend_G","Defend_G","Defend_G","Strike_G","Strike_G","Strike_G","Strike_G","Survivor+1","Neutralize+1","Infinite Blades","Deadly Poison","Regret","Infinite Blades","Sucker Punch","Dagger Throw","Dagger Throw","Leg Sweep+1","Bullet Time","Footwork","Deflect","Leg Sweep+1","Neutralize","Noxious Fumes","Poisoned Stab"],"special_seed":0,"relics":["Ring of the Snake","NeowsBlessing","Golden Idol","Juzu Bracelet","Orichalcum","Mercury Hourglass","Vajra","Eternal Feather"],"potions_floor_usage":[22,22,22,22],"damage_taken":[{"damage":0.0,"enemies":"Cultist","floor":1.0,"turns":1.0},{"damage":0.0,"enemies":"Jaw Worm","floor":2.0,"turns":1.0},{"damage":0.0,"enemies":"Gremlin Nob","floor":7.0,"turns":1.0},{"damage":3.0,"enemies":"Small Slimes","floor":10.0,"turns":3.0},{"damage":9.0,"enemies":"3 Sentries","floor":12.0,"turns":6.0},{"damage":2.0,"enemies":"Looter","floor":13.0,"turns":2.0},{"damage":7.0,"enemies":"Hexaghost","floor":16.0,"turns":11.0},{"damage":6.0,"enemies":"Shell Parasite","floor":18.0,"turns":5.0},{"damage":15.0,"enemies":"Spheric Guardian","floor":19.0,"turns":4.0},{"damage":12.0,"enemies":"Centurion and Healer","floor":20.0,"turns":10.0},{"damage":6,"enemies":"Colosseum Slavers","floor":22,"turns":6},{"damage":0,"enemies":"Colosseum Nobs","floor":22,"turns":3}],"seed_played":"978634953033835361","potions_obtained":[{"floor":1.0,"key":"Dexterity Potion"},{"floor":2.0,"key":"FearPotion"},{"floor":18.0,"key":"Block Potion"},{"floor":20.0,"key":"EntropicBrew"}],"is_trial":false,"path_per_floor":["M","M","?","?","?","R","E","R","T","M","R","E","M","?","R","B",null,"M","M","M","?","?"],"character_chosen":"THE_SILENT","items_purchased":[],"campfire_rested":1,"item_purchase_floors":[],"current_hp_per_floor":[59,59,36,36,25,44,44,44,44,41,41,32,30,30,30,23,55,49,34,22,22,16],"gold":551,"neow_bonus":"THREE_ENEMY_KILL","is_prod":false,"is_daily":false,"chose_seed":false,"campfire_upgraded":3,"win_rate":0,"timestamp":1554536282,"path_taken":["M","?","?","?","?","R","E","R","T","M","R","E","M","?","R","BOSS","M","M","M","?","?"],"build_version":"2019-01-23","purchased_purges":0,"victory":false,"max_hp_per_floor":[66,66,66,66,66,66,66,66,66,66,66,66,66,66,66,66,66,66,66,66,66,66],"card_choices":[{"not_picked":["Catalyst","Reflex"],"picked":"Infinite Blades","floor":1.0},{"not_picked":["Outmaneuver","Distraction"],"picked":"Deadly Poison","floor":2.0},{"not_picked":["Prepared","Deadly Poison"],"picked":"Infinite Blades","floor":7.0},{"not_picked":["Quick Slash","Predator"],"picked":"Sucker Punch","floor":10.0},{"not_picked":["Quick Slash","Calculated Gamble"],"picked":"Dagger Throw","floor":12.0},{"not_picked":["Blade Dance","Catalyst"],"picked":"Dagger Throw","floor":13.0},{"not_picked":["Wraith Form v2","Grand Finale"],"picked":"Bullet Time","floor":16.0},{"not_picked":["Slice","Backstab"],"picked":"Footwork","floor":18.0},{"not_picked":["Caltrops","Dagger Spray"],"picked":"Deflect","floor":19.0},{"not_picked":["Accuracy","Poisoned Stab"],"picked":"Leg Sweep+1","floor":20.0}],"player_experience":682490,"relics_obtained":[{"floor":7.0,"key":"Orichalcum"},{"floor":9.0,"key":"Mercury Hourglass"},{"floor":12.0,"key":"Vajra"}],"event_choices":[{"damage_healed":0.0,"max_hp_gain":0.0,"max_hp_loss":0.0,"gold_gain":0.0,"event_name":"Golden Idol","player_choice":"Take Damage","floor":3.0,"gold_loss":0.0,"damage_taken":23.0,"relics_obtained":["Golden Idol"]},{"damage_healed":0.0,"max_hp_gain":0.0,"max_hp_loss":0.0,"gold_gain":0.0,"event_name":"Big Fish","player_choice":"Box","floor":4.0,"gold_loss":0.0,"damage_taken":0.0,"relics_obtained":["Juzu Bracelet"],"cards_obtained":["Regret"]},{"damage_healed":0.0,"max_hp_gain":0.0,"max_hp_loss":0.0,"gold_gain":75.0,"event_name":"World of Goop","player_choice":"Gather Gold","floor":5.0,"gold_loss":0.0,"damage_taken":11.0},{"damage_healed":0.0,"max_hp_gain":0.0,"max_hp_loss":0.0,"gold_gain":0.0,"cards_transformed":["Strike_G"],"event_name":"Living Wall","player_choice":"Change","floor":14.0,"gold_loss":0.0,"damage_taken":0.0,"cards_obtained":["Leg Sweep"]},{"damage_healed":0,"gold_gain":0,"player_choice":"3 cards matched","damage_taken":0,"max_hp_gain":0,"max_hp_loss":0,"event_name":"Match and Keep!","floor":21,"gold_loss":0,"cards_obtained":["Neutralize","Noxious Fumes","Poisoned Stab"]},{"damage_healed":0,"gold_gain":0,"player_choice":"Fight","damage_taken":0,"max_hp_gain":0,"max_hp_loss":0,"event_name":"Colosseum","floor":22,"gold_loss":0},{"damage_healed":0,"gold_gain":0,"player_choice":"Fought Nobs","damage_taken":0,"max_hp_gain":0,"max_hp_loss":0,"event_name":"Colosseum","floor":22,"gold_loss":0}],"is_beta":false,"boss_relics":[{"not_picked":["Fusion Hammer","Ring of the Serpent"],"picked":"Eternal Feather"}],"items_purged_floors":[],"is_endless":false,"potions_floor_spawned":[1,2,18,20,22],"killed_by":"Colosseum Nobs","ascension_level":16}