{"gold_per_floor":[119,194,7,7,20,49,49,49,74,86,130,165,203,231,243,327,339,367,35,49,66,66,66],"floor_reached":23,"playtime":1035,"items_purged":["Strike_B"],"score":414,"play_id":"49823af5-8dd4-4430-8b13-9110835b8534","local_time":"20190409064330","is_ascension_mode":true,"campfire_choices":[{"floor":8,"key":"REST"},{"data":"Hologram","floor":10,"key":"SMITH"},{"floor":15,"key":"REST"}],"neow_cost":"NONE","seed_source_timestamp":49549714042908,"circlet_count":0,"master_deck":["AscendersBane","Strike_B+1","Defend_B","Defend_B","Defend_B","Zap+1","Dualcast","All For One","Doom and Gloom","Gash+1","Steam","Leap","Hologram+1","Coolheaded","White Noise","Turbo","Fission","Coolheaded+1","All For One+1","Amplify+1","Go for the Eyes","Defragment","Undo+1","Loop+1"],"relics":["Cracked Core","Regal Pillow","MawBank","Potion Belt","Juzu Bracelet","Smiling Mask","Astrolabe","Toxic Egg 2"],"potions_floor_usage":[6,16,18],"damage_taken":[{"damage":2,"enemies":"2 Louse","floor":1,"turns":2},{"damage":1,"enemies":"Jaw Worm","floor":5,"turns":2},{"damage":23,"enemies":"Lagavulin","floor":6,"turns":7},{"damage":27,"enemies":"3 Sentries","floor":11,"turns":6},{"damage":12,"enemies":"Lagavulin","floor":13,"turns":6},{"damage":0,"enemies":"Cultist","floor":14,"turns":2},{"damage":6,"enemies":"Hexaghost","floor":16,"turns":8},{"damage":3,"enemies":"Chosen","floor":18,"turns":5},{"damage":15,"enemies":"2 Thieves","floor":20,"turns":5},{"damage":3,"enemies":"Centurion and Healer","floor":21,"turns":6},{"damage":33,"enemies":"Slavers","floor":23,"turns":4}],"seed_played":"-7983867864339353140","potions_obtained":[{"floor":5,"key":"GamblersBrew"},{"floor":6,"key":"Explosive Potion"},{"floor":14,"key":"Weak Potion"}],"is_trial":false,"path_per_floor":["M","?","$","?","M","E","?","R","T","R","E","T","E","M","R","B",null,"M","$","M","M","?","E"],"character_chosen":"DEFECT","items_purchased":["Gash","Steam","Toxic Egg 2","Defragment"],"campfire_rested":2,"item_purchase_floors":[3,3,19,19],"current_hp_per_floor":[62,51,51,30,29,6,6,42,42,42,15,15,3,3,39,33,62,59,59,44,41,41,8],"gold":66,"neow_bonus":"ONE_RANDOM_RARE_CARD","is_prod":false,"is_daily":false,"chose_seed":false,"campfire_upgraded":1,"win_rate":0,"timestamp":1554785010,"path_taken":["M","?","$","?","?","E","?","R","T","R","E","?","E","M","R","BOSS","M","$","M","M","?","E"],"build_version":"2019-04-04","purchased_purges":1,"victory":false,"max_hp_per_floor":[71,71,71,71,71,71,71,71,71,71,71,71,71,71,71,71,71,71,71,71,71,71,71],"card_choices":[{"not_picked":["Stack","Double Energy"],"picked":"Doom and Gloom","floor":1},{"not_picked":["Hello World","Redo"],"picked":"Leap","floor":5},{"not_picked":["Redo","Sweeping Beam"],"picked":"Hologram","floor":6},{"not_picked":["Turbo","Static Discharge"],"picked":"Coolheaded","floor":11},{"not_picked":["Chaos","Double Energy"],"picked":"White Noise","floor":13},{"not_picked":["Auto Shields","Cold Snap"],"picked":"Turbo","floor":14},{"not_picked":["Buffer","Hyperbeam"],"picked":"Fission","floor":16},{"not_picked":["Melter","Steam Power"],"picked":"Go for the Eyes","floor":18},{"not_picked":["Compile Driver","Sunder"],"picked":"Undo+1","floor":20},{"not_picked":["Recycle+1","Rebound"],"picked":"Loop+1","floor":21}],"player_experience":1091522,"relics_obtained":[{"floor":6,"key":"Regal Pillow"},{"floor":9,"key":"MawBank"},{"floor":11,"key":"Potion Belt"},{"floor":12,"key":"Juzu Bracelet"},{"floor":13,"key":"Smiling Mask"}],"event_choices":[{"damage_healed":0,"gold_gain":75,"player_choice":"Gather Gold","damage_taken":11,"max_hp_gain":0,"max_hp_loss":0,"event_name":"World of Goop","floor":2,"gold_loss":0},{"damage_healed":0,"gold_gain":0,"player_choice":"Entered Light","damage_taken":21,"max_hp_gain":0,"max_hp_loss":0,"event_name":"Shining Light","floor":4,"gold_loss":0,"cards_upgraded":["Strike_B","Gash"]},{"damage_healed":0,"gold_gain":0,"player_choice":"Grow","damage_taken":0,"max_hp_gain":0,"max_hp_loss":0,"event_name":"Living Wall","floor":7,"gold_loss":0,"cards_upgraded":["Zap"]},{"damage_healed":0,"gold_gain":0,"player_choice":"Ignored","damage_taken":0,"max_hp_gain":0,"max_hp_loss":0,"event_name":"Beggar","floor":22,"gold_loss":0}],"is_beta":true,"boss_relics":[{"not_picked":["Velvet Choker","FrozenCore"],"picked":"Astrolabe"}],"items_purged_floors":[3],"is_endless":false,"potions_floor_spawned":[5,6,14],"killed_by":"Slavers","ascension_level":20}