{"gold_per_floor":[360,285,301,301,11,11,11,40,40,40,65,12,12,29,29,130,130,144,144,154,29,128,128,0,0,0,20,20],"floor_reached":28,"playtime":1575,"items_purged":["Regret","Strike_R","Defend_R"],"score":222,"play_id":"819bb457-856b-459b-be44-e4546d7fda4f","local_time":"20181203182146","is_ascension_mode":false,"campfire_choices":[{"data":"Mayhem","floor":6,"key":"SMITH"},{"data":"Bash","floor":10,"key":"SMITH"},{"data":"True Grit","floor":13,"key":"SMITH"},{"floor":15,"key":"REST"},{"floor":23,"key":"REST"},{"data":"Offering","floor":28,"key":"SMITH"}],"neow_cost":"CURSE","seed_source_timestamp":14741773536821,"circlet_count":0,"master_deck":["Strike_R","Strike_R","Strike_R","Strike_R","Defend_R","Defend_R","Bash+1","Mayhem+1","Headbutt","True Grit+1","Offering+1","Shrug It Off+1","Entrench+1"],"relics":["Burning Blood","Bottled Flame","Mummified Hand","Ornamental Fan","Runic Dome","Nilry\u0027s Codex","Bottled Tornado"],"potions_floor_usage":[8,20],"damage_taken":[{"damage":3,"enemies":"Small Slimes","floor":1,"turns":3},{"damage":3,"enemies":"Jaw Worm","floor":3,"turns":4},{"damage":25,"enemies":"Gremlin Nob","floor":8,"turns":4},{"damage":41,"enemies":"3 Sentries","floor":11,"turns":13},{"damage":0,"enemies":"Cultist","floor":14,"turns":3},{"damage":51,"enemies":"Slime Boss","floor":16,"turns":17},{"damage":9,"enemies":"Shell Parasite","floor":18,"turns":3},{"damage":20,"enemies":"Spheric Guardian","floor":20,"turns":4},{"damage":14,"enemies":"Snake Plant","floor":27,"turns":3}],"seed_played":"-2875094044406534502","potions_obtained":[{"floor":3,"key":"Poison Potion"},{"floor":16,"key":"SkillPotion"},{"floor":18,"key":"Swift Potion"},{"floor":25,"key":"Dexterity Potion"},{"floor":25,"key":"EntropicBrew"},{"floor":25,"key":"AttackPotion"}],"is_trial":false,"path_per_floor":["M","$","M","?","$","R","?","E","T","R","E","$","R","M","R","B",null,"M","?","M","$","?","R","?","?","T","M","R"],"character_chosen":"IRONCLAD","items_purchased":["Mayhem","True Grit"],"campfire_rested":2,"item_purchase_floors":[5,12],"current_hp_per_floor":[80,80,80,85,85,85,85,66,66,66,31,31,31,37,62,17,85,82,66,52,52,52,77,77,77,77,69,69],"gold":20,"neow_bonus":"TWO_FIFTY_GOLD","is_prod":false,"is_daily":false,"chose_seed":false,"campfire_upgraded":4,"win_rate":0,"timestamp":1543857706,"path_taken":["M","$","M","?","$","R","?","E","T","R","E","$","R","M","R","BOSS","M","?","M","$","?","R","?","?","T","?","R"],"build_version":"2018-11-15","purchased_purges":3,"victory":false,"max_hp_per_floor":[80,80,80,85,85,85,85,85,85,85,85,85,85,85,85,85,85,85,85,85,85,85,85,85,85,85,85,85],"card_choices":[{"not_picked":["Seeing Red","Wild Strike","Anger"],"picked":"SKIP","floor":1},{"not_picked":["Flex","Ghostly Armor","Thunderclap"],"picked":"SKIP","floor":3},{"not_picked":["Juggernaut","Carnage"],"picked":"Headbutt","floor":8},{"not_picked":["Flex","Searing Blow","Seeing Red"],"picked":"SKIP","floor":11},{"not_picked":["Wild Strike","Headbutt"],"picked":"Offering","floor":14},{"not_picked":["Headbutt","Rampage"],"picked":"Shrug It Off+1","floor":18},{"not_picked":["Flex","Body Slam","Heavy Blade"],"picked":"SKIP","floor":20},{"not_picked":["Thunderclap","Clash+1"],"picked":"Entrench+1","floor":27}],"player_experience":211531,"relics_obtained":[{"floor":8,"key":"Bottled Flame"},{"floor":9,"key":"Mummified Hand"},{"floor":11,"key":"Ornamental Fan"},{"floor":19,"key":"Nilry\u0027s Codex"},{"floor":26,"key":"Bottled Tornado"}],"event_choices":[{"damage_healed":0,"gold_gain":0,"player_choice":"Donut","damage_taken":0,"max_hp_gain":5,"max_hp_loss":0,"event_name":"Big Fish","floor":4,"gold_loss":0},{"cards_removed":["Defend_R"],"damage_healed":0,"gold_gain":0,"player_choice":"Purged","damage_taken":0,"max_hp_gain":0,"max_hp_loss":0,"event_name":"Purifier","floor":7,"gold_loss":0},{"damage_healed":0,"gold_gain":0,"player_choice":"Obtained Book","damage_taken":16,"max_hp_gain":0,"max_hp_loss":0,"event_name":"Cursed Tome","floor":19,"gold_loss":0},{"damage_healed":0,"gold_gain":99,"player_choice":"Stole From Cult","damage_taken":0,"max_hp_gain":0,"max_hp_loss":0,"event_name":"Nest","floor":22,"gold_loss":0},{"damage_healed":0,"gold_gain":0,"player_choice":"Paid Fearfully","damage_taken":0,"max_hp_gain":0,"max_hp_loss":0,"event_name":"Masked Bandits","floor":24,"gold_loss":128},{"damage_healed":0,"gold_gain":0,"player_choice":"Got Potions","damage_taken":0,"max_hp_gain":0,"max_hp_loss":0,"event_name":"Lab","floor":25,"gold_loss":0}],"is_beta":false,"boss_relics":[{"not_picked":["Fusion Hammer","Eternal Feather"],"picked":"Runic Dome"}],"items_purged_floors":[2,5,21],"is_endless":false,"potions_floor_spawned":[3,16,18],"ascension_level":0}