{"gold_per_floor":[114,114,132,52,68,100,100,127,206,234,254,224,224,235,235,339,339,350,367,282,300,317,317,344,354,400,435,435,6,6,41,41,138,138,154,174,184,184,184,184,215,215,215,229,243,271,289,308,308,308,308,308,8,40,40],"floor_reached":56,"playtime":9778,"items_purged":[],"score":1366,"play_id":"8a1a4c62-d2f2-4405-926a-6a3556eb8b28","local_time":"20190407233147","is_ascension_mode":true,"campfire_choices":[{"floor":7,"key":"REST"},{"data":"Neutralize","floor":15,"key":"SMITH"},{"data":"Leg Sweep","floor":23,"key":"SMITH"},{"floor":28,"key":"REST"},{"data":"Catalyst","floor":30,"key":"SMITH"},{"data":"Well Laid Plans","floor":32,"key":"SMITH"},{"data":"Night Terror","floor":40,"key":"SMITH"},{"data":"Caltrops","floor":42,"key":"SMITH"},{"floor":49,"key":"RECALL"},{"data":"Adrenaline","floor":52,"key":"SMITH"}],"neow_cost":"NONE","seed_source_timestamp":2222378425904939,"circlet_count":0,"master_deck":["Survivor","Neutralize+1","Noxious Fumes+1","Leg Sweep+1","Backstab","Well Laid Plans+1","Caltrops+1","PiercingWail","Crippling Poison","Cloak And Dagger","Backstab","Cloak And Dagger+1","Cloak And Dagger","Catalyst+1","Prepared+1","Master of Strategy","Cloak And Dagger+1","A Thousand Cuts+1","Cloak And Dagger","Acrobatics","Finisher","A Thousand Cuts+1","Bouncing Flask","Deflect","Distraction","Night Terror+1","Underhanded Strike","Doppelganger","Blade Dance+1","Choke+1","Deadly Poison+1","Blur","Adrenaline+1","Acrobatics+1"],"relics":["Ring of the Snake","WingedGreaves","Vajra","Pantograph","Art of War","Runic Dome","Bronze Scales","Paper Crane","Blood Vial","Incense Burner","TwistedFunnel","Frozen Egg 2","Pandora\u0027s Box","Dream Catcher","Ice Cream","Tough Bandages"],"potions_floor_usage":[10,18,25,27,27,33,46,55,55,55],"damage_taken":[{"damage":0,"enemies":"Jaw Worm","floor":1,"turns":6},{"damage":0,"enemies":"Small Slimes","floor":3,"turns":4},{"damage":1,"enemies":"Cultist","floor":5,"turns":5},{"damage":20,"enemies":"Gremlin Nob","floor":6,"turns":4},{"damage":3,"enemies":"Lagavulin","floor":8,"turns":9},{"damage":39,"enemies":"Gremlin Nob","floor":10,"turns":6},{"damage":0,"enemies":"3 Louse","floor":11,"turns":3},{"damage":0,"enemies":"Looter","floor":12,"turns":4},{"damage":0,"enemies":"Lots of Slimes","floor":14,"turns":3},{"damage":7,"enemies":"Hexaghost","floor":16,"turns":10},{"damage":8,"enemies":"Shell Parasite","floor":18,"turns":5},{"damage":1,"enemies":"Spheric Guardian","floor":19,"turns":4},{"damage":6,"enemies":"Snake Plant","floor":21,"turns":3},{"damage":4,"enemies":"3 Cultists","floor":22,"turns":5},{"damage":13,"enemies":"Gremlin Leader","floor":24,"turns":7},{"damage":13,"enemies":"Sentry and Sphere","floor":25,"turns":5},{"damage":17,"enemies":"Slavers","floor":27,"turns":6},{"damage":0,"enemies":"Gremlin Leader","floor":31,"turns":5},{"damage":22,"enemies":"Collector","floor":33,"turns":10},{"damage":10,"enemies":"3 Darklings","floor":35,"turns":5},{"damage":9,"enemies":"Orb Walker","floor":36,"turns":3},{"damage":0,"enemies":"Transient","floor":37,"turns":5},{"damage":0,"enemies":"Reptomancer","floor":41,"turns":5},{"damage":0,"enemies":"Writhing Mass","floor":44,"turns":4},{"damage":13,"enemies":"Maw","floor":45,"turns":6},{"damage":19,"enemies":"Nemesis","floor":46,"turns":5},{"damage":4,"enemies":"Transient","floor":47,"turns":5},{"damage":0,"enemies":"3 Darklings","floor":48,"turns":2},{"damage":20,"enemies":"Awakened One","floor":50,"turns":10},{"damage":23,"enemies":"Shield and Spear","floor":54,"turns":5},{"damage":14,"enemies":"The Heart","floor":55,"turns":7}],"seed_played":"-6220758233728502332","potions_obtained":[{"floor":5,"key":"LiquidBronze"},{"floor":10,"key":"SpeedPotion"},{"floor":14,"key":"Strength Potion"},{"floor":16,"key":"Energy Potion"},{"floor":19,"key":"Energy Potion"},{"floor":22,"key":"Ancient Potion"},{"floor":24,"key":"Poison Potion"},{"floor":33,"key":"GamblersBrew"},{"floor":36,"key":"Dexterity Potion"},{"floor":39,"key":"LiquidBronze"},{"floor":44,"key":"Poison Potion"},{"floor":46,"key":"Block Potion"},{"floor":47,"key":"Regen Potion"}],"is_trial":false,"path_per_floor":["M","?","M","$","M","E","R","E","T","E","M","M","?","M","R","B",null,"M","M","?","M","M","R","E","M","T","E","R","$","R","E","R","B",null,"M","M","M","?","?","R","E","R","T","M","M","E","M","M","R","B",null,"R","$","E","B",null],"character_chosen":"THE_SILENT","items_purchased":["Leg Sweep","TwistedFunnel","Master of Strategy","Dexterity Potion","Ice Cream"],"campfire_rested":2,"item_purchase_floors":[4,29,29,29,53],"current_hp_per_floor":[77,62,62,62,61,41,64,61,61,22,22,22,22,22,22,40,77,69,68,68,62,58,58,45,32,32,17,40,40,40,42,42,47,77,67,60,62,62,62,62,64,64,64,66,55,38,36,38,38,45,77,77,77,54,77],"gold":40,"neow_bonus":"TEN_PERCENT_HP_BONUS","is_prod":false,"is_daily":false,"chose_seed":false,"campfire_upgraded":7,"win_rate":0,"timestamp":1554694307,"path_taken":["M","?","M","$","M","E","R","E","T","E","M","M","?","M","R","BOSS","M","M","?","M","M","R","E","M","T","E","R","$","R","E","R","BOSS","M","M","M","?","?","R","E","R","T","M","M","E","M","?","R","BOSS","R","$","E","BOSS"],"build_version":"2019-01-23","purchased_purges":0,"victory":true,"max_hp_per_floor":[77,77,77,77,77,77,77,77,77,77,77,77,77,77,77,77,77,77,77,77,77,77,77,77,77,77,77,77,77,77,77,77,77,77,77,77,77,77,77,77,77,77,77,77,77,77,77,77,77,77,77,77,77,77,77],"card_choices":[{"not_picked":["Underhanded Strike","Footwork","PiercingWail"],"picked":"SKIP","floor":1},{"not_picked":["Deadly Poison","Prepared"],"picked":"Noxious Fumes","floor":3},{"not_picked":["Deadly Poison","Flying Knee"],"picked":"Backstab","floor":5},{"not_picked":["Quick Slash","Slice"],"picked":"Well Laid Plans","floor":6},{"not_picked":["Acrobatics","Expertise","Concentrate"],"picked":"SKIP","floor":8},{"not_picked":["Acrobatics","Expertise","Concentrate"],"picked":"SKIP","floor":8},{"not_picked":["Acrobatics","Tools of the Trade"],"picked":"Caltrops","floor":10},{"not_picked":["Dagger Throw","Poisoned Stab"],"picked":"PiercingWail","floor":11},{"not_picked":["Dodge and Roll","Eviscerate"],"picked":"Crippling Poison","floor":12},{"not_picked":["PiercingWail","Quick Slash"],"picked":"Cloak And Dagger","floor":14},{"not_picked":["Venomology","Tools of the Trade"],"picked":"Glass Knife","floor":16},{"not_picked":["Deadly Poison","Bane"],"picked":"Backstab","floor":18},{"not_picked":["Sucker Punch+1","Escape Plan"],"picked":"Cloak And Dagger+1","floor":19},{"not_picked":["Infinite Blades","Underhanded Strike+1","All Out Attack"],"picked":"SKIP","floor":21},{"not_picked":["Dodge and Roll","Slice+1"],"picked":"Cloak And Dagger","floor":22},{"not_picked":["Leg Sweep+1","Die Die Die"],"picked":"Catalyst","floor":24},{"not_picked":["Terror","Deflect","Finisher+1"],"picked":"SKIP","floor":25},{"not_picked":["All Out Attack","Slice"],"picked":"Prepared+1","floor":27},{"not_picked":["Flying Knee","Endless Agony"],"picked":"Cloak And Dagger+1","floor":31},{"not_picked":["Adrenaline","After Image+1"],"picked":"A Thousand Cuts+1","floor":33},{"not_picked":["Quick Slash+1","Skewer"],"picked":"Blade Dance+1","floor":35},{"not_picked":["Bane+1","Choke","Dagger Spray"],"picked":"SKIP","floor":36},{"not_picked":["Poisoned Stab+1","Flying Knee+1"],"picked":"Choke+1","floor":37},{"not_picked":["Predator+1","Underhanded Strike","All Out Attack"],"picked":"SKIP","floor":41},{"not_picked":["Dodge and Roll","Cloak And Dagger+1"],"picked":"Deadly Poison+1","floor":44},{"not_picked":["Prepared","Sucker Punch+1","Skewer"],"picked":"SKIP","floor":45},{"not_picked":["Dagger Spray+1","Flechettes+1","Quick Slash"],"picked":"SKIP","floor":46},{"not_picked":["Deflect","Tactician"],"picked":"Blur","floor":47},{"not_picked":["Caltrops+1","Dodge and Roll"],"picked":"Adrenaline","floor":48},{"not_picked":["Concentrate+1","Distraction"],"picked":"Acrobatics+1","floor":54}],"player_experience":798256,"relics_obtained":[{"floor":6,"key":"WingedGreaves"},{"floor":8,"key":"Vajra"},{"floor":9,"key":"Pantograph"},{"floor":10,"key":"Art of War"},{"floor":24,"key":"Paper Crane"},{"floor":26,"key":"Blood Vial"},{"floor":27,"key":"Incense Burner"},{"floor":31,"key":"Frozen Egg 2"},{"floor":46,"key":"Dream Catcher"},{"floor":54,"key":"Tough Bandages"}],"event_choices":[{"damage_healed":0,"gold_gain":0,"player_choice":"Entered Light","damage_taken":15,"max_hp_gain":0,"max_hp_loss":0,"event_name":"Shining Light","floor":2,"gold_loss":0,"cards_upgraded":["Defend_G","Strike_G"]},{"damage_healed":0,"gold_gain":0,"player_choice":"Forge","damage_taken":0,"max_hp_gain":0,"max_hp_loss":0,"event_name":"Accursed Blacksmith","floor":13,"gold_loss":0,"cards_upgraded":["Noxious Fumes"]},{"damage_healed":0,"gold_gain":0,"player_choice":"Obtained Relic","damage_taken":0,"relics_obtained":["Bronze Scales"],"max_hp_gain":0,"max_hp_loss":0,"event_name":"Addict","floor":20,"gold_loss":85},{"cards_removed":["Glass Knife"],"damage_healed":0,"gold_gain":0,"player_choice":"Removed Attack","damage_taken":0,"max_hp_gain":0,"max_hp_loss":0,"event_name":"Falling","floor":38,"gold_loss":0},{"damage_healed":0,"gold_gain":0,"player_choice":"Got Potions","damage_taken":0,"max_hp_gain":0,"max_hp_loss":0,"event_name":"Lab","floor":39,"gold_loss":0}],"is_beta":false,"boss_relics":[{"not_picked":["White Beast Statue","Cursed Key"],"picked":"Runic Dome"},{"not_picked":["Snecko Eye","Busted Crown"],"picked":"Pandora\u0027s Box"}],"items_purged_floors":[],"is_endless":false,"potions_floor_spawned":[5,10,14,16,19,22,24,33,36,44,46,47],"ascension_level":1}