{"gold_per_floor":[115,132,132,132,152,185,185,204,229,244,244,24,74,94,94,94],"floor_reached":16,"playtime":331,"items_purged":[],"score":204,"play_id":"9f8827f9-f0e4-46f1-b256-fc22e8146833","local_time":"20190409015221","is_ascension_mode":true,"campfire_choices":[{"floor":7,"key":"REST"},{"floor":15,"key":"REST"}],"neow_cost":"NONE","seed_source_timestamp":32785530405244,"circlet_count":0,"master_deck":["AscendersBane","Strike_B","Strike_B","Strike_B","Defend_B","Defend_B","Defend_B","Defend_B","Zap","Dualcast","Defragment+1","Go for the Eyes","Rip and Tear","Echo Form","Ball Lightning","Conserve Battery","Core Surge"],"relics":["Cracked Core","NeowsBlessing","Potion Belt","Juzu Bracelet","SsserpentHead","Symbiotic Virus","Ornamental Fan"],"potions_floor_usage":[6,14],"damage_taken":[{"damage":0,"enemies":"2 Louse","floor":1,"turns":1},{"damage":0,"enemies":"Jaw Worm","floor":2,"turns":1},{"damage":0,"enemies":"Cultist","floor":5,"turns":1},{"damage":40,"enemies":"3 Sentries","floor":6,"turns":7},{"damage":15,"enemies":"Large Slime","floor":8,"turns":5},{"damage":21,"enemies":"Exordium Thugs","floor":10,"turns":4},{"damage":6,"enemies":"Blue Slaver","floor":14,"turns":3},{"damage":31,"enemies":"The Guardian","floor":16,"turns":2}],"seed_played":"-7421210365150043719","potions_obtained":[{"floor":2,"key":"SpeedPotion"},{"floor":5,"key":"Swift Potion"}],"is_trial":false,"path_per_floor":["M","M","?","?","M","E","R","M","T","M","?","$","T","M","R","B"],"character_chosen":"DEFECT","items_purchased":["Symbiotic Virus"],"campfire_rested":2,"item_purchase_floors":[12],"current_hp_per_floor":[64,64,64,64,64,24,45,30,30,9,9,9,9,3,24,0],"gold":94,"neow_bonus":"THREE_ENEMY_KILL","is_prod":false,"is_daily":false,"chose_seed":false,"campfire_upgraded":0,"win_rate":0,"timestamp":1554767541,"path_taken":["M","M","?","?","?","E","R","M","T","M","?","?","?","M","R","BOSS"],"build_version":"2019-04-04","purchased_purges":0,"victory":false,"max_hp_per_floor":[71,71,71,71,71,71,71,71,71,71,71,71,71,71,71,71],"card_choices":[{"not_picked":["Redo","Skim"],"picked":"Defragment","floor":1},{"not_picked":["Stack","Force Field"],"picked":"Go for the Eyes","floor":2},{"not_picked":["Reprogram","Hologram"],"picked":"Rip and Tear","floor":5},{"not_picked":["Genetic Algorithm","Gash"],"picked":"Echo Form","floor":6},{"not_picked":["Barrage","Leap"],"picked":"Ball Lightning","floor":8},{"not_picked":["Coolheaded","Streamline"],"picked":"Conserve Battery","floor":10},{"not_picked":["Stack","Leap"],"picked":"Core Surge","floor":14}],"player_experience":1086917,"relics_obtained":[{"floor":6,"key":"Potion Belt"},{"floor":9,"key":"Juzu Bracelet"},{"floor":13,"key":"Ornamental Fan"}],"event_choices":[{"damage_healed":0,"gold_gain":0,"player_choice":"Grow","damage_taken":0,"max_hp_gain":0,"max_hp_loss":0,"event_name":"Living Wall","floor":3,"gold_loss":0,"cards_upgraded":["Defragment"]},{"cards_removed":["Strike_B"],"damage_healed":0,"gold_gain":0,"player_choice":"Offered Basic","damage_taken":0,"max_hp_gain":0,"max_hp_loss":0,"event_name":"Bonfire Elementals","floor":4,"gold_loss":0},{"damage_healed":0,"gold_gain":0,"player_choice":"Trade","damage_taken":0,"relics_obtained":["SsserpentHead"],"max_hp_gain":0,"max_hp_loss":0,"event_name":"FaceTrader","floor":11,"gold_loss":0}],"is_beta":true,"boss_relics":[],"items_purged_floors":[],"is_endless":false,"potions_floor_spawned":[2,5],"killed_by":"The Guardian","ascension_level":20}