{"path_per_floor":["M","M","?","?","?","E","?","$","T","R","M","M","T","M","R","B",null,"M","?","?","M","?","E","R","M","T","R","E","$","M","E","R","B",null,"M","$","?","?","?","R","M"],"character_chosen":"IRONCLAD","items_purchased":["Madness","Infernal Blade","Wild Strike","Whetstone","Armaments","Inflame","Ghostly Armor","Metallicize"],"gold_per_floor":[218,230,230,230,230,263,338,61,86,86,100,113,113,129,129,228,228,246,246,246,263,263,293,293,304,331,331,364,51,62,87,87,183,183,201,125,0,0,51,51,65],"floor_reached":42,"campfire_rested":4,"playtime":2396,"current_hp_per_floor":[76,76,58,58,58,56,45,45,45,80,80,80,80,80,80,35,80,68,68,68,80,64,20,59,62,62,80,50,50,60,30,71,18,87,82,82,82,82,35,47,53],"items_purged":["Normality"],"gold":65,"score":526,"play_id":"13f7c2d5-5a5a-409d-9c2b-11d50bd63b8b","local_time":"20180316101734","is_prod":false,"is_daily":false,"is_ascension_mode":true,"campfire_upgraded":2,"timestamp":1521191854,"path_taken":["M","M","?","?","?","E","?","$","T","R","?","M","?","M","R","BOSS","M","?","?","M","?","E","R","?","T","R","E","$","M","E","R","BOSS","M","?","?","?","?","R","?","E"],"build_version":"2018-03-15","purchased_purges":1,"victory":false,"master_deck":["Defend_R+1","Defend_R+1","Defend_R+1","Defend_R+1","Bash","Cleave","Whirlwind","Madness+1","Infernal Blade","Wild Strike+1","Iron Wave","Metallicize+1","Barricade","Cleave","Bite","Bite","Bite+1","Bite","Bite","Armaments","Thunderclap","Shrug It Off+1","Armaments","Inflame","Ghostly Armor","Wild Strike","Impervious","Body Slam","Metallicize+1","Wild Strike","Metallicize"],"max_hp_per_floor":[80,80,80,80,80,80,80,80,80,80,80,80,80,80,80,80,80,80,80,80,80,80,80,80,80,80,80,87,87,87,87,87,87,87,87,87,87,87,87,87,87],"relics":["Burning Blood","Vajra","Regal Pillow","Anchor","Self Forming Clay","White Beast Statue","Enchiridion","Pantograph","War Paint","Strawberry","Whetstone","Singing Bowl","Eternal Feather","Red Mask","Girya"],"card_choices":[{"not_picked":["Second Wind","Sever Soul"],"picked":"Cleave"},{"not_picked":["Spot Weakness","Warcry"],"picked":"Whirlwind"},{"not_picked":["Pommel Strike","Headbutt"],"picked":"Iron Wave"},{"not_picked":["Havoc","Anger"],"picked":"Evolve"},{"not_picked":["Brutality","Bloodletting"],"picked":"Metallicize"},{"not_picked":["Demon Form","Dark Embrace"],"picked":"Barricade"},{"not_picked":["Flame Barrier","Flex"],"picked":"Cleave"},{"not_picked":["Havoc","Headbutt"],"picked":"Armaments"},{"not_picked":["Feel No Pain","Headbutt"],"picked":"Thunderclap"},{"not_picked":["Rupture","Searing Blow"],"picked":"Shrug It Off"},{"not_picked":["Headbutt","Blood for Blood"],"picked":"Wild Strike"},{"not_picked":["Brutality","Reaper"],"picked":"Impervious"},{"not_picked":["Perfected Strike","Rupture"],"picked":"Body Slam"},{"not_picked":["Twin Strike","Sword Boomerang"],"picked":"Wild Strike"},{"not_picked":["Corruption","Wild Strike"],"picked":"Metallicize"}],"player_experience":137333,"potions_floor_usage":[39,39,42,42],"damage_taken":[{"damage":10.0,"enemies":"Small Slimes","floor":1.0,"turns":4.0},{"damage":6.0,"enemies":"Jaw Worm","floor":2.0,"turns":5.0},{"damage":8.0,"enemies":"Gremlin Nob","floor":6.0,"turns":4.0},{"damage":1.0,"enemies":"Cultist","floor":11.0,"turns":3.0},{"damage":0.0,"enemies":"3 Louse","floor":12.0,"turns":2.0},{"damage":0.0,"enemies":"Looter","floor":14.0,"turns":3.0},{"damage":51.0,"enemies":"Slime Boss","floor":16.0,"turns":9.0},{"damage":18.0,"enemies":"Shell Parasite","floor":18.0,"turns":6.0},{"damage":6.0,"enemies":"Chosen","floor":21.0,"turns":3.0},{"damage":60.0,"enemies":"Slavers","floor":23.0,"turns":10.0},{"damage":12.0,"enemies":"Centurion and Healer","floor":25.0,"turns":7.0},{"damage":57.0,"enemies":"Gremlin Leader","floor":28.0,"turns":9.0},{"damage":0.0,"enemies":"Snake Plant","floor":30.0,"turns":5.0},{"damage":45.0,"enemies":"Book of Stabbing","floor":31.0,"turns":7.0},{"damage":93.0,"enemies":"Automaton","floor":33.0,"turns":18.0},{"damage":16.0,"enemies":"Orb Walker","floor":35.0,"turns":5.0},{"damage":60,"enemies":"Mysterious Sphere","floor":39,"turns":7},{"damage":0,"enemies":"3 Shapes","floor":41,"turns":2},{"damage":60,"enemies":"2 Orb Walkers","floor":42,"turns":6}],"event_choices":[{"event_name":"Scrap Ooze","player_choice":"success","floor":3.0,"damage_taken":18.0},{"event_name":"Accursed Blacksmith","player_choice":"Rummage","floor":4.0,"damage_taken":0.0},{"event_name":"The Lab","player_choice":"Got Potions","floor":5.0,"damage_taken":0.0},{"event_name":"World of Goop","player_choice":"Gather Gold","floor":7.0,"damage_taken":0.0},{"event_name":"Vampires","player_choice":"Became a vampire (Vial)","floor":19.0,"damage_taken":0.0},{"event_name":"Back to Basics","player_choice":"Simplicity","floor":20.0,"damage_taken":0.0},{"event_name":"Cursed Tome","player_choice":"Obtained Book","floor":22.0,"damage_taken":0.0},{"event_name":"Tomb of Lord Red Mask","player_choice":"Paid","floor":37.0,"damage_taken":0.0},{"event_name":"Mysterious Sphere","player_choice":"Fight","floor":39,"damage_taken":0}],"boss_relics":[],"potions_floor_spawned":[1,6,12,18,21,23,25,28,30,31,33,35,39,41],"seed_played":"-3999600748971708217","killed_by":"2 Orb Walkers","ascension_level":1,"is_trial":false}