{"gold_per_floor":[112,112,112,129,49,75,75],"floor_reached":7,"playtime":51,"items_purged":[],"score":148,"play_id":"a232a5eb-4ee0-4ae0-86dc-c52a9432b702","local_time":"20190401022511","is_ascension_mode":true,"campfire_choices":[],"neow_cost":"NONE","seed_source_timestamp":32252533452535,"circlet_count":0,"master_deck":["AscendersBane","Strike_B","Strike_B+1","Strike_B+1","Strike_B","Defend_B","Defend_B","Defend_B","Defend_B","Zap+1","Dualcast","Cold Snap","Compile Driver","Capacitor","Genetic Algorithm"],"relics":["Cracked Core","NeowsBlessing","Lantern"],"potions_floor_usage":[],"damage_taken":[{"damage":0,"enemies":"Small Slimes","floor":1,"turns":1},{"damage":0,"enemies":"2 Louse","floor":4,"turns":1},{"damage":0,"enemies":"Gremlin Nob","floor":6,"turns":1},{"damage":0,"enemies":"The Mushroom Lair","floor":7,"turns":1}],"seed_played":"427926142957465677","potions_obtained":[{"floor":4,"key":"SpeedPotion"},{"floor":6,"key":"FocusPotion"}],"is_trial":false,"path_per_floor":["M","?","?","M","$","E","?"],"character_chosen":"DEFECT","items_purchased":["Capacitor"],"campfire_rested":0,"item_purchase_floors":[5],"current_hp_per_floor":[64,64,43,43,43,43,43],"gold":75,"neow_bonus":"THREE_ENEMY_KILL","is_prod":false,"is_daily":false,"chose_seed":false,"campfire_upgraded":0,"win_rate":0,"timestamp":1554078311,"path_taken":["M","?","?","M","$","E","?"],"build_version":"2019-03-15","purchased_purges":0,"victory":false,"max_hp_per_floor":[71,71,71,71,71,71,71],"card_choices":[{"not_picked":["Turbo","Redo"],"picked":"Cold Snap","floor":1},{"not_picked":["Fusion","Redo"],"picked":"Compile Driver","floor":4},{"not_picked":["Aggregate","Gash"],"picked":"Genetic Algorithm","floor":6}],"player_experience":1047775,"relics_obtained":[{"floor":6,"key":"Lantern"}],"event_choices":[{"damage_healed":0,"gold_gain":0,"player_choice":"Grow","damage_taken":0,"max_hp_gain":0,"max_hp_loss":0,"event_name":"Living Wall","floor":2,"gold_loss":0,"cards_upgraded":["Zap"]},{"damage_healed":0,"gold_gain":0,"player_choice":"Entered Light","damage_taken":21,"max_hp_gain":0,"max_hp_loss":0,"event_name":"Shining Light","floor":3,"gold_loss":0,"cards_upgraded":["Strike_B","Strike_B"]},{"damage_healed":0,"gold_gain":0,"player_choice":"Fought Mushrooms","damage_taken":0,"max_hp_gain":0,"max_hp_loss":0,"event_name":"Mushrooms","floor":7,"gold_loss":0}],"is_beta":true,"boss_relics":[],"items_purged_floors":[],"is_endless":false,"potions_floor_spawned":[4,6],"killed_by":"The Mushroom Lair","ascension_level":20}