{"gold_per_floor":[118,118,136,149,165,165,190,115,170,191,191,265,286,302,302,430,430,451,451,465,520,171,215,215,215,215,215,229,263,288,387,387,513,513,532,546,53,53,3,44,56,81,93,105,136,162,174,60,60,60],"floor_reached":51,"playtime":11498,"items_purged":["Defend_G","Strike_G","Strike_G","Strike_G","Dark Shackles"],"score":709,"play_id":"a0ee5060-53e8-491f-971e-fb61a1c652ae","local_time":"20190319212227","is_ascension_mode":false,"campfire_choices":[{"data":"Neutralize","floor":6.0,"key":"SMITH"},{"data":"Dagger Spray","floor":11.0,"key":"SMITH"},{"data":"Slice","floor":15.0,"key":"SMITH"},{"data":"Ghostly","floor":24.0,"key":"SMITH"},{"data":"Ghostly","floor":27.0,"key":"SMITH"},{"floor":32.0,"key":"REST"},{"floor":41,"key":"REST"},{"data":"Quick Slash","floor":47,"key":"SMITH"},{"floor":49,"key":"REST"}],"neow_cost":"NONE","seed_source_timestamp":0,"circlet_count":0,"master_deck":["Defend_G","Defend_G","Defend_G","Survivor","Neutralize+1","Slice+1","Flying Knee","Slice","Dagger Throw","Quick Slash+1","Dagger Spray+1","Heel Hook","Expertise","Die Die Die","Ghostly+1","Ghostly","Ghostly","Ghostly","Ghostly+1","Well Laid Plans","Bandage Up","Tools of the Trade","Backflip","Flechettes+1","Night Terror","Calculated Gamble","Well Laid Plans+1","Reflex+1","Glass Knife","Noxious Fumes+1","Catalyst","Leg Sweep+1"],"special_seed":0,"relics":["Ring of the Snake","Golden Idol","Tiny Chest","Dodecahedron","Sozu","Smiling Mask","HandDrill","Centennial Puzzle","Ancient Tea Set","Dream Catcher","Busted Crown","Ginger","Bronze Scales","MawBank","Frozen Egg 2"],"potions_floor_usage":[],"damage_taken":[{"damage":0.0,"enemies":"2 Louse","floor":1.0,"turns":3.0},{"damage":5.0,"enemies":"Jaw Worm","floor":3.0,"turns":6.0},{"damage":2.0,"enemies":"Small Slimes","floor":4.0,"turns":4.0},{"damage":1.0,"enemies":"Exordium Wildlife","floor":5.0,"turns":4.0},{"damage":0.0,"enemies":"Large Slime","floor":7.0,"turns":6.0},{"damage":3.0,"enemies":"3 Louse","floor":10.0,"turns":3.0},{"damage":0.0,"enemies":"Looter","floor":13.0,"turns":2.0},{"damage":0.0,"enemies":"Exordium Thugs","floor":14.0,"turns":3.0},{"damage":5.0,"enemies":"Slime Boss","floor":16.0,"turns":9.0},{"damage":10.0,"enemies":"Shell Parasite","floor":18.0,"turns":4.0},{"damage":1.0,"enemies":"Spheric Guardian","floor":20.0,"turns":5.0},{"damage":14.0,"enemies":"Gremlin Leader","floor":23.0,"turns":9.0},{"damage":0.0,"enemies":"Snake Plant","floor":28.0,"turns":4.0},{"damage":11.0,"enemies":"Book of Stabbing","floor":29.0,"turns":7.0},{"damage":4.0,"enemies":"Centurion and Healer","floor":30.0,"turns":5.0},{"damage":23.0,"enemies":"Automaton","floor":33.0,"turns":11.0},{"damage":0.0,"enemies":"3 Shapes","floor":35.0,"turns":3.0},{"damage":1.0,"enemies":"Orb Walker","floor":36.0,"turns":3.0},{"damage":19,"enemies":"Giant Head","floor":40,"turns":12},{"damage":4,"enemies":"3 Darklings","floor":42,"turns":5},{"damage":3,"enemies":"Maw","floor":45,"turns":8},{"damage":6,"enemies":"Sphere and 2 Shapes","floor":46,"turns":6},{"damage":28,"enemies":"Awakened One","floor":50,"turns":19}],"seed_played":"-5208650482362175912","potions_obtained":[{"floor":5.0,"key":"Fire Potion"},{"floor":7.0,"key":"SpeedPotion"},{"floor":10.0,"key":"GamblersBrew"},{"floor":14.0,"key":"PowerPotion"}],"is_trial":false,"path_per_floor":["M","?","M","M","M","R","M","$","T","M","R","T","M","M","R","B",null,"M","?","M","T","$","E","R","?","T","R","M","E","M","?","R","B",null,"M","M","$","?","$","E","R","M","T","?","M","M","R","$","R","B",null],"character_chosen":"THE_SILENT","items_purchased":["Bandage Up","HandDrill","Ginger","Bronze Scales","Catalyst"],"campfire_rested":3,"item_purchase_floors":[22,22,37,37,48],"current_hp_per_floor":[70,65,60,58,57,57,57,57,57,54,54,54,54,54,54,49,65,55,32,31,31,31,18,18,18,18,18,18,11,11,11,20,1,32,32,32,32,32,32,13,22,22,22,22,23,21,21,21,30,6],"gold":60,"neow_bonus":"REMOVE_CARD","is_prod":false,"is_daily":false,"chose_seed":false,"campfire_upgraded":6,"win_rate":0.0,"timestamp":1553048547,"path_taken":["M","?","M","M","M","R","M","$","T","M","R","?","M","M","R","BOSS","M","?","M","?","$","E","R","?","T","R","M","E","?","?","R","BOSS","M","M","$","?","?","E","R","M","T","?","M","?","R","$","R","BOSS"],"build_version":"2019-01-23","purchased_purges":5,"victory":true,"max_hp_per_floor":[70,65,65,65,65,65,65,65,65,65,65,65,65,65,65,65,65,65,32,32,32,32,32,32,32,32,32,32,32,32,32,32,32,32,32,32,32,32,32,32,32,32,32,32,32,32,32,32,32,32],"card_choices":[{"not_picked":["Sucker Punch","PiercingWail"],"picked":"Slice","floor":1.0},{"not_picked":["Outmaneuver","PiercingWail"],"picked":"Flying Knee","floor":3.0},{"not_picked":["Bane","Acrobatics"],"picked":"Slice","floor":4.0},{"not_picked":["Outmaneuver","Deadly Poison"],"picked":"Dagger Throw","floor":5.0},{"not_picked":["Phantasmal Killer","Deflect"],"picked":"Quick Slash","floor":7.0},{"not_picked":["Blade Dance","Slice"],"picked":"Dagger Spray","floor":10.0},{"not_picked":["Underhanded Strike","Slice"],"picked":"Heel Hook","floor":13.0},{"not_picked":["Malaise","Finisher"],"picked":"Expertise","floor":14.0},{"not_picked":["Malaise","Phantasmal Killer"],"picked":"Die Die Die","floor":16.0},{"not_picked":["Blade Dance","Acrobatics","Poisoned Stab"],"picked":"SKIP","floor":18.0},{"not_picked":["Dash+1","Crippling Poison"],"picked":"Well Laid Plans","floor":20.0},{"not_picked":["Calculated Gamble","Bane"],"picked":"Tools of the Trade","floor":23.0},{"not_picked":["Dodge and Roll","Deflect"],"picked":"Backflip","floor":28.0},{"not_picked":["Deadly Poison","Backflip","Footwork+1"],"picked":"SKIP","floor":29.0},{"not_picked":["Acrobatics+1","Bane","Blade Dance"],"picked":"SKIP","floor":30.0},{"not_picked":["Acrobatics","Flying Knee"],"picked":"Flechettes+1","floor":32.0},{"not_picked":["Wraith Form v2","Phantasmal Killer"],"picked":"Night Terror","floor":33.0},{"not_picked":["Leg Sweep+1"],"picked":"SKIP","floor":35.0},{"not_picked":["Catalyst+1"],"picked":"SKIP","floor":36.0},{"not_picked":[],"picked":"Calculated Gamble","floor":40},{"not_picked":[],"picked":"Well Laid Plans+1","floor":41},{"not_picked":[],"picked":"Reflex+1","floor":42},{"not_picked":["Prepared"],"picked":"SKIP","floor":45},{"not_picked":[],"picked":"Noxious Fumes+1","floor":46},{"not_picked":[],"picked":"Leg Sweep+1","floor":49}],"player_experience":73111,"relics_obtained":[{"floor":9.0,"key":"Tiny Chest"},{"floor":12.0,"key":"Dodecahedron"},{"floor":21.0,"key":"Smiling Mask"},{"floor":23.0,"key":"Centennial Puzzle"},{"floor":26.0,"key":"Ancient Tea Set"},{"floor":29.0,"key":"Dream Catcher"},{"floor":40,"key":"MawBank"},{"floor":43,"key":"Frozen Egg 2"}],"event_choices":[{"damage_healed":0.0,"max_hp_gain":0.0,"max_hp_loss":5.0,"gold_gain":0.0,"event_name":"Golden Idol","player_choice":"Lose Max HP","floor":2.0,"gold_loss":0.0,"damage_taken":0.0,"relics_obtained":["Golden Idol"]},{"damage_healed":0.0,"max_hp_gain":0.0,"max_hp_loss":33.0,"gold_gain":0.0,"event_name":"Ghosts","player_choice":"Became a Ghost","floor":19.0,"gold_loss":0.0,"damage_taken":0.0,"cards_obtained":["Ghostly","Ghostly","Ghostly","Ghostly","Ghostly"]},{"cards_removed":["Defend_G"],"damage_healed":0.0,"max_hp_gain":0.0,"max_hp_loss":0.0,"gold_gain":0.0,"event_name":"Back to Basics","player_choice":"Elegance","floor":25.0,"gold_loss":0.0,"damage_taken":0.0},{"damage_healed":0.0,"max_hp_gain":0.0,"max_hp_loss":0.0,"gold_gain":99.0,"event_name":"Nest","player_choice":"Stole From Cult","floor":31.0,"gold_loss":0.0,"damage_taken":0.0},{"cards_removed":["Strike_G"],"damage_healed":0.0,"max_hp_gain":0.0,"max_hp_loss":0.0,"gold_gain":0.0,"event_name":"Purifier","player_choice":"Purged","floor":38.0,"gold_loss":0.0,"damage_taken":0.0},{"damage_healed":0,"gold_gain":0,"player_choice":"2 cards matched","damage_taken":0,"max_hp_gain":0,"max_hp_loss":0,"event_name":"Match and Keep!","floor":44,"gold_loss":0,"cards_obtained":["Glass Knife","Dark Shackles"]}],"is_beta":false,"boss_relics":[{"not_picked":["Black Star","Calling Bell"],"picked":"Sozu"},{"not_picked":["White Beast Statue","Runic Pyramid"],"picked":"Busted Crown"}],"items_purged_floors":[8,22,37,39,48],"is_endless":false,"potions_floor_spawned":[5,7,10,14,28,29,30,33,35,42,46],"ascension_level":0}