{"gold_per_floor":[115,115,115,40,40,72,72,97,97,128,128,139,157,157,157,235,235,247,297,131,150,166,195,195,224,224,249,261,261,291,302,302,376,376,394,394,394,418,430,459,475,475,475,475,488,517,20,32,32,32,32,32,32,32,59,59],"floor_reached":57,"playtime":2908,"items_purged":["Regret","Parasite"],"score":3037,"play_id":"c2f95117-3454-4111-8da7-a73394f93fda","local_time":"20190408073057","is_ascension_mode":true,"campfire_choices":[{"data":"Dualcast","floor":7.0,"key":"SMITH"},{"data":"Genetic Algorithm","floor":15.0,"key":"SMITH"},{"floor":24.0,"key":"REST"},{"data":"Coolheaded","floor":29.0,"key":"SMITH"},{"floor":32.0,"key":"RECALL"},{"floor":42.0,"key":"REST"},{"floor":44.0,"key":"REST"},{"floor":49.0,"key":"REST"},{"floor":53.0,"key":"REST"}],"neow_cost":"NONE","seed_source_timestamp":3567113815068,"circlet_count":0,"master_deck":["AscendersBane","Strike_B+1","Strike_B","Defend_B+1","Defend_B+1","Defend_B","Defend_B","Zap+1","Dualcast+1","Gash","All For One","Electrodynamics+1","Go for the Eyes","Biased Cognition+1","Gash","Genetic Algorithm+1","Multi-Cast","Double Energy+1","Compile Driver","Coolheaded+1","Hologram+1","Coolheaded+1","All For One","Doom and Gloom","Master of Strategy","Panacea","Panacea","Self Repair+1","Glacier+1","Coolheaded","Capacitor+1","Defragment+1"],"special_seed":0,"relics":["Cracked Core","NeowsBlessing","Frozen Egg 2","Happy Flower","Incense Burner","Ice Cream","Potion Belt","Cursed Key","Anchor","War Paint","Bag of Marbles","Omamori","Bottled Lightning","DataDisk","Inserter","Art of War","Bottled Tornado","Torii","Blood Vial"],"potions_floor_usage":[55,55,56,56,56],"damage_taken":[{"damage":0.0,"enemies":"Small Slimes","floor":1.0,"turns":1.0},{"damage":0.0,"enemies":"Gremlin Nob","floor":6.0,"turns":1.0},{"damage":0.0,"enemies":"3 Sentries","floor":8.0,"turns":1.0},{"damage":0.0,"enemies":"Gremlin Nob","floor":10.0,"turns":2.0},{"damage":0.0,"enemies":"Jaw Worm","floor":12.0,"turns":2.0},{"damage":0.0,"enemies":"2 Louse","floor":13.0,"turns":1.0},{"damage":10.0,"enemies":"Hexaghost","floor":16.0,"turns":6.0},{"damage":0.0,"enemies":"Spheric Guardian","floor":18.0,"turns":2.0},{"damage":5.0,"enemies":"Shell Parasite","floor":21.0,"turns":2.0},{"damage":3.0,"enemies":"Centurion and Healer","floor":22.0,"turns":4.0},{"damage":0.0,"enemies":"Gremlin Leader","floor":23.0,"turns":3.0},{"damage":0.0,"enemies":"Book of Stabbing","floor":25.0,"turns":3.0},{"damage":0.0,"enemies":"Slavers","floor":27.0,"turns":3.0},{"damage":1.0,"enemies":"Snecko","floor":28.0,"turns":3.0},{"damage":10.0,"enemies":"Gremlin Leader","floor":30.0,"turns":4.0},{"damage":0.0,"enemies":"Cultist and Chosen","floor":31.0,"turns":3.0},{"damage":18.0,"enemies":"Champ","floor":33.0,"turns":8.0},{"damage":0.0,"enemies":"Orb Walker","floor":35.0,"turns":2.0},{"damage":0.0,"enemies":"3 Darklings","floor":39.0,"turns":2.0},{"damage":17.0,"enemies":"Nemesis","floor":40.0,"turns":7.0},{"damage":28.0,"enemies":"Jaw Worm Horde","floor":41.0,"turns":4.0},{"damage":27.0,"enemies":"Writhing Mass","floor":45.0,"turns":3.0},{"damage":3.0,"enemies":"Reptomancer","floor":46.0,"turns":4.0},{"damage":0.0,"enemies":"Transient","floor":48.0,"turns":6.0},{"damage":19.0,"enemies":"Time Eater","floor":50.0,"turns":5.0},{"damage":31.0,"enemies":"Awakened One","floor":51.0,"turns":12.0},{"damage":28,"enemies":"Shield and Spear","floor":55,"turns":3},{"damage":46,"enemies":"The Heart","floor":56,"turns":10}],"seed_played":"3172569410655078486","potions_obtained":[{"floor":6.0,"key":"Fire Potion"},{"floor":8.0,"key":"Poison Potion"},{"floor":12.0,"key":"Poison Potion"},{"floor":16.0,"key":"AttackPotion"},{"floor":18.0,"key":"Explosive Potion"},{"floor":21.0,"key":"Ancient Potion"},{"floor":25.0,"key":"Swift Potion"},{"floor":31.0,"key":"SteroidPotion"},{"floor":33.0,"key":"EssenceOfSteel"},{"floor":35.0,"key":"LiquidBronze"},{"floor":40.0,"key":"Dexterity Potion"},{"floor":46.0,"key":"AttackPotion"},{"floor":55,"key":"Regen Potion"}],"is_trial":false,"path_per_floor":["M","?","?","$","?","E","R","E","T","E","?","M","M","?","R","B",null,"M","?","$","M","M","E","R","E","T","E","M","R","E","M","R","B",null,"M","?","?","T","M","E","M","R","T","R","M","E","$","M","R","B","B",null,"R","$","E","B",null],"character_chosen":"DEFECT","items_purchased":["Anchor","Torii","Capacitor+1"],"campfire_rested":5,"item_purchase_floors":[20,47,47],"current_hp_per_floor":[64,57,57,57,57,57,57,57,57,57,57,57,57,36,36,26,60,60,60,60,55,52,52,71,71,71,71,70,70,60,60,60,42,64,64,71,61,61,61,44,16,37,37,58,41,38,38,48,68,59,38,61,68,68,50,31],"gold":59,"neow_bonus":"THREE_ENEMY_KILL","is_prod":false,"is_daily":false,"chose_seed":false,"campfire_upgraded":3,"win_rate":0,"timestamp":1554701457,"path_taken":["M","?","?","$","?","E","R","E","T","E","?","?","M","?","R","BOSS","M","?","$","M","?","E","R","E","T","E","M","R","E","M","R","BOSS","M","?","?","?","M","E","M","R","T","R","M","E","$","M","R","BOSS","BOSS","R","$","E","BOSS"],"build_version":"2019-04-04","purchased_purges":2,"victory":true,"max_hp_per_floor":[71,71,71,71,71,71,71,71,71,71,71,71,71,71,71,71,71,71,71,71,71,71,71,71,71,71,71,71,71,71,71,71,71,71,71,71,71,71,71,71,71,71,71,71,71,71,68,68,68,68,68,68,68,68,68,68],"card_choices":[{"not_picked":["Steam","Conserve Battery"],"picked":"Gash","floor":1.0},{"not_picked":["Rip and Tear","Darkness"],"picked":"All For One","floor":6.0},{"not_picked":["Hologram","Cold Snap"],"picked":"Electrodynamics+1","floor":8.0},{"not_picked":["Fusion","Cold Snap"],"picked":"Go for the Eyes","floor":10.0},{"not_picked":["Rebound","Storm+1"],"picked":"Gash","floor":12.0},{"not_picked":["Turbo","Leap"],"picked":"Genetic Algorithm","floor":13.0},{"not_picked":["Amplify","Meteor Strike"],"picked":"Multi-Cast","floor":16.0},{"not_picked":["Ball Lightning","Hologram"],"picked":"Double Energy","floor":18.0},{"not_picked":["Compile Driver","Beam Cell","Stack"],"picked":"SKIP","floor":21.0},{"not_picked":["Beam Cell","Stack"],"picked":"Compile Driver","floor":21.0},{"not_picked":["Undo","Leap"],"picked":"Coolheaded","floor":22.0},{"not_picked":["Beam Cell","Lockon"],"picked":"Hologram+1","floor":23.0},{"not_picked":["Loop+1","Go for the Eyes","Sweeping Beam"],"picked":"SKIP","floor":25.0},{"not_picked":["Multi-Cast","Beam Cell","Hello World+1"],"picked":"SKIP","floor":27.0},{"not_picked":["Ball Lightning","Streamline"],"picked":"Coolheaded+1","floor":28.0},{"not_picked":["Rebound","Compile Driver","Scrape"],"picked":"SKIP","floor":30.0},{"not_picked":["Ball Lightning","Scrape","Sunder"],"picked":"SKIP","floor":31.0},{"not_picked":["Reboot","Seek"],"picked":"All For One","floor":33.0},{"not_picked":["Doom and Gloom","Rebound","Streamline+1"],"picked":"SKIP","floor":35.0},{"not_picked":["Rebound","Streamline+1"],"picked":"Doom and Gloom","floor":35.0},{"not_picked":["Violence","Bandage Up"],"picked":"Master of Strategy","floor":37.0},{"not_picked":["Jack Of All Trades","Enlightenment"],"picked":"Panacea","floor":37.0},{"not_picked":["Deep Breath","Purity"],"picked":"Panacea","floor":37.0},{"not_picked":["Hologram","Cold Snap+1","Aggregate"],"picked":"SKIP","floor":39.0},{"not_picked":["FTL","Chaos","Skim"],"picked":"SKIP","floor":40.0},{"not_picked":["Coolheaded","Go for the Eyes"],"picked":"Self Repair+1","floor":41.0},{"not_picked":["FTL","Coolheaded"],"picked":"Glacier+1","floor":45.0},{"not_picked":["Cold Snap","Doom and Gloom"],"picked":"Coolheaded","floor":46.0},{"not_picked":["Stack+1","Sweeping Beam+1"],"picked":"Defragment+1","floor":48.0},{"not_picked":["Steam","Melter","Hello World+1"],"picked":"SKIP","floor":55}],"player_experience":1078838,"relics_obtained":[{"floor":6.0,"key":"Happy Flower"},{"floor":8.0,"key":"Incense Burner"},{"floor":9.0,"key":"Ice Cream"},{"floor":10.0,"key":"Potion Belt"},{"floor":23.0,"key":"War Paint"},{"floor":25.0,"key":"Bag of Marbles"},{"floor":26.0,"key":"Omamori"},{"floor":27.0,"key":"Bottled Lightning"},{"floor":30.0,"key":"DataDisk"},{"floor":40.0,"key":"Art of War"},{"floor":46.0,"key":"Bottled Tornado"},{"floor":55,"key":"Blood Vial"}],"event_choices":[{"cards_removed":["Strike_B"],"damage_healed":0.0,"max_hp_gain":0.0,"max_hp_loss":0.0,"gold_gain":0.0,"event_name":"Golden Wing","player_choice":"Card Removal","floor":2.0,"gold_loss":0.0,"damage_taken":7.0},{"damage_healed":0.0,"max_hp_gain":0.0,"max_hp_loss":0.0,"gold_gain":0.0,"event_name":"Big Fish","player_choice":"Box","floor":3.0,"gold_loss":0.0,"damage_taken":0.0,"relics_obtained":["Frozen Egg 2"],"cards_obtained":["Regret"]},{"damage_healed":0.0,"max_hp_gain":0.0,"max_hp_loss":0.0,"gold_gain":0.0,"event_name":"Living Wall","player_choice":"Grow","floor":5.0,"gold_loss":0.0,"damage_taken":0.0,"cards_upgraded":["Zap"]},{"damage_healed":0.0,"max_hp_gain":0.0,"max_hp_loss":0.0,"gold_gain":0.0,"cards_transformed":["Strike_B"],"event_name":"Transmorgrifier","player_choice":"Transformed","floor":11.0,"gold_loss":0.0,"damage_taken":0.0,"cards_obtained":["Biased Cognition"]},{"damage_healed":0.0,"max_hp_gain":0.0,"max_hp_loss":0.0,"gold_gain":0.0,"event_name":"Shining Light","player_choice":"Entered Light","floor":14.0,"gold_loss":0.0,"damage_taken":21.0,"cards_upgraded":["Defend_B","Strike_B"]},{"damage_healed":0.0,"max_hp_gain":0.0,"max_hp_loss":0.0,"gold_gain":100.0,"event_name":"The Joust","player_choice":"Bet on Murderer","floor":19.0,"gold_loss":50.0,"damage_taken":0.0},{"damage_healed":14.0,"max_hp_gain":0.0,"max_hp_loss":0.0,"gold_gain":0.0,"event_name":"Winding Halls","player_choice":"Writhe","floor":36.0,"gold_loss":0.0,"damage_taken":0.0,"cards_obtained":["Writhe"]},{"damage_healed":0.0,"max_hp_gain":0.0,"max_hp_loss":0.0,"gold_gain":0.0,"event_name":"SensoryStone","player_choice":"Memory 3","floor":37.0,"gold_loss":0.0,"damage_taken":10.0}],"is_beta":true,"boss_relics":[{"not_picked":["Sozu","Busted Crown"],"picked":"Cursed Key"},{"not_picked":["Eternal Feather","White Beast Statue"],"picked":"Inserter"}],"items_purged_floors":[4,47],"is_endless":false,"potions_floor_spawned":[6,8,12,16,18,21,25,31,33,35,40,46,55],"ascension_level":20}