{"path_per_floor":["M","?","M","M","M","E","M","?","T","R","M","R","?","$","R","B",null,"M","?","$","?","?","R","E","$","T","R","M","M","M","M","R","B",null,"M","?","?","T","M","E","$","R","T","M","M","M","R","M","R","B"],"character_chosen":"DEFECT","items_purchased":["Toxic Egg 2","Bandage Up+1","Orichalcum","Go for the Eyes+1"],"gold_per_floor":[113,113,123,140,151,177,194,294,294,294,314,314,314,71,71,173,173,184,99,11,11,11,11,44,44,44,44,62,72,86,96,96,192,192,205,205,257,257,268,299,31,31,111,130,140,157,157,169,169,169],"floor_reached":51,"campfire_rested":6,"playtime":3038,"item_purchase_floors":[],"current_hp_per_floor":[68,53,53,47,37,24,24,24,24,48,33,57,57,57,57,40,82,56,56,56,56,56,80,39,39,39,63,76,55,59,33,57,20,82,68,68,52,52,58,67,67,67,73,54,59,46,72,88,88,29],"items_purged":["Strike_B"],"gold":169,"score":749,"play_id":"820e8dad-78b6-434d-83e4-e5e4de5c70f6","local_time":"20180525213920","is_prod":false,"is_daily":false,"chose_seed":false,"is_ascension_mode":false,"campfire_upgraded":3,"win_rate":0,"timestamp":1527277160,"campfire_choices":[{"floor":10.0,"key":"REST"},{"floor":12.0,"key":"REST"},{"data":"Darkness","floor":15.0,"key":"SMITH"},{"floor":23.0,"key":"REST"},{"floor":27.0,"key":"REST"},{"floor":32,"key":"REST"},{"data":"Ball Lightning","floor":42,"key":"SMITH"},{"floor":47,"key":"REST"},{"data":"Consume","floor":49,"key":"SMITH"}],"path_taken":["M","?","?","M","M","E","M","?","T","R","?","R","?","?","R","BOSS","M","?","$","?","?","R","E","$","T","R","M","M","M","M","R","BOSS","M","?","?","?","M","E","?","R","T","M","?","?","R","M","R","BOSS"],"build_version":"2018-05-24","seed_source_timestamp":0,"purchased_purges":1,"victory":true,"master_deck":["Strike_B","Strike_B","Defend_B","Defend_B","Defend_B+1","Defend_B","Zap+1","Dualcast","Seek+1","Coolheaded+1","Leap","Redo","Consume+1","Darkness+1","Capacitor+1","Steam","All For One","Self Repair","Bandage Up+1","Ball Lightning+1","White Noise+1","Doubt","Ball Lightning+1","Ball Lightning+1","Stack+1","Aggregate+1","Creative AI","Streamline+1","Seek+1","Stack+1","Clumsy","Ball Lightning+1","Consume+1","Go for the Eyes+1","Decay","Steam+1","Steam+1","Scrape+1"],"max_hp_per_floor":[75,75,75,75,75,82,82,82,82,82,82,82,82,82,82,82,82,82,82,82,82,82,82,82,82,82,82,82,82,82,82,82,82,82,82,82,82,82,82,82,82,82,88,88,88,88,88,88,88,88],"relics":["Cracked Core","Strawberry","Calipers","Toxic Egg 2","Cursed Key","Letter Opener","Thread and Needle","Molten Egg 2","Sozu","Bird Faced Urn","Darkstone Periapt","War Paint","Orichalcum","Pantograph"],"card_choices":[{"not_picked":["Hologram","Go for the Eyes"],"picked":"Coolheaded","floor":1.0},{"not_picked":["Sweeping Beam","Turbo"],"picked":"Leap","floor":3.0},{"not_picked":["Undo","Coolheaded"],"picked":"Redo","floor":4.0},{"not_picked":["Beam Cell","Recycle"],"picked":"Consume","floor":5.0},{"not_picked":["Hologram","Steam"],"picked":"Darkness","floor":6.0},{"not_picked":["BootSequence","Recycle"],"picked":"Capacitor","floor":7.0},{"not_picked":["Sweeping Beam","Stack"],"picked":"Steam","floor":11.0},{"not_picked":["Buffer","Reboot+1"],"picked":"All For One","floor":16.0},{"not_picked":["Sweeping Beam","FTL"],"picked":"Self Repair","floor":18.0},{"not_picked":["Reprogram+1","Storm"],"picked":"White Noise+1","floor":24.0},{"not_picked":["Compile Driver+1","Doom and Gloom+1"],"picked":"Ball Lightning+1","floor":28.0},{"not_picked":["Streamline+1","Steam+1"],"picked":"Ball Lightning+1","floor":29.0},{"not_picked":["Steam+1","BootSequence+1"],"picked":"Stack+1","floor":30.0},{"not_picked":["Skim+1","Heatsinks"],"picked":"Aggregate+1","floor":31},{"not_picked":["Amplify+1","Biased Cognition"],"picked":"Creative AI","floor":33},{"not_picked":["Barrage+1","Storm"],"picked":"Streamline+1","floor":35},{"not_picked":["BootSequence+1","Cold Snap+1"],"picked":"Stack+1","floor":37},{"not_picked":["Turbo+1","Compile Driver+1"],"picked":"Ball Lightning+1","floor":39},{"not_picked":["Turbo+1","Double Energy+1"],"picked":"Consume+1","floor":40},{"not_picked":["Hologram+1","Capacitor"],"picked":"Steam+1","floor":44},{"not_picked":["Sunder+1","Turbo+1"],"picked":"Steam+1","floor":45},{"not_picked":["Blizzard+1","Beam Cell+1","Machine Learning"],"picked":"SKIP","floor":46},{"not_picked":["Skim+1","Glacier+1"],"picked":"Scrape+1","floor":48}],"player_experience":31524,"potions_floor_usage":[33,50],"damage_taken":[{"damage":7.0,"enemies":"2 Louse","floor":1.0,"turns":2.0},{"damage":0.0,"enemies":"Cultist","floor":3.0,"turns":3.0},{"damage":6.0,"enemies":"Jaw Worm","floor":4.0,"turns":3.0},{"damage":10.0,"enemies":"Exordium Thugs","floor":5.0,"turns":6.0},{"damage":20.0,"enemies":"Lagavulin","floor":6.0,"turns":8.0},{"damage":0.0,"enemies":"Large Slime","floor":7.0,"turns":3.0},{"damage":15.0,"enemies":"Exordium Wildlife","floor":11.0,"turns":4.0},{"damage":17.0,"enemies":"Slime Boss","floor":16.0,"turns":9.0},{"damage":26.0,"enemies":"Chosen","floor":18.0,"turns":6.0},{"damage":54.0,"enemies":"Gremlin Leader","floor":24.0,"turns":7.0},{"damage":0.0,"enemies":"3 Byrds","floor":28.0,"turns":3.0},{"damage":28.0,"enemies":"Snecko","floor":29.0,"turns":6.0},{"damage":2.0,"enemies":"Centurion and Healer","floor":30.0,"turns":4.0},{"damage":39,"enemies":"Slaver and Parasite","floor":31,"turns":5},{"damage":43,"enemies":"Collector","floor":33,"turns":8},{"damage":19,"enemies":"Orb Walker","floor":35,"turns":3},{"damage":22,"enemies":"Mysterious Sphere","floor":37,"turns":4},{"damage":13,"enemies":"Flame Bruiser 1 Orb","floor":39,"turns":6},{"damage":28,"enemies":"Nemesis","floor":40,"turns":7},{"damage":34,"enemies":"4 Shapes","floor":44,"turns":5},{"damage":22,"enemies":"3 Darklings","floor":45,"turns":6},{"damage":34,"enemies":"Spire Growth","floor":46,"turns":5},{"damage":10,"enemies":"Maw","floor":48,"turns":7},{"damage":67,"enemies":"Time Eater","floor":50,"turns":10}],"relics_obtained":[{"floor":6.0,"key":"Strawberry"},{"floor":9.0,"key":"Calipers"},{"floor":24.0,"key":"Thread and Needle"},{"floor":26.0,"key":"Molten Egg 2"},{"floor":37,"key":"Bird Faced Urn"},{"floor":38,"key":"Darkstone Periapt"},{"floor":40,"key":"War Paint"},{"floor":43,"key":"Pantograph"}],"event_choices":[{"event_name":"Shining Light","player_choice":"Entered Light","floor":2.0,"damage_taken":0.0},{"event_name":"Golden Shrine","player_choice":"Pray","floor":8.0,"damage_taken":0.0},{"event_name":"Upgrade Shrine","player_choice":"Upgraded","floor":13.0,"damage_taken":0.0},{"event_name":"Addict","player_choice":"Obtained Relic","floor":19.0,"damage_taken":0.0},{"event_name":"The Library","player_choice":"Read","floor":21.0,"damage_taken":0.0},{"event_name":"The Lab","player_choice":"Got Potions","floor":22.0,"damage_taken":0.0},{"event_name":"Transmorgrifier","player_choice":"Transform","floor":36,"damage_taken":0},{"event_name":"Mysterious Sphere","player_choice":"Fight","floor":37,"damage_taken":0}],"boss_relics":[{"not_picked":["Runic Pyramid","Orrery"],"picked":"Sozu"}],"items_purged_floors":[41],"potions_floor_spawned":[3,6,11,28,29,33,35,39,40],"seed_played":"-3624373490880968904","ascension_level":0,"potions_obtained":[{"floor":3.0,"key":"EssenceOfSteel"},{"floor":6.0,"key":"Energy Potion"},{"floor":11.0,"key":"FairyPotion"},{"floor":22.0,"key":"Explosive Potion"},{"floor":22.0,"key":"Fire Potion"},{"floor":28.0,"key":"Swift Potion"},{"floor":29.0,"key":"AttackPotion"},{"floor":33,"key":"SkillPotion"}],"is_trial":false}