{"gold_per_floor":[116,169,169,100,175,175,208,208,257,276,276,295,310,330,330,425,425,443,70,86,121,121,121,136,136,136,156,156,156,169,179,179,281,281,291,303,230,242,542,568,568,579,579,579,598,260,260,271,271,271],"floor_reached":51,"playtime":2094,"items_purged":["Strike_B"],"score":704,"play_id":"956fa3c5-2bf7-493c-85c7-43be04608487","local_time":"20180705222121","is_ascension_mode":false,"campfire_choices":[{"floor":6.0,"key":"REST"},{"floor":8.0,"key":"REST"},{"data":"Zap","floor":11.0,"key":"SMITH"},{"data":"Electrodynamics","floor":15.0,"key":"SMITH"},{"data":"Coolheaded","floor":23.0,"key":"SMITH"},{"floor":25.0,"key":"REST"},{"data":"Dualcast","floor":32.0,"key":"SMITH"},{"data":"Consume","floor":41.0,"key":"SMITH"},{"data":"Auto Shields","floor":44.0,"key":"SMITH"},{"data":"Static Discharge","floor":49.0,"key":"SMITH"}],"neow_cost":"","seed_source_timestamp":121275735039666,"circlet_count":0,"master_deck":["Strike_B+1","Defend_B","Defend_B+1","Defend_B","Defend_B","Zap+1","Dualcast+1","Tempest","Go for the Eyes","Lockon","Self Repair","Barrage","Coolheaded+1","Electrodynamics+1","Gash","Seek","Conserve Battery+1","FTL+1","Doom and Gloom","Ball Lightning+1","Auto Shields+1","Amplify","Consume+1","Consume+1","Hello World","White Noise+1","Static Discharge+1","Flash of Steel"],"special_seed":0,"relics":["Cracked Core","Vajra","Meat on the Bone","Bag of Marbles","Inserter","Mango","Red Mask","Bottled Flame","Nuclear Battery","Potion Belt","Bottled Lightning","Cables"],"potions_floor_usage":[50,50],"damage_taken":[{"damage":1.0,"enemies":"Cultist","floor":1.0,"turns":3.0},{"damage":15.0,"enemies":"Gremlin Nob","floor":7.0,"turns":4.0},{"damage":0.0,"enemies":"2 Louse","floor":10.0,"turns":1.0},{"damage":0.0,"enemies":"Small Slimes","floor":12.0,"turns":3.0},{"damage":0.0,"enemies":"3 Louse","floor":13.0,"turns":3.0},{"damage":0.0,"enemies":"Large Slime","floor":14.0,"turns":4.0},{"damage":1.0,"enemies":"Slime Boss","floor":16.0,"turns":6.0},{"damage":17.0,"enemies":"Shell Parasite","floor":18.0,"turns":5.0},{"damage":10.0,"enemies":"3 Byrds","floor":20.0,"turns":2.0},{"damage":20.0,"floor":21.0,"turns":3.0},{"damage":15.0,"enemies":"Centurion and Healer","floor":24.0,"turns":5.0},{"damage":2.0,"enemies":"Snecko","floor":27.0,"turns":5.0},{"damage":26.0,"enemies":"Snake Plant","floor":30.0,"turns":4.0},{"damage":0.0,"enemies":"Cultist and Chosen","floor":31.0,"turns":5.0},{"damage":41.0,"enemies":"Automaton","floor":33.0,"turns":8.0},{"damage":0.0,"enemies":"Orb Walker","floor":35.0,"turns":3.0},{"damage":5.0,"enemies":"3 Darklings","floor":36.0,"turns":2.0},{"damage":0.0,"enemies":"4 Shapes","floor":38.0,"turns":2.0},{"damage":23.0,"enemies":"2 Orb Walkers","floor":40.0,"turns":3.0},{"damage":5.0,"enemies":"Sphere and 2 Shapes","floor":42.0,"turns":3.0},{"damage":7.0,"enemies":"3 Darklings","floor":45.0,"turns":3.0},{"damage":0.0,"enemies":"4 Shapes","floor":48.0,"turns":2.0},{"damage":35,"enemies":"Time Eater","floor":50,"turns":4}],"seed_played":"3628122778817287687","potions_obtained":[{"floor":7.0,"key":"FearPotion"},{"floor":12.0,"key":"Fire Potion"},{"floor":16.0,"key":"LiquidBronze"},{"floor":31.0,"key":"Ancient Potion"},{"floor":35.0,"key":"FocusPotion"},{"floor":38.0,"key":"Swift Potion"},{"floor":40.0,"key":"Poison Potion"}],"is_trial":false,"path_per_floor":["M","T","?","$","?","R","E","R","T","M","R","M","M","M","R","B",null,"M","$","M","?","?","R","M","R","T","M","?","$","M","M","R","B",null,"M","M","$","M","?","E","R","M","T","R","M","$","?","M","R","B"],"character_chosen":"DEFECT","items_purchased":["Lockon","Mango","Hello World","Static Discharge","Cables"],"campfire_rested":3,"item_purchase_floors":[],"current_hp_per_floor":[74,74,59,59,48,70,55,75,75,75,75,75,75,75,75,75,75,65,79,76,63,63,63,55,81,81,86,86,86,67,74,74,52,89,89,84,84,89,89,73,73,68,68,68,68,68,68,68,68,45],"gold":271,"neow_bonus":"","is_prod":false,"is_daily":false,"chose_seed":false,"campfire_upgraded":7,"win_rate":0,"timestamp":1530800481,"path_taken":["M","?","?","$","?","R","E","R","T","?","R","M","M","M","R","BOSS","M","$","M","?","?","R","M","R","T","M","?","$","M","M","R","BOSS","M","M","$","?","?","E","R","M","T","R","M","?","?","M","R","BOSS"],"build_version":"2018-06-28","purchased_purges":1,"victory":true,"max_hp_per_floor":[75,75,75,75,75,75,75,75,75,75,75,75,75,75,75,75,75,75,89,89,89,89,89,89,89,89,89,89,89,89,89,89,89,89,89,89,89,89,89,89,89,89,89,89,89,89,89,89,89,89],"card_choices":[{"not_picked":["Doom and Gloom","Scrape"],"picked":"Go for the Eyes","floor":1.0},{"not_picked":["Doom and Gloom","Cold Snap"],"picked":"Self Repair","floor":7.0},{"not_picked":["Hologram","Tempest"],"picked":"Barrage","floor":10.0},{"not_picked":["Redo","Stack"],"picked":"Coolheaded","floor":12.0},{"not_picked":["Compile Driver","Turbo"],"picked":"Electrodynamics","floor":13.0},{"not_picked":["Rebound","Cold Snap"],"picked":"Gash","floor":14.0},{"not_picked":["Hyperbeam","Echo Form"],"picked":"Seek","floor":16.0},{"not_picked":["Heatsinks","Streamline","Chill+1"],"picked":"SKIP","floor":18.0},{"not_picked":["Leap","Streamline"],"picked":"Conserve Battery+1","floor":20.0},{"not_picked":["Recycle+1","Scrape"],"picked":"FTL+1","floor":21.0},{"not_picked":["Hologram+1","Coolheaded","Glacier"],"picked":"SKIP","floor":24.0},{"not_picked":["Compile Driver","Barrage"],"picked":"Ball Lightning+1","floor":27.0},{"not_picked":["Barrage","Go for the Eyes","Auto Shields"],"picked":"SKIP","floor":30.0},{"not_picked":["Cold Snap+1","Steam"],"picked":"Auto Shields","floor":31.0},{"not_picked":["Seek","Hyperbeam"],"picked":"Amplify","floor":33.0},{"not_picked":["Lockon+1","Streamline+1"],"picked":"Consume","floor":35.0},{"not_picked":["Steam+1","Stack+1"],"picked":"Consume+1","floor":36.0},{"not_picked":["Hologram+1","Beam Cell","Go for the Eyes"],"picked":"SKIP","floor":38.0},{"not_picked":["FTL+1","Go for the Eyes+1","Hologram"],"picked":"SKIP","floor":40.0},{"not_picked":["Conserve Battery","Rebound+1"],"picked":"White Noise+1","floor":42.0},{"not_picked":["White Noise","Glacier","Cold Snap"],"picked":"SKIP","floor":45.0},{"not_picked":["Swift Strike","Mind Blast"],"picked":"Flash of Steel","floor":47.0},{"not_picked":["Go for the Eyes+1","Reprogram+1","Lockon+1"],"picked":"SKIP","floor":48.0}],"player_experience":58021,"relics_obtained":[{"floor":2.0,"key":"Vajra"},{"floor":7.0,"key":"Meat on the Bone"},{"floor":9.0,"key":"Bag of Marbles"},{"floor":21.0,"key":"Red Mask"},{"floor":26.0,"key":"Bottled Flame"},{"floor":40.0,"key":"Potion Belt"},{"floor":43.0,"key":"Bottled Lightning"}],"event_choices":[{"event_name":"Shining Light","player_choice":"Entered Light","floor":3.0,"damage_taken":0.0},{"event_name":"World of Goop","player_choice":"Gather Gold","floor":5.0,"damage_taken":0.0},{"event_name":"Masked Bandits","player_choice":"Fought over 86 gold","floor":21.0,"damage_taken":0.0},{"event_name":"Transmorgrifier","player_choice":"Transform","floor":22.0,"damage_taken":0.0},{"event_name":"Vampires","player_choice":"Ignored","floor":28.0,"damage_taken":0.0},{"event_name":"Wheel of Change","player_choice":"Gold","floor":39.0,"damage_taken":0.0},{"event_name":"SensoryStone","player_choice":"Memory 1","floor":47.0,"damage_taken":0.0}],"boss_relics":[{"not_picked":["Sozu","Black Star"],"picked":"Inserter"},{"not_picked":["Calling Bell","Lizard Tail"],"picked":"Nuclear Battery"}],"items_purged_floors":[],"is_endless":false,"potions_floor_spawned":[7,12,16,24,30,31,33,35,38,40],"ascension_level":0}