{"path_per_floor":["M","$","?","?","?","E","R","E","T","R","$","?","R","M","R","B",null,"M","$","M","?","$","E","R","E","T","E","M","R","M","M","R"],"character_chosen":"IRONCLAD","items_purchased":["Armaments","Orichalcum","Shrug It Off","Pommel Strike","Bottled Lightning","Body Slam"],"gold_per_floor":[115,67,67,242,242,270,270,302,325,325,91,166,166,177,177,281,281,301,3,14,14,14,47,47,72,372,399,416,416,431,448,448],"floor_reached":33,"campfire_rested":5,"playtime":2663,"current_hp_per_floor":[72,72,72,72,65,40,61,40,40,61,61,50,71,72,72,20,72,72,72,63,63,63,33,33,39,39,20,7,45,41,42,79],"items_purged":[],"gold":448,"score":351,"play_id":"e92a71eb-591b-49df-9ad6-30068f270ce5","local_time":"20180312181823","is_prod":false,"is_daily":false,"is_ascension_mode":true,"campfire_upgraded":2,"timestamp":1520875103,"path_taken":["M","$","?","?","?","E","R","E","T","R","$","?","R","M","R","BOSS","M","$","M","?","?","E","R","E","T","E","?","R","M","M","R","BOSS"],"build_version":"2018-03-09","purchased_purges":1,"victory":false,"master_deck":["Strike_R","Strike_R","Strike_R","Strike_R","Defend_R","Defend_R","Defend_R","Bash","Intimidate","Body Slam","Thunderclap","Armaments+1","Whirlwind","Infernal Blade","Wild Strike","Shrug It Off+1","Pommel Strike","Iron Wave","Impervious","Sword Boomerang","Body Slam","Sentinel+1","Rampage","Ghostly Armor","Impervious","Clothesline+1","Fire Breathing+1","Spot Weakness"],"max_hp_per_floor":[72,72,72,72,72,72,72,72,72,72,72,72,72,72,72,72,72,72,72,72,72,72,72,72,72,72,79,79,79,79,79,79],"relics":["Burning Blood","Prayer Wheel","Dodecahedron","Bag of Preparation","Orichalcum","Mark of Pain","Bottled Lightning","Bronze Scales","Regal Pillow","Old Coin","Strawberry"],"card_choices":[{"not_picked":["Shockwave","Havoc"],"picked":"Thunderclap"},{"not_picked":["Second Wind","Sentinel"],"picked":"Whirlwind"},{"not_picked":["Heavy Blade","Pommel Strike"],"picked":"Infernal Blade"},{"not_picked":["Inflame","Rupture"],"picked":"Wild Strike"},{"not_picked":["Twin Strike","Sentinel"],"picked":"Iron Wave"},{"not_picked":["Fiend Fire","Demon Form"],"picked":"Impervious"},{"not_picked":["Shockwave","Heavy Blade"],"picked":"Sword Boomerang"},{"not_picked":["Sword Boomerang","Warcry"],"picked":"Sentinel"},{"not_picked":["Shrug It Off","Uppercut"],"picked":"Rampage"},{"not_picked":["Clash","Headbutt"],"picked":"Ghostly Armor"},{"not_picked":["Sever Soul","Whirlwind"],"picked":"Impervious"},{"not_picked":["True Grit","Wild Strike"],"picked":"Clothesline"},{"not_picked":["Twin Strike","Body Slam"],"picked":"Fire Breathing"},{"not_picked":["Perfected Strike","Rage"],"picked":"Spot Weakness"}],"player_experience":84991,"potions_floor_usage":[23,25,28,33],"damage_taken":[{"damage":3.0,"enemies":"Small Slimes","floor":1.0,"turns":4.0},{"damage":31.0,"enemies":"3 Sentries","floor":6.0,"turns":10.0},{"damage":27.0,"enemies":"Gremlin Nob","floor":8.0,"turns":4.0},{"damage":0.0,"enemies":"2 Louse","floor":14.0,"turns":2.0},{"damage":58.0,"enemies":"Slime Boss","floor":16.0,"turns":14.0},{"damage":5,"enemies":"Chosen","floor":18,"turns":3},{"damage":15,"enemies":"2 Thieves","floor":20,"turns":4},{"damage":36,"enemies":"Book of Stabbing","floor":23,"turns":7},{"damage":0,"enemies":"Gremlin Leader","floor":25,"turns":7},{"damage":32,"enemies":"Slavers","floor":27,"turns":7},{"damage":19,"enemies":"Centurion and Healer","floor":28,"turns":4},{"damage":10,"enemies":"Snake Plant","floor":30,"turns":3},{"damage":5,"enemies":"Snecko","floor":31,"turns":6},{"damage":80,"enemies":"Collector","floor":33,"turns":7}],"event_choices":[{"event_name":"The Cleric","player_choice":"Leave","floor":3.0,"damage_taken":0.0},{"event_name":"Liars Game","player_choice":"agreed","floor":4.0,"damage_taken":0.0},{"event_name":"Golden Wing","player_choice":"Card Removal","floor":5.0,"damage_taken":0.0},{"event_name":"World of Goop","player_choice":"Gather Gold","floor":12.0,"damage_taken":0.0},{"event_name":"Drug Dealer","player_choice":"Ignored","floor":21,"damage_taken":0}],"boss_relics":[{"not_picked":["Tiny House","Runic Cube"],"picked":"Mark of Pain"}],"potions_floor_spawned":[1,16,20,27,30],"seed_played":"3484235626530995180","killed_by":"Collector","ascension_level":1,"is_trial":false}