{"gold_per_floor":[117,130,146,146,161,161,196,214,214,52,17,17,17,58,58,148,148,161,161,174,174,99,135,60,73,97,97,128,128,152,77,77,176,176,192,208,208,208,37,37,60,60],"floor_reached":42,"playtime":2109,"items_purged":["Pain"],"score":938,"play_id":"5b47bfc4-2df1-424f-8c0f-fc5354a6a332","local_time":"20190330233010","is_ascension_mode":true,"campfire_choices":[{"data":"White Noise","floor":6.0,"key":"SMITH"},{"floor":12.0,"key":"REST"},{"data":"Streamline","floor":15.0,"key":"SMITH"},{"floor":27.0,"key":"REST"},{"data":"Self Repair","floor":29.0,"key":"SMITH"},{"floor":32.0,"key":"RECALL"},{"floor":40.0,"key":"REST"}],"neow_cost":"NONE","seed_source_timestamp":0,"circlet_count":0,"master_deck":["AscendersBane","Strike_B","Strike_B","Strike_B","Strike_B","Defend_B","Defend_B","Defend_B","Defend_B","Zap","Dualcast","Echo Form","Chaos+1","Streamline+1","Auto Shields","White Noise+1","Steam","Rainbow","Electrodynamics","Reboot","Self Repair+1","Leap","Echo Form","White Noise","Leap+1","Parasite","Capacitor","Rainbow"],"special_seed":0,"relics":["Cracked Core","Golden Idol","Bottled Lightning","Gremlin Horn","Ancient Tea Set","Snecko Eye","WarpedTongs","Prayer Wheel","Strawberry","Lantern","PreservedInsect","Runic Pyramid","Shovel","Anchor"],"potions_floor_usage":[42],"damage_taken":[{"damage":8.0,"enemies":"Small Slimes","floor":1.0,"turns":3.0},{"damage":5.0,"enemies":"2 Louse","floor":2.0,"turns":4.0},{"damage":0.0,"enemies":"Cultist","floor":3.0,"turns":3.0},{"damage":9.0,"enemies":"Large Slime","floor":5.0,"turns":4.0},{"damage":27.0,"enemies":"Lagavulin","floor":7.0,"turns":8.0},{"damage":7.0,"enemies":"3 Louse","floor":8.0,"turns":2.0},{"damage":5.0,"enemies":"3 Sentries","floor":14.0,"turns":8.0},{"damage":11.0,"enemies":"The Guardian","floor":16.0,"turns":7.0},{"damage":16.0,"enemies":"Shell Parasite","floor":18.0,"turns":3.0},{"damage":16.0,"enemies":"Spheric Guardian","floor":20.0,"turns":4.0},{"damage":15.0,"enemies":"Book of Stabbing","floor":23.0,"turns":7.0},{"damage":0.0,"enemies":"Chosen and Byrds","floor":25.0,"turns":3.0},{"damage":0.0,"enemies":"Gremlin Leader","floor":28.0,"turns":4.0},{"damage":10.0,"enemies":"Snake Plant","floor":30.0,"turns":5.0},{"damage":54.0,"enemies":"Champ","floor":33.0,"turns":14.0},{"damage":0.0,"enemies":"Orb Walker","floor":35.0,"turns":2.0},{"damage":52.0,"enemies":"3 Darklings","floor":36.0,"turns":4.0},{"damage":18,"enemies":"Writhing Mass","floor":41,"turns":6},{"damage":52,"enemies":"Reptomancer","floor":42,"turns":4}],"seed_played":"-8972920692522258603","potions_obtained":[{"floor":1.0,"key":"PowerPotion"},{"floor":14.0,"key":"GamblersBrew"},{"floor":16.0,"key":"Swift Potion"},{"floor":18.0,"key":"Block Potion"},{"floor":25.0,"key":"Block Potion"},{"floor":33.0,"key":"SteroidPotion"},{"floor":41,"key":"AttackPotion"}],"is_trial":false,"path_per_floor":["M","M","M","?","M","R","E","M","T","$","?","R","?","E","R","B",null,"M","?","M","?","$","E","$","M","T","R","E","R","M","?","R","B",null,"M","M","?","?","$","R","M","E"],"character_chosen":"DEFECT","items_purchased":["Ancient Tea Set","Self Repair","Anchor"],"campfire_rested":3,"item_purchase_floors":[10,24,39],"current_hp_per_floor":[56,51,51,51,42,42,15,8,8,8,24,43,43,38,38,27,55,39,39,23,23,23,15,15,35,35,56,56,56,66,66,66,32,61,61,29,29,29,29,50,52,0],"gold":60,"neow_bonus":"ONE_RANDOM_RARE_CARD","is_prod":false,"is_daily":false,"chose_seed":false,"campfire_upgraded":3,"win_rate":0,"timestamp":1553985010,"path_taken":["M","M","M","?","M","R","E","M","T","$","?","R","?","E","R","BOSS","M","?","?","?","$","E","$","M","T","R","E","R","M","?","R","BOSS","M","M","?","?","$","R","?","E"],"build_version":"2019-03-15","purchased_purges":1,"victory":false,"max_hp_per_floor":[71,71,71,64,64,64,64,64,64,64,64,64,64,64,64,64,64,64,64,64,64,64,71,71,71,71,71,71,71,71,71,71,71,71,71,71,71,71,71,71,71,71],"card_choices":[{"not_picked":["Hologram","Stack"],"picked":"Chaos","floor":1.0},{"not_picked":["Barrage","Heatsinks"],"picked":"Streamline","floor":2.0},{"not_picked":["Consume","Leap"],"picked":"Auto Shields","floor":3.0},{"not_picked":["Stack","Coolheaded"],"picked":"White Noise","floor":5.0},{"not_picked":["Skim","Double Energy","All For One"],"picked":"SKIP","floor":7.0},{"not_picked":["Compile Driver","Sweeping Beam"],"picked":"Steam","floor":8.0},{"not_picked":["Storm","Gash"],"picked":"Rainbow","floor":14.0},{"not_picked":["All For One","Machine Learning"],"picked":"Electrodynamics","floor":16.0},{"not_picked":["Coolheaded","Barrage","Recycle"],"picked":"SKIP","floor":18.0},{"not_picked":["Gash","Melter","Turbo"],"picked":"SKIP","floor":20.0},{"not_picked":["Cold Snap","Gash"],"picked":"Reboot","floor":23.0},{"not_picked":["Turbo+1","Auto Shields"],"picked":"Leap","floor":25.0},{"not_picked":["Barrage","Chill","Beam Cell"],"picked":"SKIP","floor":25.0},{"not_picked":["Auto Shields","Steam","Scrape"],"picked":"SKIP","floor":28.0},{"not_picked":["Doom and Gloom","Coolheaded","Scrape"],"picked":"SKIP","floor":30.0},{"not_picked":["Redo","Beam Cell+1","Barrage"],"picked":"SKIP","floor":30.0},{"not_picked":["Amplify","All For One"],"picked":"Echo Form","floor":33.0},{"not_picked":["Gash","Self Repair"],"picked":"White Noise","floor":35.0},{"not_picked":["Genetic Algorithm","Turbo","Redo+1"],"picked":"SKIP","floor":35.0},{"not_picked":["Cold Snap","Beam Cell"],"picked":"Leap+1","floor":36.0},{"not_picked":["Redo","BootSequence","Steam Power"],"picked":"SKIP","floor":36.0},{"not_picked":["Leap","Rebound"],"picked":"Capacitor","floor":41},{"not_picked":["Conserve Battery","Gash","Rainbow"],"picked":"SKIP","floor":41},{"not_picked":["Conserve Battery","Gash"],"picked":"Rainbow","floor":41}],"player_experience":1034362,"relics_obtained":[{"floor":7.0,"key":"Bottled Lightning"},{"floor":9.0,"key":"Gremlin Horn"},{"floor":23.0,"key":"Strawberry"},{"floor":26.0,"key":"Lantern"},{"floor":28.0,"key":"PreservedInsect"}],"event_choices":[{"damage_healed":0.0,"max_hp_gain":0.0,"max_hp_loss":7.0,"gold_gain":0.0,"event_name":"Golden Idol","player_choice":"Lose Max HP","floor":4.0,"gold_loss":0.0,"damage_taken":0.0,"relics_obtained":["Golden Idol"]},{"damage_healed":16.0,"max_hp_gain":0.0,"max_hp_loss":0.0,"gold_gain":0.0,"event_name":"The Cleric","player_choice":"Healed","floor":11.0,"gold_loss":35.0,"damage_taken":0.0},{"damage_healed":0.0,"max_hp_gain":0.0,"max_hp_loss":0.0,"gold_gain":0.0,"event_name":"Living Wall","player_choice":"Grow","floor":13.0,"gold_loss":0.0,"damage_taken":0.0,"cards_upgraded":["Chaos"]},{"damage_healed":0.0,"max_hp_gain":0.0,"max_hp_loss":0.0,"gold_gain":0.0,"event_name":"Accursed Blacksmith","player_choice":"Rummage","floor":19.0,"gold_loss":0.0,"damage_taken":0.0,"relics_obtained":["WarpedTongs"],"cards_obtained":["Pain"]},{"damage_healed":0.0,"max_hp_gain":0.0,"max_hp_loss":0.0,"gold_gain":0.0,"event_name":"The Mausoleum","player_choice":"Opened","floor":21.0,"gold_loss":0.0,"damage_taken":0.0,"relics_obtained":["Prayer Wheel"],"cards_obtained":["Writhe"]},{"cards_removed":["Writhe"],"damage_healed":0.0,"max_hp_gain":0.0,"max_hp_loss":0.0,"gold_gain":0.0,"event_name":"Beggar","player_choice":"Gave Gold","floor":31.0,"gold_loss":75.0,"damage_taken":0.0},{"damage_healed":0.0,"max_hp_gain":0.0,"max_hp_loss":0.0,"gold_gain":0.0,"event_name":"Mysterious Sphere","player_choice":"Ignored","floor":37.0,"gold_loss":0.0,"damage_taken":0.0},{"damage_healed":0.0,"max_hp_gain":0.0,"max_hp_loss":0.0,"gold_gain":0.0,"event_name":"WeMeetAgain","player_choice":"Gave Potion","floor":38.0,"gold_loss":0.0,"damage_taken":0.0,"relics_obtained":["Shovel"]}],"is_beta":true,"boss_relics":[{"not_picked":["Ectoplasm","Coffee Dripper"],"picked":"Snecko Eye"},{"not_picked":["White Beast Statue","Eternal Feather"],"picked":"Runic Pyramid"}],"items_purged_floors":[22],"is_endless":false,"potions_floor_spawned":[1,14,16,18,20,25,33,41],"killed_by":"Reptomancer","ascension_level":20}