{"path_per_floor":["M","T","?","$","$","E","M","R","T","E","?","M","M","M","R","B",null,"M","M","M","?","?","R","M","M","T","M","?","M","T","M","R","B",null,"M","M","?","?","M","E","R","M","T","M","R","$","M","M","R","B"],"character_chosen":"THE_SILENT","items_purchased":["Noxious Fumes","Deadly Poison","Kunai","AttackPotion","Pen Nib"],"gold_per_floor":[109,135,210,135,14,45,64,64,64,93,93,113,126,140,140,240,240,253,264,282,282,282,282,293,313,337,353,353,366,392,410,410,506,506,523,541,541,541,552,580,580,598,670,687,687,140,155,173,173,173],"floor_reached":51,"campfire_rested":7,"playtime":2912,"item_purchase_floors":[],"current_hp_per_floor":[63,63,52,52,52,44,43,64,64,36,22,22,12,5,26,5,54,49,43,41,25,25,52,52,34,34,25,25,20,20,11,40,13,56,56,50,50,50,50,20,49,39,39,25,54,54,23,11,40,2],"items_purged":["Strike_G","Strike_G+1"],"gold":173,"score":997,"play_id":"71e765d9-03ab-4c07-a29e-2ffd17bd06d2","local_time":"20180618145703","is_prod":false,"is_daily":false,"chose_seed":false,"is_ascension_mode":true,"campfire_upgraded":0,"win_rate":0,"timestamp":1529326623,"campfire_choices":[{"floor":8.0,"key":"REST"},{"floor":15.0,"key":"REST"},{"floor":23.0,"key":"REST"},{"floor":32.0,"key":"REST"},{"floor":41.0,"key":"REST"},{"floor":45.0,"key":"REST"},{"floor":49.0,"key":"REST"}],"path_taken":["M","?","?","?","$","E","?","R","T","E","?","M","M","M","R","BOSS","M","M","?","?","?","R","M","M","T","?","?","M","?","M","R","BOSS","M","M","?","?","M","E","R","M","T","M","R","$","M","M","R","BOSS"],"build_version":"2018-06-14v2","seed_source_timestamp":0,"purchased_purges":2,"victory":true,"master_deck":["Defend_G+1","Defend_G+1","Defend_G+1","Defend_G+1","Defend_G+1","Strike_G+1","Strike_G+1","Survivor","Neutralize","Footwork","Noxious Fumes","Deadly Poison","Backflip","Adrenaline","Crippling Poison+1","Backflip+1","Catalyst","Footwork","Adrenaline","Burst","Noxious Fumes+1","Escape Plan+1"],"max_hp_per_floor":[70,70,70,70,70,70,70,70,70,70,70,70,70,70,70,70,70,70,70,70,70,70,70,70,70,70,70,70,70,70,70,70,70,70,70,70,70,70,70,70,70,70,70,70,70,70,70,70,70,70],"special_seed":0,"relics":["Velvet Choker","Ancient Tea Set","Vajra","Shuriken","Boot","Eternal Feather","Nilry\u0027s Codex","Nloth\u0027s Gift","Omamori","Girya","Tough Bandages","Kunai","Pen Nib"],"card_choices":[{"not_picked":["Reflex","Acrobatics"],"picked":"Footwork","floor":1.0},{"not_picked":["Dagger Throw","A Thousand Cuts","Wraith Form v2"],"picked":"SKIP","floor":6.0},{"not_picked":["Deflect","Dagger Throw","Acrobatics"],"picked":"SKIP","floor":7.0},{"not_picked":["PiercingWail","Storm of Steel","Slice"],"picked":"SKIP","floor":10.0},{"not_picked":["Prepared","All Out Attack","Masterful Stab"],"picked":"SKIP","floor":12.0},{"not_picked":["Well Laid Plans","Skewer","Endless Agony"],"picked":"SKIP","floor":13.0},{"not_picked":["Outmaneuver","Predator"],"picked":"Backflip","floor":14.0},{"not_picked":["Tools of the Trade","Grand Finale"],"picked":"Adrenaline","floor":16.0},{"not_picked":["Dodge and Roll","Outmaneuver"],"picked":"Crippling Poison+1","floor":18.0},{"not_picked":["PiercingWail","Flying Knee"],"picked":"Backflip+1","floor":19.0},{"not_picked":["Infinite Blades+1","Noxious Fumes"],"picked":"Catalyst","floor":20.0},{"not_picked":["Slice","Endless Agony","Poisoned Stab"],"picked":"SKIP","floor":24.0},{"not_picked":["Masterful Stab","Catalyst"],"picked":"Footwork","floor":25.0},{"not_picked":["Slice","Caltrops","Outmaneuver+1"],"picked":"SKIP","floor":27.0},{"not_picked":["Outmaneuver","Quick Slash","Leg Sweep"],"picked":"SKIP","floor":29.0},{"not_picked":["Prepared","Flying Knee","Skewer+1"],"picked":"SKIP","floor":31.0},{"not_picked":["Glass Knife","Tactician"],"picked":"Adrenaline","floor":33.0},{"not_picked":["Leg Sweep+1","Acrobatics+1","Quick Slash+1"],"picked":"SKIP","floor":35.0},{"not_picked":["Backstab","Prepared+1","Underhanded Strike+1"],"picked":"SKIP","floor":36.0},{"not_picked":["Quick Slash+1","Infinite Blades","Storm of Steel"],"picked":"SKIP","floor":39.0},{"not_picked":["Tactician","Caltrops+1"],"picked":"Burst","floor":40.0},{"not_picked":["Infinite Blades","Finisher+1","Poisoned Stab"],"picked":"SKIP","floor":42.0},{"not_picked":["Terror","Flying Knee"],"picked":"Noxious Fumes+1","floor":44.0},{"not_picked":["Backflip","Skewer+1"],"picked":"Escape Plan+1","floor":47.0},{"not_picked":["Cloak And Dagger+1","Dash+1","Dodge and Roll+1"],"picked":"SKIP","floor":48.0}],"player_experience":290973,"potions_floor_usage":[50,50],"damage_taken":[{"damage":0.0,"enemies":"Cultist","floor":1.0,"turns":5.0},{"damage":8.0,"enemies":"Lagavulin","floor":6.0,"turns":8.0},{"damage":1.0,"enemies":"Small Slimes","floor":7.0,"turns":4.0},{"damage":28.0,"enemies":"3 Sentries","floor":10.0,"turns":8.0},{"damage":0.0,"enemies":"2 Louse","floor":12.0,"turns":2.0},{"damage":10.0,"enemies":"Exordium Wildlife","floor":13.0,"turns":3.0},{"damage":7.0,"enemies":"Lots of Slimes","floor":14.0,"turns":3.0},{"damage":21.0,"enemies":"Hexaghost","floor":16.0,"turns":10.0},{"damage":5.0,"enemies":"Shell Parasite","floor":18.0,"turns":6.0},{"damage":6.0,"enemies":"3 Byrds","floor":19.0,"turns":4.0},{"damage":2.0,"enemies":"Snake Plant","floor":20.0,"turns":4.0},{"damage":0.0,"enemies":"Centurion and Healer","floor":24.0,"turns":6.0},{"damage":18.0,"enemies":"Cultist and Chosen","floor":25.0,"turns":5.0},{"damage":9.0,"enemies":"Snake Plant","floor":27.0,"turns":4.0},{"damage":5.0,"enemies":"Chosen and Byrds","floor":29.0,"turns":4.0},{"damage":9.0,"enemies":"Slaver and Parasite","floor":31.0,"turns":4.0},{"damage":27.0,"enemies":"Automaton","floor":33.0,"turns":12.0},{"damage":0.0,"enemies":"Flame Bruiser 1 Orb","floor":35.0,"turns":5.0},{"damage":6.0,"enemies":"3 Shapes","floor":36.0,"turns":4.0},{"damage":0.0,"enemies":"Spire Growth","floor":39.0,"turns":7.0},{"damage":30.0,"enemies":"Giant Head","floor":40.0,"turns":7.0},{"damage":10.0,"enemies":"4 Shapes","floor":42.0,"turns":5.0},{"damage":14.0,"enemies":"3 Darklings","floor":44.0,"turns":5.0},{"damage":31.0,"enemies":"Transient","floor":47.0,"turns":5.0},{"damage":12.0,"enemies":"Flame Bruiser 2 Orb","floor":48.0,"turns":7.0},{"damage":38,"enemies":"Donu and Deca","floor":50,"turns":11}],"relics_obtained":[{"floor":2.0,"key":"Ancient Tea Set"},{"floor":6.0,"key":"Vajra"},{"floor":9.0,"key":"Shuriken"},{"floor":10.0,"key":"Boot"},{"floor":21.0,"key":"Nilry\u0027s Codex"},{"floor":26.0,"key":"Lantern"},{"floor":30.0,"key":"Omamori"},{"floor":40.0,"key":"Girya"},{"floor":43.0,"key":"Tough Bandages"}],"event_choices":[{"event_name":"World of Goop","player_choice":"Gather Gold","floor":3.0,"damage_taken":0.0},{"event_name":"Shining Light","player_choice":"Entered Light","floor":11.0,"damage_taken":0.0},{"event_name":"Cursed Tome","player_choice":"Obtained Book","floor":21.0,"damage_taken":0.0},{"event_name":"Back to Basics","player_choice":"Simplicity","floor":22.0,"damage_taken":0.0},{"event_name":"N\u0027loth","player_choice":"Traded a Lantern","floor":28.0,"damage_taken":0.0},{"event_name":"Tomb of Lord Red Mask","player_choice":"Ignored","floor":37.0,"damage_taken":0.0},{"event_name":"Falling","player_choice":"Removed Attack","floor":38.0,"damage_taken":0.0}],"boss_relics":[{"not_picked":["Lizard Tail","Snecko Eye"],"picked":"Eternal Feather"},{"not_picked":["Coffee Dripper","Philosopher\u0027s Stone","Pandora\u0027s Box"]}],"items_purged_floors":[],"is_endless":false,"potions_floor_spawned":[1,6,14,16,19,25,31,33,36,39,47],"seed_played":"3981899166918161769","ascension_level":9,"potions_obtained":[{"floor":1.0,"key":"Strength Potion"},{"floor":6.0,"key":"Fire Potion"},{"floor":14.0,"key":"Dexterity Potion"},{"floor":16.0,"key":"Block Potion"},{"floor":19.0,"key":"Explosive Potion"},{"floor":25.0,"key":"Poison Potion"},{"floor":31.0,"key":"LiquidBronze"},{"floor":33.0,"key":"Explosive Potion"},{"floor":36.0,"key":"LiquidBronze"},{"floor":39.0,"key":"Explosive Potion"},{"floor":47.0,"key":"EssenceOfSteel"}],"is_trial":false}