{"gold_per_floor":[114,114,12,12,23,49,49,64,64,64,74,100,100,134,134,237,237,257,257,356,356,374,406,406,419,419,419,432,118,118,48,48,143,143,161,173,173,221,241,241,257,15,42,67,86,117,117,127,127,127],"floor_reached":51,"playtime":6048,"items_purged":["Strike_B"],"score":866,"play_id":"2b84e289-c8a5-46ad-9769-429bad41392d","local_time":"20190410203715","is_ascension_mode":true,"campfire_choices":[{"data":"Sweeping Beam","floor":7.0,"key":"SMITH"},{"data":"Dualcast","floor":10.0,"key":"SMITH"},{"floor":13.0,"key":"REST"},{"floor":15.0,"key":"REST"},{"floor":24.0,"key":"REST"},{"data":"Defragment","floor":27.0,"key":"SMITH"},{"data":"Defragment","floor":30.0,"key":"SMITH"},{"floor":32.0,"key":"REST"},{"floor":40.0,"key":"REST"},{"floor":47.0,"key":"REST"},{"floor":49,"key":"REST"}],"neow_cost":"NONE","seed_source_timestamp":0,"circlet_count":0,"master_deck":["Strike_B","Strike_B","Defend_B","Defend_B","Defend_B","Zap","Dualcast+1","Sweeping Beam+1","Cold Snap","Coolheaded","Multi-Cast","Blizzard+1","Glacier","Echo Form","Amplify","Defragment+1","Consume","Conserve Battery","Stack+1","Go for the Eyes+1","Defragment+1","Compile Driver+1","Capacitor","Sweeping Beam+1","Cold Snap+1","Consume+1","PanicButton","Glacier","Defragment"],"special_seed":0,"relics":["Cracked Core","Vajra","Torii","Molten Egg 2","Omamori","Mercury Hourglass","Nuclear Battery","Ice Cream","Bronze Scales","Centennial Puzzle","Singing Bowl","Happy Flower","Inserter","StoneCalendar","Bag of Marbles","Pen Nib","Bottled Flame"],"potions_floor_usage":[50],"damage_taken":[{"damage":1.0,"enemies":"Cultist","floor":1.0,"turns":3.0},{"damage":0.0,"enemies":"Small Slimes","floor":5.0,"turns":3.0},{"damage":21.0,"enemies":"Lagavulin","floor":6.0,"turns":8.0},{"damage":0.0,"enemies":"2 Louse","floor":8.0,"turns":2.0},{"damage":14.0,"enemies":"Exordium Wildlife","floor":11.0,"turns":4.0},{"damage":1.0,"enemies":"Gremlin Nob","floor":12.0,"turns":3.0},{"damage":19.0,"enemies":"Lagavulin","floor":14.0,"turns":9.0},{"damage":8.0,"enemies":"Hexaghost","floor":16.0,"turns":10.0},{"damage":12.0,"enemies":"Spheric Guardian","floor":18.0,"turns":5.0},{"damage":29.0,"enemies":"2 Thieves","floor":22.0,"turns":3.0},{"damage":22.0,"enemies":"Book of Stabbing","floor":23.0,"turns":5.0},{"damage":1.0,"enemies":"3 Cultists","floor":25.0,"turns":4.0},{"damage":1.0,"enemies":"Sentry and Sphere","floor":28.0,"turns":5.0},{"damage":10.0,"enemies":"Collector","floor":33.0,"turns":12.0},{"damage":16.0,"enemies":"Orb Walker","floor":35.0,"turns":5.0},{"damage":13.0,"enemies":"3 Darklings","floor":36.0,"turns":6.0},{"damage":19.0,"enemies":"2 Orb Walkers","floor":38.0,"turns":5.0},{"damage":10.0,"enemies":"Maw","floor":39.0,"turns":6.0},{"damage":7.0,"enemies":"4 Shapes","floor":41.0,"turns":4.0},{"damage":16.0,"enemies":"Nemesis","floor":44.0,"turns":7.0},{"damage":0.0,"enemies":"3 Darklings","floor":45.0,"turns":6.0},{"damage":13.0,"enemies":"Reptomancer","floor":46.0,"turns":6.0},{"damage":1,"enemies":"Spire Growth","floor":48,"turns":7},{"damage":1,"enemies":"Donu and Deca","floor":50,"turns":9}],"seed_played":"187209754778760488","potions_obtained":[{"floor":5.0,"key":"SteroidPotion"},{"floor":6.0,"key":"FocusPotion"},{"floor":11.0,"key":"Energy Potion"},{"floor":16.0,"key":"Poison Potion"},{"floor":18.0,"key":"FocusPotion"},{"floor":22.0,"key":"AttackPotion"},{"floor":23.0,"key":"Block Potion"},{"floor":35.0,"key":"FocusPotion"},{"floor":39.0,"key":"AttackPotion"},{"floor":41.0,"key":"LiquidBronze"},{"floor":44.0,"key":"Swift Potion"}],"is_trial":false,"path_per_floor":["M","T","$","?","M","E","R","M","T","R","M","E","R","E","R","B",null,"M","?","?","T","M","E","R","M","T","R","M","$","R","$","R","B",null,"M","M","?","?","M","R","M","$","T","E","M","E","R","M","R","B",null],"character_chosen":"DEFECT","items_purchased":["Cold Snap","Coolheaded","Defragment","Happy Flower","Compile Driver+1","Capacitor","PanicButton","Glacier","Defragment"],"campfire_rested":7,"item_purchase_floors":[3,3,29,29,29,31,42,42,42],"current_hp_per_floor":[74,74,74,67,67,46,46,46,46,46,32,31,53,34,56,48,68,56,56,56,56,27,5,27,26,26,26,25,25,25,25,47,39,68,52,41,41,22,12,35,30,30,30,16,18,7,33,34,60,59],"gold":127,"neow_bonus":"RANDOM_COMMON_RELIC","is_prod":false,"is_daily":false,"chose_seed":false,"campfire_upgraded":4,"win_rate":0,"timestamp":1554946635,"path_taken":["M","?","$","?","M","E","R","M","T","R","M","E","R","E","R","BOSS","M","?","?","?","M","E","R","M","T","R","M","$","R","$","R","BOSS","M","M","?","?","M","R","M","$","T","E","M","E","R","M","R","BOSS"],"build_version":"2019-01-23","purchased_purges":1,"victory":true,"max_hp_per_floor":[75,75,75,75,75,75,75,75,75,75,75,75,75,75,75,75,75,75,75,75,75,75,75,75,75,75,75,75,75,75,75,75,77,77,77,79,79,79,79,79,81,81,81,83,85,87,87,89,89,89],"card_choices":[{"not_picked":["Conserve Battery","Leap"],"picked":"Sweeping Beam","floor":1.0},{"not_picked":["Hello World","Streamline","Stack"],"picked":"SKIP","floor":5.0},{"not_picked":["Beam Cell","Stack"],"picked":"Multi-Cast","floor":6.0},{"not_picked":["Aggregate","Blizzard","Tempest"],"picked":"SKIP","floor":8.0},{"not_picked":["Barrage+1","Rebound+1"],"picked":"Blizzard+1","floor":11.0},{"not_picked":["Beam Cell+1","Barrage+1"],"picked":"Glacier","floor":12.0},{"not_picked":["All For One+1","Hologram"],"picked":"Echo Form","floor":14.0},{"not_picked":["Meteor Strike+1","Hyperbeam+1"],"picked":"Amplify","floor":16.0},{"not_picked":["Loop","Capacitor"],"picked":"Defragment","floor":18.0},{"not_picked":["Coolheaded","Skim"],"picked":"Consume","floor":22.0},{"not_picked":["Streamline+1","Static Discharge"],"picked":"Conserve Battery","floor":23.0},{"not_picked":["Hello World","Redo"],"picked":"Stack+1","floor":25.0},{"not_picked":["Turbo","Skim"],"picked":"Go for the Eyes+1","floor":28.0},{"not_picked":["Rainbow","All For One+1","Thunder Strike+1"],"picked":"Singing Bowl","floor":33.0},{"not_picked":["Streamline+1","Rebound+1"],"picked":"Sweeping Beam+1","floor":35.0},{"not_picked":["Redo+1","Melter+1","Static Discharge+1"],"picked":"Singing Bowl","floor":36.0},{"not_picked":["Rebound+1","Leap+1"],"picked":"Cold Snap+1","floor":38.0},{"not_picked":["Conserve Battery","Compile Driver+1"],"picked":"Consume+1","floor":39.0},{"not_picked":["Coolheaded+1","Cold Snap+1","Hologram"],"picked":"Singing Bowl","floor":41.0},{"not_picked":["Amplify","Steam","Lockon+1"],"picked":"Singing Bowl","floor":44.0},{"not_picked":["Barrage+1","Beam Cell+1","Redo+1"],"picked":"Singing Bowl","floor":45.0},{"not_picked":["Sweeping Beam+1","Consume","Compile Driver+1"],"picked":"Singing Bowl","floor":46.0},{"not_picked":["Skim","Multi-Cast","Sunder+1"],"picked":"Singing Bowl","floor":48}],"player_experience":261415,"relics_obtained":[{"floor":6.0,"key":"Torii"},{"floor":9.0,"key":"Molten Egg 2"},{"floor":12.0,"key":"Omamori"},{"floor":14.0,"key":"Mercury Hourglass"},{"floor":21.0,"key":"Bronze Scales"},{"floor":23.0,"key":"Centennial Puzzle"},{"floor":26.0,"key":"Singing Bowl"},{"floor":38.0,"key":"StoneCalendar"},{"floor":43.0,"key":"Bag of Marbles"},{"floor":44.0,"key":"Pen Nib"},{"floor":46.0,"key":"Bottled Flame"}],"event_choices":[{"cards_removed":["Strike_B"],"damage_healed":0.0,"max_hp_gain":0.0,"max_hp_loss":0.0,"gold_gain":0.0,"event_name":"Golden Wing","player_choice":"Card Removal","floor":4.0,"gold_loss":0.0,"damage_taken":7.0},{"damage_healed":0.0,"max_hp_gain":0.0,"max_hp_loss":0.0,"gold_gain":0.0,"event_name":"The Mausoleum","player_choice":"Opened","floor":19.0,"gold_loss":0.0,"damage_taken":0.0,"relics_obtained":["Ice Cream"],"cards_obtained":["Writhe"]},{"damage_healed":0.0,"max_hp_gain":0.0,"max_hp_loss":0.0,"gold_gain":99.0,"event_name":"Nest","player_choice":"Stole From Cult","floor":20.0,"gold_loss":0.0,"damage_taken":0.0},{"cards_removed":["Defend_B"],"damage_healed":0.0,"max_hp_gain":0.0,"max_hp_loss":0.0,"gold_gain":0.0,"event_name":"Falling","player_choice":"Removed Skill","floor":37.0,"gold_loss":0.0,"damage_taken":0.0},{"damage_healed":0.0,"max_hp_gain":0.0,"max_hp_loss":0.0,"gold_gain":0.0,"event_name":"Mysterious Sphere","player_choice":"Fight","floor":38.0,"gold_loss":0.0,"damage_taken":0.0}],"is_beta":false,"boss_relics":[{"not_picked":["Black Star","Lizard Tail"],"picked":"Nuclear Battery"},{"not_picked":["Velvet Choker","Coffee Dripper"],"picked":"Inserter"}],"items_purged_floors":[29],"is_endless":false,"potions_floor_spawned":[5,6,11,16,18,22,23,35,39,41,44],"ascension_level":5}