{"gold_per_floor":[119,394,412,431,443,462,462,537,537,180,238,23,55,67,67,144,144,144,144,64,64],"floor_reached":21,"playtime":762,"items_purged":["Regret"],"score":358,"play_id":"4822115d-1ea8-44c8-9621-8bfa1ad78465","local_time":"20190405113719","is_ascension_mode":true,"campfire_choices":[{"data":"Consume","floor":7.0,"key":"SMITH"},{"floor":15.0,"key":"REST"}],"neow_cost":"NONE","seed_source_timestamp":436611421747,"circlet_count":0,"master_deck":["AscendersBane","Strike_B","Strike_B","Strike_B","Strike_B","Defend_B","Defend_B","Defend_B","Defend_B","Zap","Dualcast","Capacitor","BootSequence","Ball Lightning","Consume+1","Stack","Cold Snap","Capacitor","Biased Cognition","Conserve Battery","Creative AI","Conserve Battery","Pain","Static Discharge"],"special_seed":0,"relics":["Cracked Core","NeowsBlessing","Cables","Question Card","Bottled Tornado","Regal Pillow","Mummified Hand","Ectoplasm","WarpedTongs"],"potions_floor_usage":[18],"damage_taken":[{"damage":0.0,"enemies":"Small Slimes","floor":1.0,"turns":1.0},{"damage":0.0,"enemies":"Cultist","floor":3.0,"turns":1.0},{"damage":0.0,"enemies":"Jaw Worm","floor":4.0,"turns":1.0},{"damage":0.0,"enemies":"2 Fungi Beasts","floor":5.0,"turns":3.0},{"damage":3.0,"enemies":"Blue Slaver","floor":6.0,"turns":3.0},{"damage":20.0,"enemies":"3 Sentries","floor":11.0,"turns":6.0},{"damage":28.0,"enemies":"3 Sentries","floor":13.0,"turns":6.0},{"damage":0.0,"enemies":"Red Slaver","floor":14.0,"turns":3.0},{"damage":29.0,"enemies":"Hexaghost","floor":16.0,"turns":10.0},{"damage":38,"enemies":"3 Byrds","floor":18,"turns":4},{"damage":10,"enemies":"2 Thieves","floor":20,"turns":4},{"damage":13,"enemies":"3 Cultists","floor":21,"turns":2}],"seed_played":"3110423229799171339","potions_obtained":[{"floor":4.0,"key":"SteroidPotion"},{"floor":11.0,"key":"Regen Potion"},{"floor":14.0,"key":"FocusPotion"},{"floor":16.0,"key":"Ancient Potion"}],"is_trial":false,"path_per_floor":["M","?","M","M","M","M","R","?","T","$","?","$","E","M","R","B",null,"M","?","M","M"],"character_chosen":"DEFECT","items_purchased":["Question Card","Capacitor","Regal Pillow"],"campfire_rested":1,"item_purchase_floors":[10,12,12],"current_hp_per_floor":[64,64,64,64,64,61,61,50,50,50,30,30,17,17,53,24,59,21,21,11,0],"gold":64,"neow_bonus":"THREE_ENEMY_KILL","is_prod":false,"is_daily":false,"chose_seed":false,"campfire_upgraded":1,"win_rate":0,"timestamp":1554457039,"path_taken":["M","?","?","M","?","?","R","?","T","$","?","$","E","M","R","BOSS","M","?","M","?"],"build_version":"2019-04-04","purchased_purges":1,"victory":false,"max_hp_per_floor":[71,71,71,71,71,71,71,71,71,71,71,71,71,71,71,71,71,71,71,71,71],"card_choices":[{"not_picked":["Redo","Auto Shields"],"picked":"Capacitor","floor":1.0},{"not_picked":["Gash","Compile Driver"],"picked":"BootSequence","floor":3.0},{"not_picked":["BootSequence","Barrage"],"picked":"Ball Lightning","floor":4.0},{"not_picked":["Rebound","Ball Lightning"],"picked":"Consume","floor":5.0},{"not_picked":["Redo","Streamline"],"picked":"Stack","floor":6.0},{"not_picked":["Leap","Compile Driver","Coolheaded"],"picked":"Cold Snap","floor":11.0},{"not_picked":["Cold Snap","Steam","Barrage"],"picked":"Biased Cognition","floor":13.0},{"not_picked":["Streamline","Double Energy","Ball Lightning"],"picked":"Conserve Battery","floor":14.0},{"not_picked":["Electrodynamics","Multi-Cast","Fission"],"picked":"Creative AI","floor":16.0},{"not_picked":["Streamline","Chaos","Darkness"],"picked":"Conserve Battery","floor":18},{"not_picked":["Leap","BootSequence","Hello World"],"picked":"Static Discharge","floor":20}],"player_experience":1065722,"relics_obtained":[{"floor":9.0,"key":"Cables"},{"floor":11.0,"key":"Bottled Tornado"},{"floor":13.0,"key":"Mummified Hand"}],"event_choices":[{"damage_healed":0.0,"max_hp_gain":0.0,"max_hp_loss":0.0,"gold_gain":275.0,"event_name":"Golden Shrine","player_choice":"Desecrate","floor":2.0,"gold_loss":0.0,"damage_taken":0.0,"cards_obtained":["Regret"]},{"damage_healed":0.0,"max_hp_gain":0.0,"max_hp_loss":0.0,"gold_gain":75.0,"event_name":"World of Goop","player_choice":"Gather Gold","floor":8.0,"gold_loss":0.0,"damage_taken":11.0},{"damage_healed":0.0,"max_hp_gain":0.0,"max_hp_loss":0.0,"gold_gain":30.0,"event_name":"Dead Adventurer","player_choice":"Searched \u00272\u0027 times","floor":11.0,"gold_loss":0.0,"damage_taken":0.0},{"damage_healed":0,"gold_gain":0,"player_choice":"Rummage","damage_taken":0,"relics_obtained":["WarpedTongs"],"max_hp_gain":0,"max_hp_loss":0,"event_name":"Accursed Blacksmith","floor":19,"gold_loss":0,"cards_obtained":["Pain"]}],"is_beta":true,"boss_relics":[{"not_picked":["Coffee Dripper","White Beast Statue"],"picked":"Ectoplasm"}],"items_purged_floors":[10],"is_endless":false,"potions_floor_spawned":[4,11,14,16],"killed_by":"3 Cultists","ascension_level":20}