{"gold_per_floor":[119,119,138,149,169,169,197,197,197,0,0,10,10,29,29,125,125,137,62,62,80,92,92,18,18,18,18,18,36,68,78,78,177,177,188,205,37,48,61,61,88,88,88,88,102,112,112,41,41,41],"floor_reached":51,"playtime":6444,"items_purged":["Strike_R","Defend_R"],"score":674,"play_id":"2bb26a85-2e91-4e43-919d-30521e108215","local_time":"20190319085538","is_ascension_mode":false,"campfire_choices":[{"data":"Sword Boomerang","floor":6.0,"key":"SMITH"},{"data":"True Grit","floor":8.0,"key":"SMITH"},{"floor":15.0,"key":"REST"},{"data":"Anger","floor":23,"key":"SMITH"},{"data":"Combust","floor":25,"key":"SMITH"},{"data":"Shrug It Off","floor":27,"key":"SMITH"},{"floor":32,"key":"REST"},{"floor":40,"key":"REST"},{"data":"Inflame","floor":42,"key":"SMITH"},{"floor":44,"key":"REST"},{"floor":49,"key":"REST"}],"neow_cost":"NONE","seed_source_timestamp":0,"circlet_count":0,"master_deck":["Strike_R","Strike_R","Defend_R","Defend_R","Defend_R","Bash","Flex+1","Seeing Red","Sword Boomerang+1","Shrug It Off+1","True Grit+1","Anger+1","Flame Barrier","True Grit","Warcry","Offering","Heavy Blade+1","Headbutt","Combust+1","Rupture","Metallicize","Headbutt+1","Fiend Fire","Shrug It Off+1","Rupture","Inflame+1","Whirlwind+1","Intimidate+1","Injury","Spot Weakness+1","Whirlwind"],"special_seed":0,"relics":["Burning Blood","Red Skull","Bottled Lightning","Bronze Scales","Runic Cube","Kunai","Torii","Cursed Key","Pantograph","Toxic Egg 2"],"potions_floor_usage":[30,38,50],"damage_taken":[{"damage":5.0,"enemies":"Small Slimes","floor":1.0,"turns":3.0},{"damage":0.0,"enemies":"2 Louse","floor":3.0,"turns":4.0},{"damage":1.0,"enemies":"Cultist","floor":4.0,"turns":4.0},{"damage":21.0,"enemies":"Exordium Wildlife","floor":5.0,"turns":8.0},{"damage":48.0,"enemies":"3 Sentries","floor":7.0,"turns":12.0},{"damage":0.0,"enemies":"Red Slaver","floor":12.0,"turns":1.0},{"damage":0.0,"enemies":"3 Louse","floor":14.0,"turns":1.0},{"damage":37.0,"enemies":"Slime Boss","floor":16.0,"turns":10.0},{"damage":8.0,"enemies":"Shell Parasite","floor":18.0,"turns":6.0},{"damage":14.0,"enemies":"Spheric Guardian","floor":21.0,"turns":4.0},{"damage":24.0,"enemies":"3 Cultists","floor":22.0,"turns":5.0},{"damage":12,"enemies":"Shelled Parasite and Fungi","floor":29,"turns":2},{"damage":25,"enemies":"Gremlin Leader","floor":30,"turns":4},{"damage":1,"enemies":"Snecko","floor":31,"turns":4},{"damage":32,"enemies":"Champ","floor":33,"turns":10},{"damage":13,"enemies":"3 Shapes","floor":35,"turns":3},{"damage":8,"enemies":"Orb Walker","floor":36,"turns":3},{"damage":25,"enemies":"Transient","floor":38,"turns":5},{"damage":31,"enemies":"Maw","floor":39,"turns":6},{"damage":30,"enemies":"Reptomancer","floor":41,"turns":7},{"damage":19,"enemies":"3 Darklings","floor":45,"turns":2},{"damage":22,"enemies":"4 Shapes","floor":46,"turns":2},{"damage":112,"enemies":"Awakened One","floor":50,"turns":7}],"seed_played":"-521489724421306220","potions_obtained":[{"floor":5.0,"key":"FairyPotion"},{"floor":14.0,"key":"FairyPotion"},{"floor":16.0,"key":"Explosive Potion"},{"floor":29,"key":"SkillPotion"},{"floor":33,"key":"BloodPotion"},{"floor":39,"key":"EntropicBrew"},{"floor":47,"key":"Block Potion"}],"is_trial":false,"path_per_floor":["M","?","M","M","M","R","E","R","T","$","?","M","?","M","R","B",null,"M","$","?","M","M","R","$","R","T","R","?","M","E","M","R","B",null,"M","M","$","M","M","R","E","R","T","R","M","M","?","$","R","B",null],"character_chosen":"IRONCLAD","items_purchased":["Bronze Scales","Anger","Combust","Inflame","Whirlwind"],"campfire_rested":5,"item_purchase_floors":[10,10,24,37,48],"current_hp_per_floor":[80,73,79,80,65,65,23,23,23,23,23,29,29,35,59,28,80,78,78,78,70,52,52,52,52,52,52,52,46,27,32,56,30,80,73,71,71,60,35,59,35,35,35,59,46,30,30,30,54,14],"gold":41,"neow_bonus":"THREE_CARDS","is_prod":false,"is_daily":false,"chose_seed":false,"campfire_upgraded":6,"win_rate":0.0,"timestamp":1553003738,"path_taken":["M","?","M","M","M","R","E","R","T","$","?","M","?","?","R","BOSS","M","$","?","?","M","R","$","R","T","R","?","M","E","M","R","BOSS","M","M","$","M","M","R","E","R","T","R","M","M","?","?","R","BOSS"],"build_version":"2019-01-23","purchased_purges":2,"victory":true,"max_hp_per_floor":[80,80,80,80,80,80,80,80,80,80,80,80,80,80,80,80,80,80,80,80,80,80,80,80,80,80,80,80,80,80,80,80,80,80,80,80,80,80,80,80,80,80,80,80,80,80,80,80,80,80],"card_choices":[{"not_picked":["Seeing Red","Hemokinesis"],"picked":"Flex","floor":0.0},{"not_picked":["Iron Wave","Perfected Strike"],"picked":"Seeing Red","floor":1.0},{"not_picked":["True Grit","Carnage"],"picked":"Sword Boomerang","floor":3.0},{"not_picked":["Twin Strike","Searing Blow","Wild Strike"],"picked":"SKIP","floor":4.0},{"not_picked":["Corruption","Searing Blow"],"picked":"Shrug It Off","floor":5.0},{"not_picked":["Pummel","Carnage"],"picked":"True Grit","floor":7.0},{"not_picked":["Thunderclap","Flex"],"picked":"Flame Barrier","floor":12.0},{"not_picked":["Armaments","Anger"],"picked":"Warcry","floor":14.0},{"not_picked":["Barricade","Double Tap"],"picked":"Offering","floor":16.0},{"not_picked":["Warcry","Seeing Red","Heavy Blade+1"],"picked":"SKIP","floor":18.0},{"not_picked":["Infernal Blade+1","Evolve"],"picked":"Heavy Blade+1","floor":21.0},{"not_picked":["Uppercut","Combust+1"],"picked":"Headbutt","floor":22},{"not_picked":["Reckless Charge","Clash","Pommel Strike"],"picked":"SKIP","floor":29},{"not_picked":["Clothesline+1","True Grit"],"picked":"Metallicize","floor":30},{"not_picked":["Armaments","Warcry"],"picked":"Headbutt+1","floor":31},{"not_picked":["Exhume","Double Tap"],"picked":"Fiend Fire","floor":33},{"not_picked":["Clothesline+1","Feel No Pain+1"],"picked":"Shrug It Off+1","floor":35},{"not_picked":["Fire Breathing","Blood for Blood+1"],"picked":"Rupture","floor":36},{"not_picked":["Searing Blow","Second Wind","Armaments"],"picked":"SKIP","floor":38},{"not_picked":["Metallicize+1","Rage"],"picked":"Whirlwind+1","floor":39},{"not_picked":["Infernal Blade+1","Perfected Strike+1"],"picked":"Intimidate+1","floor":41},{"not_picked":["Perfected Strike+1","Iron Wave","Evolve"],"picked":"SKIP","floor":45},{"not_picked":["Headbutt+1","Offering+1"],"picked":"Spot Weakness+1","floor":46}],"player_experience":66667,"relics_obtained":[{"floor":7.0,"key":"Red Skull"},{"floor":9.0,"key":"Bottled Lightning"},{"floor":26,"key":"Kunai"},{"floor":30,"key":"Torii"},{"floor":41,"key":"Pantograph"},{"floor":43,"key":"Toxic Egg 2"}],"event_choices":[{"cards_removed":["Strike_R"],"damage_healed":0.0,"max_hp_gain":0.0,"max_hp_loss":0.0,"gold_gain":0.0,"event_name":"Golden Wing","player_choice":"Card Removal","floor":2.0,"gold_loss":0.0,"damage_taken":7.0},{"damage_healed":0.0,"max_hp_gain":0.0,"max_hp_loss":0.0,"gold_gain":0.0,"event_name":"World of Goop","player_choice":"Left Gold","floor":11.0,"gold_loss":0.0,"damage_taken":0.0},{"damage_healed":0.0,"max_hp_gain":0.0,"max_hp_loss":0.0,"gold_gain":0.0,"cards_transformed":["Strike_R"],"event_name":"Transmorgrifier","player_choice":"Transformed","floor":13.0,"gold_loss":0.0,"damage_taken":0.0,"cards_obtained":["True Grit"]},{"damage_healed":0.0,"max_hp_gain":0.0,"max_hp_loss":0.0,"gold_gain":0.0,"event_name":"Upgrade Shrine","player_choice":"Upgraded","floor":20.0,"gold_loss":0.0,"damage_taken":0.0,"cards_upgraded":["Flex"]},{"damage_healed":0,"gold_gain":0,"player_choice":"Read","damage_taken":0,"max_hp_gain":0,"max_hp_loss":0,"event_name":"The Library","floor":28,"gold_loss":0,"cards_obtained":["Rupture"]},{"damage_healed":0,"gold_gain":0,"player_choice":"Got Potions","damage_taken":0,"max_hp_gain":0,"max_hp_loss":0,"event_name":"Lab","floor":47,"gold_loss":0}],"is_beta":false,"boss_relics":[{"not_picked":["Calling Bell","Empty Cage"],"picked":"Runic Cube"},{"not_picked":["Busted Crown","Coffee Dripper"],"picked":"Cursed Key"}],"items_purged_floors":[19,37],"is_endless":false,"potions_floor_spawned":[5,14,16,18,29,33,39,45,46],"ascension_level":0}