{"gold_per_floor":[112,127,127,143,127,127,145,145,195,221,221,221,236,266,266,364,364,383,397,408,420,47,77,77,88,114,126,136,36,55,55,55,55],"floor_reached":33,"playtime":5124,"items_purged":["Strike_R","Defend_R"],"score":298,"play_id":"a2e165e5-12d8-4080-9260-e744620ed90c","local_time":"20190317221816","is_ascension_mode":false,"campfire_choices":[{"data":"Iron Wave","floor":6,"key":"SMITH"},{"data":"Iron Wave","floor":8,"key":"SMITH"},{"data":"Intimidate","floor":11,"key":"SMITH"},{"data":"Anger","floor":15,"key":"SMITH"},{"data":"Demon Form","floor":24,"key":"SMITH"},{"floor":32,"key":"REST"}],"neow_cost":"NONE","seed_source_timestamp":52685977110259,"circlet_count":0,"master_deck":["Defend_R","Defend_R","Defend_R","Bash","Iron Wave+1","Iron Wave+1","Pummel","Clothesline+1","Anger+1","Clash","Intimidate+1","Bash","Clash","Clash+1","Berserk","Reckless Charge+1","Brutality+1","Rage+1","True Grit+1","Pommel Strike+1","Pommel Strike+1","Chrysalis","Demon Form+1","Pommel Strike+1","Headbutt","Sword Boomerang+1"],"relics":["Burning Blood","Strawberry","Odd Mushroom","Pear","Astrolabe","Happy Flower","Whetstone","Enchiridion"],"potions_floor_usage":[7,14,16,16,23,23,23,28,30,33],"damage_taken":[{"damage":6,"enemies":"2 Louse","floor":1,"turns":2},{"damage":1,"enemies":"Cultist","floor":2,"turns":3},{"damage":3,"enemies":"Small Slimes","floor":4,"turns":3},{"damage":10,"enemies":"Exordium Thugs","floor":5,"turns":4},{"damage":0,"enemies":"2 Fungi Beasts","floor":7,"turns":2},{"damage":9,"enemies":"The Mushroom Lair","floor":10,"turns":4},{"damage":0,"enemies":"Looter","floor":13,"turns":2},{"damage":5,"enemies":"Lagavulin","floor":14,"turns":4},{"damage":16,"enemies":"The Guardian","floor":16,"turns":6},{"damage":9,"enemies":"Shell Parasite","floor":18,"turns":3},{"damage":3,"enemies":"Chosen","floor":19,"turns":4},{"damage":23,"enemies":"Centurion and Healer","floor":20,"turns":8},{"damage":4,"enemies":"Snecko","floor":21,"turns":4},{"damage":13,"enemies":"Slavers","floor":23,"turns":5},{"damage":33,"enemies":"Snake Plant","floor":25,"turns":6},{"damage":13,"enemies":"Centurion and Healer","floor":27,"turns":5},{"damage":20,"enemies":"Shelled Parasite and Fungi","floor":28,"turns":4},{"damage":8,"enemies":"3 Cultists","floor":30,"turns":5},{"damage":44,"enemies":"Automaton","floor":33,"turns":6}],"seed_played":"5148679811816127700","potions_obtained":[{"floor":1,"key":"Explosive Potion"},{"floor":5,"key":"PowerPotion"},{"floor":7,"key":"PowerPotion"},{"floor":14,"key":"Weak Potion"},{"floor":20,"key":"FearPotion"},{"floor":27,"key":"Poison Potion"},{"floor":28,"key":"Explosive Potion"},{"floor":30,"key":"Dexterity Potion"}],"is_trial":false,"path_per_floor":["M","M","?","M","M","R","M","R","T","?","R","?","M","E","R","B",null,"M","M","M","M","$","E","R","M","T","M","M","$","M","?","R","B"],"character_chosen":"IRONCLAD","items_purchased":["Chrysalis","SkillPotion","Fire Potion"],"campfire_rested":1,"item_purchase_floors":[22,22,22],"current_hp_per_floor":[80,80,80,80,76,76,80,80,87,84,84,84,87,97,97,87,97,94,97,80,82,82,75,75,48,48,41,27,27,25,9,38,0],"gold":55,"neow_bonus":"THREE_SMALL_POTIONS","is_prod":false,"is_daily":false,"chose_seed":false,"campfire_upgraded":5,"win_rate":0.0,"timestamp":1552879096,"path_taken":["M","M","?","M","?","R","M","R","T","?","R","?","M","E","R","BOSS","M","M","M","?","$","E","R","M","T","M","M","$","M","?","R","BOSS"],"build_version":"2019-01-23","purchased_purges":2,"victory":false,"max_hp_per_floor":[80,80,80,80,80,80,80,80,87,87,87,87,87,97,97,97,97,97,97,97,97,97,97,97,97,97,97,97,97,97,97,97,97],"card_choices":[{"not_picked":["Heavy Blade","Inflame"],"picked":"Iron Wave","floor":1},{"not_picked":["Cleave","Second Wind"],"picked":"Iron Wave","floor":2},{"not_picked":["Barricade","Armaments"],"picked":"Clothesline","floor":4},{"not_picked":["Cleave","Warcry"],"picked":"Anger","floor":5},{"not_picked":["Clothesline","Sever Soul"],"picked":"Clash","floor":7},{"not_picked":["Anger","Iron Wave"],"picked":"Intimidate","floor":10},{"not_picked":["Double Tap","Blood for Blood"],"picked":"Clash","floor":13},{"not_picked":["Second Wind","Pummel","Blood for Blood"],"picked":"SKIP","floor":14},{"not_picked":["Reaper","Double Tap"],"picked":"Berserk","floor":16},{"not_picked":["Blood for Blood","Twin Strike"],"picked":"True Grit+1","floor":18},{"not_picked":["Body Slam","Intimidate"],"picked":"Pommel Strike+1","floor":19},{"not_picked":["Anger","Pummel"],"picked":"Pommel Strike+1","floor":20},{"not_picked":["Sword Boomerang","Clash","Shockwave"],"picked":"SKIP","floor":21},{"not_picked":["Carnage","Bludgeon"],"picked":"Demon Form","floor":23},{"not_picked":["Warcry","Entrench"],"picked":"Pommel Strike+1","floor":25},{"not_picked":["Pommel Strike","Double Tap","Cleave"],"picked":"SKIP","floor":27},{"not_picked":["Feel No Pain","Carnage+1"],"picked":"Headbutt","floor":28},{"not_picked":["Clash","Body Slam"],"picked":"Sword Boomerang+1","floor":30}],"player_experience":38564,"relics_obtained":[{"floor":9,"key":"Strawberry"},{"floor":10,"key":"Odd Mushroom"},{"floor":14,"key":"Pear"},{"floor":23,"key":"Happy Flower"},{"floor":26,"key":"Whetstone"},{"floor":31,"key":"Enchiridion"}],"event_choices":[{"damage_healed":0,"gold_gain":0,"cards_transformed":["Strike_R"],"player_choice":"Transformed","damage_taken":0,"max_hp_gain":0,"max_hp_loss":0,"event_name":"Transmorgrifier","floor":3,"gold_loss":0,"cards_obtained":["Pummel"]},{"damage_healed":0,"gold_gain":0,"player_choice":"Fought Mushrooms","damage_taken":0,"max_hp_gain":0,"max_hp_loss":0,"event_name":"Mushrooms","floor":10,"gold_loss":0},{"damage_healed":0,"gold_gain":0,"player_choice":"2 cards matched","damage_taken":0,"max_hp_gain":0,"max_hp_loss":0,"event_name":"Match and Keep!","floor":12,"gold_loss":0,"cards_obtained":["Bash","Clash"]},{"damage_healed":0,"gold_gain":0,"player_choice":"2 cards matched","damage_taken":0,"max_hp_gain":0,"max_hp_loss":0,"event_name":"Match and Keep!","floor":12,"gold_loss":0,"cards_obtained":["Bash","Clash"]},{"damage_healed":0,"gold_gain":0,"player_choice":"Obtained Book","damage_taken":16,"max_hp_gain":0,"max_hp_loss":0,"event_name":"Cursed Tome","floor":31,"gold_loss":0}],"is_beta":false,"boss_relics":[{"not_picked":["Coffee Dripper","Runic Cube"],"picked":"Astrolabe"}],"items_purged_floors":[22,29],"is_endless":false,"potions_floor_spawned":[1,5,7,14,20,27,28,30],"killed_by":"Automaton","ascension_level":0}