{"gold_per_floor":[111,125,125,140,117,117,136,136,214,244,21,32,64,89,89,161,161,86,106,106,106],"floor_reached":21,"playtime":1362,"items_purged":[],"score":459,"play_id":"f5fc45d8-1a20-4934-bd93-77c04221ad10","local_time":"20190406215715","is_ascension_mode":true,"campfire_choices":[{"data":"Neutralize","floor":6,"key":"SMITH"},{"floor":8,"key":"REST"},{"floor":15,"key":"REST"}],"neow_cost":"NONE","seed_source_timestamp":2138749864155737,"circlet_count":0,"master_deck":["AscendersBane","Defend_G","Defend_G","Defend_G+1","Defend_G","Defend_G","Strike_G+1","Strike_G+1","Survivor+1","Neutralize+1","Cloak And Dagger","Predator","Dagger Throw","Predator","Dagger Spray","Dash","Die Die Die","Envenom","Heel Hook+1","Tools of the Trade+1","Noxious Fumes+1","Bane","Adrenaline"],"relics":["Ring of the Snake","Smiling Mask","PreservedInsect","Whetstone","Odd Mushroom","Astrolabe"],"potions_floor_usage":[16,16,21],"damage_taken":[{"damage":0,"enemies":"Jaw Worm","floor":1,"turns":4},{"damage":1,"enemies":"Cultist","floor":2,"turns":5},{"damage":0,"enemies":"2 Louse","floor":4,"turns":3},{"damage":3,"enemies":"Large Slime","floor":7,"turns":6},{"damage":24,"enemies":"Gremlin Nob","floor":10,"turns":4},{"damage":0,"enemies":"Looter","floor":12,"turns":3},{"damage":0,"enemies":"3 Sentries","floor":13,"turns":3},{"damage":5,"enemies":"The Mushroom Lair","floor":14,"turns":4},{"damage":0,"enemies":"Slime Boss","floor":16,"turns":6},{"damage":18,"enemies":"2 Thieves","floor":18,"turns":5},{"damage":34,"enemies":"Spheric Guardian","floor":19,"turns":6},{"damage":0,"enemies":"Snake Plant","floor":21,"turns":2}],"seed_played":"-3141254029466840630","potions_obtained":[{"floor":7,"key":"SpeedPotion"},{"floor":10,"key":"Strength Potion"},{"floor":13,"key":"SteroidPotion"},{"floor":16,"key":"PowerPotion"}],"is_trial":false,"path_per_floor":["M","M","?","M","$","R","M","R","T","E","$","M","E","?","R","B",null,"M","M","?","M"],"character_chosen":"THE_SILENT","items_purchased":["Dagger Throw","Dash","PreservedInsect"],"campfire_rested":2,"item_purchase_floors":[5,11,11],"current_hp_per_floor":[59,58,38,38,38,38,35,54,54,30,30,30,30,25,44,44,61,43,9,9,9],"gold":106,"neow_bonus":"THREE_CARDS","is_prod":false,"is_daily":false,"chose_seed":false,"campfire_upgraded":1,"win_rate":0,"timestamp":1554602235,"path_taken":["M","M","?","M","$","R","M","R","T","E","$","M","E","?","R","BOSS","M","M","?","M"],"build_version":"2019-01-23","purchased_purges":0,"victory":false,"max_hp_per_floor":[66,66,66,66,66,66,66,66,66,66,66,66,66,66,66,66,66,66,66,66,66],"card_choices":[{"not_picked":["Noxious Fumes","Underhanded Strike"],"picked":"Cloak And Dagger","floor":0},{"not_picked":["Bane","Prepared","Backflip"],"picked":"SKIP","floor":1},{"not_picked":["Deadly Poison","Dodge and Roll"],"picked":"Predator","floor":2},{"not_picked":["Backflip","Blade Dance","Bane"],"picked":"SKIP","floor":4},{"not_picked":["Noxious Fumes","Cloak And Dagger"],"picked":"Predator","floor":7},{"not_picked":["Cloak And Dagger","Quick Slash"],"picked":"Dagger Spray","floor":10},{"not_picked":["Dagger Spray","Slice"],"picked":"Die Die Die","floor":12},{"not_picked":["Dodge and Roll","Night Terror","Setup"],"picked":"SKIP","floor":13},{"not_picked":["Venomology","Corpse Explosion"],"picked":"Envenom","floor":16},{"not_picked":["Dagger Spray","Heel Hook"],"picked":"Noxious Fumes+1","floor":18},{"not_picked":["Blur","Flechettes"],"picked":"Bane","floor":19}],"player_experience":792728,"relics_obtained":[{"floor":10,"key":"Smiling Mask"},{"floor":13,"key":"Whetstone"},{"floor":14,"key":"Odd Mushroom"}],"event_choices":[{"damage_healed":0,"gold_gain":0,"player_choice":"Entered Light","damage_taken":20,"max_hp_gain":0,"max_hp_loss":0,"event_name":"Shining Light","floor":3,"gold_loss":0,"cards_upgraded":["Defend_G","Survivor"]},{"damage_healed":0,"gold_gain":0,"player_choice":"Fought Mushrooms","damage_taken":0,"max_hp_gain":0,"max_hp_loss":0,"event_name":"Mushrooms","floor":14,"gold_loss":0},{"damage_healed":0,"gold_gain":0,"cards_transformed":["Setup"],"player_choice":"Transformed","damage_taken":0,"max_hp_gain":0,"max_hp_loss":0,"event_name":"Transmorgrifier","floor":20,"gold_loss":0,"cards_obtained":["Adrenaline"]}],"is_beta":false,"boss_relics":[{"not_picked":["Runic Pyramid","Calling Bell"],"picked":"Astrolabe"}],"items_purged_floors":[],"is_endless":false,"potions_floor_spawned":[7,10,13,16],"killed_by":"Snake Plant","ascension_level":15}