{"gold_per_floor":[115,115,115,190,208,237,26,55,81,81,107,141,172,284,296,308],"floor_reached":16,"playtime":534,"items_purged":[],"score":266,"play_id":"58aaa4a5-f378-4282-a443-5a03dfa6494b","local_time":"20190315005738","is_ascension_mode":true,"campfire_choices":[{"data":"Hologram","floor":10.0,"key":"SMITH"},{"data":"Loop","floor":15,"key":"SMITH"}],"neow_cost":"NONE","seed_source_timestamp":44467305043512,"circlet_count":0,"master_deck":["AscendersBane","Strike_B","Strike_B","Strike_B","Strike_B","Defend_B","Defend_B","Defend_B+1","Defend_B+1","Zap+1","Dualcast","Conserve Battery","Hologram+1","Coolheaded","Glacier","Steam+1","Loop+1","Streamline"],"special_seed":0,"relics":["Cracked Core","NeowsBlessing","Boot","Tiny Chest","Toxic Egg 2","Strawberry","MawBank"],"potions_floor_usage":[16],"damage_taken":[{"damage":0.0,"enemies":"Jaw Worm","floor":1.0,"turns":1.0},{"damage":0.0,"enemies":"Small Slimes","floor":5.0,"turns":1.0},{"damage":0.0,"enemies":"Gremlin Nob","floor":6.0,"turns":1.0},{"damage":33.0,"enemies":"3 Sentries","floor":8.0,"turns":16.0},{"damage":0.0,"enemies":"2 Louse","floor":12.0,"turns":2.0},{"damage":1,"enemies":"Blue Slaver","floor":13,"turns":5},{"damage":27,"enemies":"Hexaghost","floor":16,"turns":14}],"seed_played":"-7243198325923278650","potions_obtained":[{"floor":6.0,"key":"Regen Potion"},{"floor":8.0,"key":"FearPotion"},{"floor":13,"key":"Block Potion"}],"is_trial":false,"path_per_floor":["M","?","?","?","M","E","$","E","T","R","T","M","M","?","R","B"],"character_chosen":"DEFECT","items_purchased":["Tiny Chest","Glacier"],"campfire_rested":0,"item_purchase_floors":[7,7],"current_hp_per_floor":[64,64,43,32,32,32,32,14,21,21,21,21,20,20,20,0],"gold":308,"neow_bonus":"THREE_ENEMY_KILL","is_prod":false,"is_daily":false,"chose_seed":false,"campfire_upgraded":2,"win_rate":0,"timestamp":1552607858,"path_taken":["M","?","?","?","M","E","?","E","T","R","?","?","M","?","R","BOSS"],"build_version":"2019-02-06","purchased_purges":0,"victory":false,"max_hp_per_floor":[71,71,71,71,71,71,71,71,78,78,78,78,78,78,78,78],"card_choices":[{"not_picked":["Coolheaded","Heatsinks"],"picked":"Conserve Battery","floor":1.0},{"not_picked":["Compile Driver","Skim"],"picked":"Hologram","floor":5.0},{"not_picked":["Sweeping Beam","Turbo"],"picked":"Coolheaded","floor":6.0},{"not_picked":["Rip and Tear","Streamline"],"picked":"Steam","floor":8.0},{"not_picked":["Force Field+1","Ball Lightning"],"picked":"Loop","floor":12},{"not_picked":["Scrape","Barrage"],"picked":"Streamline","floor":13}],"player_experience":1033828,"relics_obtained":[{"floor":6.0,"key":"Boot"},{"floor":8.0,"key":"Toxic Egg 2"},{"floor":9.0,"key":"Strawberry"},{"floor":11.0,"key":"MawBank"}],"event_choices":[{"damage_healed":0.0,"max_hp_gain":0.0,"max_hp_loss":0.0,"gold_gain":0.0,"event_name":"Living Wall","player_choice":"Grow","floor":2.0,"gold_loss":0.0,"damage_taken":0.0,"cards_upgraded":["Zap"]},{"damage_healed":0.0,"max_hp_gain":0.0,"max_hp_loss":0.0,"gold_gain":0.0,"event_name":"Shining Light","player_choice":"Entered Light","floor":3.0,"gold_loss":0.0,"damage_taken":21.0,"cards_upgraded":["Defend_B","Defend_B"]},{"damage_healed":0.0,"max_hp_gain":0.0,"max_hp_loss":0.0,"gold_gain":75.0,"event_name":"World of Goop","player_choice":"Gather Gold","floor":4.0,"gold_loss":0.0,"damage_taken":11.0},{"damage_healed":0,"gold_gain":100,"player_choice":"Gold","damage_taken":0,"max_hp_gain":0,"max_hp_loss":0,"event_name":"Wheel of Change","floor":14,"gold_loss":0}],"is_beta":true,"boss_relics":[],"items_purged_floors":[],"is_endless":false,"potions_floor_spawned":[6,8,12,13],"killed_by":"Hexaghost","ascension_level":20}