{"path_per_floor":["M","?","?","M","M","R","E","R","T","?","M","R","M","M","R","B",null,"M","?","?","$","?","E","R","M","T","$","M","M","M","$","R","B",null,"M","?","?","M"],"character_chosen":"IRONCLAD","items_purchased":["Metallicize"],"gold_per_floor":[116,116,116,132,145,145,175,175,221,171,191,191,203,217,217,320,320,320,320,320,320,320,320,320,320,320,167,167,167,167,67,67,67,67,67,67,67,67,67],"floor_reached":39,"campfire_rested":3,"playtime":2165,"item_purchase_floors":[],"current_hp_per_floor":[59,59,52,58,64,64,40,40,40,40,44,69,66,72,72,41,76,69,69,52,52,52,22,50,61,61,61,65,76,79,79,113,53,100,101,87,87,27,0],"items_purged":["Strike_R","Strike_R"],"gold":67,"score":799,"play_id":"18ec09e5-2efb-4da6-a67e-600c6f10d1d8","local_time":"20180621224702","is_prod":false,"is_daily":false,"chose_seed":false,"is_ascension_mode":true,"campfire_upgraded":3,"win_rate":0,"timestamp":1529614022,"campfire_choices":[{"data":"Rampage","floor":6.0,"key":"SMITH"},{"data":"Feed","floor":8.0,"key":"SMITH"},{"floor":12.0,"key":"REST"},{"data":"Spot Weakness","floor":15.0,"key":"SMITH"},{"floor":24.0,"key":"REST"},{"floor":32.0,"key":"REST"}],"path_taken":["M","?","?","M","M","R","E","R","T","?","M","R","?","M","R","BOSS","M","?","?","$","?","E","R","M","T","$","M","M","M","?","R","BOSS","M","?","?","?","M"],"build_version":"2018-06-20v3","seed_source_timestamp":0,"purchased_purges":2,"circlet_count":0,"victory":false,"master_deck":["Defend_R","Defend_R","Defend_R","Defend_R","Bash","Ghostly Armor","Spot Weakness+1","Rampage+1","Feed+1","Impervious","Barricade","Metallicize","Heavy Blade+1","Demon Form+1","Shrug It Off+1"],"max_hp_per_floor":[80,80,80,80,80,80,80,80,80,80,84,84,88,88,88,88,88,88,88,93,93,93,94,94,99,99,99,104,109,114,114,114,115,115,116,117,117,118,122],"special_seed":0,"relics":["Burning Blood","Ancient Tea Set","Anchor","Ectoplasm","FaceOfCleric","Pen Nib","Bag of Preparation","Eternal Feather","Unceasing Top"],"card_choices":[{"not_picked":["Perfected Strike","Pommel Strike"],"picked":"Ghostly Armor","floor":1.0},{"not_picked":["Pommel Strike","Seeing Red"],"picked":"Spot Weakness","floor":4.0},{"not_picked":["Twin Strike","Shockwave"],"picked":"Rampage","floor":5.0},{"not_picked":["Flex","Headbutt"],"picked":"Feed","floor":7.0},{"not_picked":["Blood for Blood","Wild Strike","Flex"],"picked":"SKIP","floor":11.0},{"not_picked":["Clothesline","Anger"],"picked":"Impervious","floor":13.0},{"not_picked":["Body Slam","Wild Strike","Burning Pact"],"picked":"SKIP","floor":14.0},{"not_picked":["Bludgeon","Fiend Fire"],"picked":"Barricade","floor":16.0},{"not_picked":["Pommel Strike","Wild Strike","Iron Wave"],"picked":"SKIP","floor":18.0},{"not_picked":["Inflame","Havoc","True Grit"],"picked":"SKIP","floor":23.0},{"not_picked":["Power Through","Infernal Blade","Sentinel"],"picked":"SKIP","floor":25.0},{"not_picked":["Cleave","Inflame","Twin Strike"],"picked":"SKIP","floor":28.0},{"not_picked":["Thunderclap","Clothesline"],"picked":"Heavy Blade+1","floor":29.0},{"not_picked":["Battle Trance","Wild Strike","Fire Breathing+1"],"picked":"SKIP","floor":30.0},{"not_picked":["Feed","Dark Embrace"],"picked":"Demon Form","floor":33.0},{"not_picked":["Armaments","Cleave","Clothesline+1"],"picked":"SKIP","floor":35.0},{"not_picked":["Shockwave","Sentinel"],"picked":"Shrug It Off+1","floor":38.0}],"player_experience":312004,"potions_floor_usage":[39],"damage_taken":[{"damage":19.0,"enemies":"Jaw Worm","floor":1.0,"turns":5.0},{"damage":0.0,"enemies":"Cultist","floor":4.0,"turns":4.0},{"damage":0.0,"enemies":"2 Louse","floor":5.0,"turns":4.0},{"damage":30.0,"enemies":"Lagavulin","floor":7.0,"turns":7.0},{"damage":6.0,"enemies":"Blue Slaver","floor":11.0,"turns":5.0},{"damage":13.0,"enemies":"Large Slime","floor":13.0,"turns":7.0},{"damage":0.0,"enemies":"Red Slaver","floor":14.0,"turns":5.0},{"damage":37.0,"enemies":"Hexaghost","floor":16.0,"turns":12.0},{"damage":13.0,"enemies":"Shell Parasite","floor":18.0,"turns":7.0},{"damage":37.0,"enemies":"Gremlin Leader","floor":23.0,"turns":10.0},{"damage":0.0,"enemies":"Spheric Guardian","floor":25.0,"turns":7.0},{"damage":7.0,"enemies":"3 Cultists","floor":28.0,"turns":7.0},{"damage":0.0,"enemies":"Centurion and Healer","floor":29.0,"turns":8.0},{"damage":8.0,"enemies":"Snake Plant","floor":30.0,"turns":8.0},{"damage":67.0,"enemies":"Automaton","floor":33.0,"turns":13.0},{"damage":6.0,"enemies":"Orb Walker","floor":35.0,"turns":4.0},{"damage":21.0,"floor":36.0,"turns":9.0},{"damage":67.0,"enemies":"Flame Bruiser 1 Orb","floor":38.0,"turns":8.0},{"damage":32,"enemies":"Sphere and 2 Shapes","floor":39,"turns":7}],"relics_obtained":[{"floor":7.0,"key":"Ancient Tea Set"},{"floor":9.0,"key":"Anchor"},{"floor":23.0,"key":"Pen Nib"},{"floor":26.0,"key":"Bag of Preparation"},{"floor":36.0,"key":"Unceasing Top"}],"event_choices":[{"event_name":"Purifier","player_choice":"One Purge","floor":2.0,"damage_taken":0.0},{"event_name":"Golden Wing","player_choice":"Card Removal","floor":3.0,"damage_taken":0.0},{"event_name":"The Cleric","player_choice":"Card Removal","floor":10.0,"damage_taken":0.0},{"event_name":"Nest","player_choice":"Stole From Cult","floor":19.0,"damage_taken":0.0},{"event_name":"Forgotten Altar","player_choice":"Shed Blood","floor":20.0,"damage_taken":0.0},{"event_name":"FaceTrader","player_choice":"Took Face Of Cleric","floor":22.0,"damage_taken":0.0},{"event_name":"MindBloom","player_choice":"Fight","floor":36.0,"damage_taken":0.0},{"event_name":"Upgrade Shrine","player_choice":"Upgraded","floor":37.0,"damage_taken":0.0}],"boss_relics":[{"not_picked":["Lizard Tail","Calling Bell"],"picked":"Ectoplasm"},{"not_picked":["Tiny House","Orrery"],"picked":"Eternal Feather"}],"items_purged_floors":[],"is_endless":false,"potions_floor_spawned":[1,5,14,18,25,30,38],"seed_played":"2333374492346978441","killed_by":"Sphere and 2 Shapes","ascension_level":6,"potions_obtained":[{"floor":1.0,"key":"GamblersBrew"},{"floor":5.0,"key":"Dexterity Potion"},{"floor":14.0,"key":"Poison Potion"},{"floor":18.0,"key":"Dexterity Potion"},{"floor":25.0,"key":"Poison Potion"},{"floor":30.0,"key":"EntropicBrew"},{"floor":38.0,"key":"Weak Potion"}],"is_trial":false}