{"gold_per_floor":[213,213,213,226,9,9,34,34,34,34,46,62,81,95,95,194,194,194,194,20,20,20,20,20,20,20,20,20,20,20,20,20,20,20,20,20,20,20,20,20,20,20,20,20,20,20,20,20,20,20],"floor_reached":51,"playtime":3050,"items_purged":[],"score":655,"play_id":"77da8f75-9fcb-4f6d-be23-f2443d16f09e","local_time":"20190412133847","is_ascension_mode":false,"campfire_choices":[{"data":"Clothesline","floor":6,"key":"SMITH"},{"data":"Bash","floor":8,"key":"SMITH"},{"data":"Limit Break","floor":10,"key":"SMITH"},{"data":"True Grit","floor":15,"key":"SMITH"},{"data":"Immolate","floor":23,"key":"SMITH"},{"data":"Clothesline","floor":25,"key":"SMITH"},{"data":"Inflame","floor":32,"key":"SMITH"},{"data":"Pommel Strike","floor":47,"key":"SMITH"},{"data":"Pommel Strike","floor":49,"key":"SMITH"}],"neow_cost":"NONE","seed_source_timestamp":0,"circlet_count":0,"master_deck":["Strike_R","Strike_R","Strike_R","Strike_R+1","Strike_R","Defend_R","Defend_R+1","Defend_R","Bash+1","Clothesline+1","Inflame+1","Iron Wave","True Grit+1","Limit Break+1","Headbutt","Pommel Strike+1","Headbutt","Immolate+1","Perfected Strike+1","Whirlwind+1","Feel No Pain+1","Clothesline+1","RitualDagger","Rage+1","Pommel Strike+1","True Grit+1","Havoc+1","Battle Trance","Power Through","Exhume","Pommel Strike+1","Spot Weakness+1","Spot Weakness+1","Intimidate+1","Shrug It Off+1","Power Through+1"],"relics":["Burning Blood","Pen Nib","Bronze Scales","Frozen Egg 2","Ectoplasm","PreservedInsect","Velvet Choker","Singing Bowl"],"potions_floor_usage":[7,19,33,40,50],"damage_taken":[{"damage":1,"enemies":"2 Louse","floor":1,"turns":4},{"damage":2,"enemies":"Small Slimes","floor":4,"turns":4},{"damage":24,"enemies":"3 Sentries","floor":7,"turns":9},{"damage":1,"enemies":"Cultist","floor":11,"turns":4},{"damage":1,"enemies":"Blue Slaver","floor":12,"turns":3},{"damage":6,"enemies":"Exordium Wildlife","floor":13,"turns":4},{"damage":0,"enemies":"Lots of Slimes","floor":14,"turns":4},{"damage":35,"enemies":"Hexaghost","floor":16,"turns":8},{"damage":1,"enemies":"3 Byrds","floor":18,"turns":2},{"damage":12,"enemies":"Shell Parasite","floor":19,"turns":2},{"damage":1,"enemies":"Snecko","floor":24,"turns":3},{"damage":6,"enemies":"Snake Plant","floor":27,"turns":2},{"damage":7,"enemies":"Chosen and Byrds","floor":29,"turns":4},{"damage":4,"enemies":"Snecko","floor":30,"turns":4},{"damage":0,"enemies":"Snake Plant","floor":31,"turns":3},{"damage":10,"enemies":"Champ","floor":33,"turns":8},{"damage":3,"enemies":"Orb Walker","floor":35,"turns":3},{"damage":0,"enemies":"3 Shapes","floor":36,"turns":2},{"damage":0,"enemies":"3 Darklings","floor":37,"turns":2},{"damage":9,"enemies":"4 Shapes","floor":38,"turns":4},{"damage":25,"enemies":"Maw","floor":40,"turns":5},{"damage":19,"enemies":"Jaw Worm Horde","floor":41,"turns":5},{"damage":15,"enemies":"Sphere and 2 Shapes","floor":44,"turns":4},{"damage":37,"enemies":"Donu and Deca","floor":50,"turns":7}],"seed_played":"4051932254552076315","potions_obtained":[{"floor":1,"key":"Poison Potion"},{"floor":7,"key":"BloodPotion"},{"floor":14,"key":"SpeedPotion"},{"floor":16,"key":"FearPotion"},{"floor":24,"key":"AttackPotion"},{"floor":27,"key":"Swift Potion"},{"floor":33,"key":"Swift Potion"}],"is_trial":false,"path_per_floor":["M","?","?","M","$","R","E","R","T","R","M","M","M","M","R","B",null,"M","M","$","?","?","R","M","R","T","M","?","M","M","M","R","B",null,"M","M","M","M","?","M","M","$","T","M","$","?","R","?","R","B",null],"character_chosen":"IRONCLAD","items_purchased":["Iron Wave","Pen Nib","True Grit","Feel No Pain+1","SteroidPotion","Clothesline"],"campfire_rested":0,"item_purchase_floors":[5,5,5,20,20,20],"current_hp_per_floor":[80,64,64,68,68,68,50,50,50,50,55,60,60,66,66,37,80,80,74,74,68,68,68,73,73,73,73,73,72,74,80,80,76,80,80,80,80,77,77,58,45,45,45,36,36,70,70,70,70,39],"gold":20,"neow_bonus":"HUNDRED_GOLD","is_prod":false,"is_daily":false,"chose_seed":true,"campfire_upgraded":9,"win_rate":1,"timestamp":1555101527,"path_taken":["M","?","?","M","$","R","E","R","T","R","M","?","M","M","R","BOSS","M","M","$","?","?","R","M","R","T","M","?","M","M","M","R","BOSS","M","M","M","?","?","M","M","$","T","M","$","?","R","?","R","BOSS"],"build_version":"2019-01-23","purchased_purges":0,"victory":true,"max_hp_per_floor":[80,80,80,80,80,80,80,80,80,80,80,80,80,80,80,80,80,80,80,80,80,80,80,80,80,80,80,80,80,80,80,80,80,80,80,80,80,80,80,80,80,80,80,80,80,70,70,70,70,70],"card_choices":[{"not_picked":["Iron Wave","True Grit"],"picked":"Clothesline","floor":1},{"not_picked":["Anger","True Grit"],"picked":"Inflame","floor":4},{"not_picked":["Seeing Red","True Grit"],"picked":"Limit Break","floor":7},{"not_picked":["Combust+1","Iron Wave"],"picked":"Headbutt","floor":11},{"not_picked":["Warcry","Havoc"],"picked":"Pommel Strike","floor":12},{"not_picked":["Clash","Thunderclap","Rupture+1"],"picked":"SKIP","floor":13},{"not_picked":["Thunderclap","Blood for Blood"],"picked":"Headbutt","floor":14},{"not_picked":["Fiend Fire","Exhume"],"picked":"Immolate","floor":16},{"not_picked":["Thunderclap","Body Slam"],"picked":"Perfected Strike+1","floor":18},{"not_picked":["Clash","Heavy Blade+1"],"picked":"Whirlwind+1","floor":19},{"not_picked":["Clash","Body Slam"],"picked":"Pommel Strike+1","floor":24},{"not_picked":["Anger","Second Wind"],"picked":"True Grit+1","floor":27},{"not_picked":["Twin Strike+1","Thunderclap"],"picked":"Havoc+1","floor":29},{"not_picked":["Flame Barrier","Cleave+1"],"picked":"Battle Trance","floor":30},{"not_picked":["Seeing Red","True Grit"],"picked":"Power Through","floor":31},{"not_picked":["Bludgeon","Barricade+1"],"picked":"Exhume","floor":33},{"not_picked":["Clash+1","Searing Blow+1"],"picked":"Pommel Strike","floor":35},{"not_picked":["Pommel Strike","Feel No Pain+1"],"picked":"Spot Weakness+1","floor":36},{"not_picked":["Heavy Blade","Entrench+1"],"picked":"Spot Weakness+1","floor":37},{"not_picked":["Infernal Blade+1","Flex","Brutality+1"],"picked":"SKIP","floor":38},{"not_picked":["Infernal Blade+1","Flex","Brutality+1"],"picked":"SKIP","floor":38},{"not_picked":["Entrench+1","Perfected Strike"],"picked":"Intimidate+1","floor":40},{"not_picked":["Iron Wave","Entrench+1"],"picked":"Shrug It Off+1","floor":41},{"not_picked":["Bloodletting+1","Dropkick"],"picked":"Power Through+1","floor":44}],"player_experience":308741,"relics_obtained":[{"floor":7,"key":"Bronze Scales"},{"floor":9,"key":"Frozen Egg 2"},{"floor":26,"key":"PreservedInsect"},{"floor":43,"key":"Singing Bowl"}],"event_choices":[{"damage_healed":0,"gold_gain":0,"player_choice":"Entered Light","damage_taken":16,"max_hp_gain":0,"max_hp_loss":0,"event_name":"Shining Light","floor":2,"gold_loss":0,"cards_upgraded":["Defend_R","Strike_R"]},{"damage_healed":0,"gold_gain":0,"player_choice":"Ignored","damage_taken":0,"max_hp_gain":0,"max_hp_loss":0,"event_name":"NoteForYourself","floor":3,"gold_loss":0},{"damage_healed":0,"gold_gain":0,"player_choice":"Joined the Cult","damage_taken":6,"max_hp_gain":0,"max_hp_loss":0,"event_name":"Nest","floor":21,"gold_loss":0,"cards_obtained":["RitualDagger"]},{"damage_healed":0,"gold_gain":0,"player_choice":"Read","damage_taken":0,"max_hp_gain":0,"max_hp_loss":0,"event_name":"The Library","floor":22,"gold_loss":0,"cards_obtained":["Rage"]},{"damage_healed":0,"gold_gain":0,"player_choice":"Upgraded","damage_taken":0,"max_hp_gain":0,"max_hp_loss":0,"event_name":"Upgrade Shrine","floor":28,"gold_loss":0,"cards_upgraded":["Rage"]},{"cards_removed":["Defend_R"],"damage_healed":0,"gold_gain":0,"player_choice":"Removed Skill","damage_taken":0,"max_hp_gain":0,"max_hp_loss":0,"event_name":"Falling","floor":39,"gold_loss":0},{"damage_healed":70,"gold_gain":0,"player_choice":"Heal","damage_taken":0,"max_hp_gain":0,"max_hp_loss":10,"event_name":"The Moai Head","floor":46,"gold_loss":0},{"damage_healed":0,"gold_gain":0,"player_choice":"Ignored","damage_taken":0,"max_hp_gain":0,"max_hp_loss":0,"event_name":"Mysterious Sphere","floor":48,"gold_loss":0}],"is_beta":false,"boss_relics":[{"not_picked":["Calling Bell","Fusion Hammer"],"picked":"Ectoplasm"},{"not_picked":["Black Blood","Eternal Feather"],"picked":"Velvet Choker"}],"items_purged_floors":[],"is_endless":false,"potions_floor_spawned":[1,7,14,16,24,27,29,33,35,36,38,41],"ascension_level":0}