{"gold_per_floor":[117,117,133,149,123,155,155,155,155,171,121,140,90,101,101,198,198,218,230,180,105,105,105,123,139,139,139,154,167,48,48,48,146,146,164,164,178,178,191,191,119,119,164,164,164,94,94,8,8,8],"floor_reached":50,"playtime":3682,"items_purged":["Strike_R","Defend_R","Strike_R","Strike_R"],"score":442,"play_id":"b6d1156d-0808-4446-9a98-dc15ce229bcd","local_time":"20190412003202","is_ascension_mode":false,"campfire_choices":[{"data":"Armaments","floor":8,"key":"SMITH"},{"data":"Armaments","floor":15,"key":"SMITH"},{"data":"Metallicize","floor":23,"key":"SMITH"},{"data":"Offering","floor":27,"key":"SMITH"},{"data":"Rupture","floor":32,"key":"SMITH"},{"data":"Offering","floor":40,"key":"SMITH"},{"data":"Rupture","floor":42,"key":"SMITH"},{"floor":44,"key":"REST"},{"data":"Rupture","floor":49,"key":"SMITH"}],"neow_cost":"NONE","seed_source_timestamp":50833278002076,"circlet_count":0,"master_deck":["Defend_R","Defend_R","Defend_R","Power Through","Metallicize+1","Burning Pact","Armaments+1","Spot Weakness","True Grit","Sword Boomerang","Armaments+1","Twin Strike","Offering+1","Sword Boomerang","Battle Trance","Spot Weakness","Shrug It Off+1","Combust+1","Rupture+1","Offering+1","Rupture+1","Battle Trance","Rupture+1","Shrug It Off"],"relics":["Burning Blood","Anchor","Smiling Mask","Meat on the Bone","Runic Dome","Happy Flower","Philosopher\u0027s Stone","Boot"],"potions_floor_usage":[2,16,28,29,33,33,37,50],"damage_taken":[{"damage":0,"enemies":"Small Slimes","floor":1,"turns":4},{"damage":1,"enemies":"Cultist","floor":3,"turns":5},{"damage":6,"enemies":"2 Louse","floor":4,"turns":4},{"damage":11,"enemies":"Exordium Thugs","floor":5,"turns":9},{"damage":27,"enemies":"3 Sentries","floor":6,"turns":10},{"damage":2,"enemies":"Lots of Slimes","floor":10,"turns":7},{"damage":0,"enemies":"3 Louse","floor":12,"turns":4},{"damage":0,"enemies":"Blue Slaver","floor":14,"turns":4},{"damage":32,"enemies":"Hexaghost","floor":16,"turns":11},{"damage":6,"enemies":"Spheric Guardian","floor":18,"turns":5},{"damage":28,"enemies":"3 Byrds","floor":19,"turns":5},{"damage":20,"enemies":"Snake Plant","floor":24,"turns":5},{"damage":6,"enemies":"Cultist and Chosen","floor":25,"turns":4},{"damage":6,"enemies":"Snecko","floor":28,"turns":3},{"damage":6,"enemies":"3 Cultists","floor":29,"turns":4},{"damage":22,"enemies":"Collector","floor":33,"turns":9},{"damage":6,"enemies":"Orb Walker","floor":35,"turns":3},{"damage":29,"enemies":"3 Darklings","floor":37,"turns":3},{"damage":14,"enemies":"Sphere and 2 Shapes","floor":39,"turns":3},{"damage":88,"enemies":"Time Eater","floor":50,"turns":7}],"seed_played":"4383253133509645931","potions_obtained":[{"floor":2,"key":"Fruit Juice"},{"floor":2,"key":"Weak Potion"},{"floor":2,"key":"Regen Potion"},{"floor":4,"key":"Dexterity Potion"},{"floor":12,"key":"Swift Potion"},{"floor":14,"key":"BloodPotion"},{"floor":18,"key":"GamblersBrew"},{"floor":29,"key":"SkillPotion"},{"floor":33,"key":"PowerPotion"},{"floor":35,"key":"Poison Potion"}],"is_trial":false,"path_per_floor":["M","?","M","M","M","E","T","R","T","M","$","M","$","M","R","B",null,"M","M","$","?","?","R","M","M","T","R","M","M","$","$","R","B",null,"M","?","M","?","M","R","$","R","T","R","?","$","?","$","R","B"],"character_chosen":"IRONCLAD","items_purchased":["Rupture","Rupture","Battle Trance","Rupture","Shrug It Off"],"campfire_rested":1,"item_purchase_floors":[30,41,46,48,48],"current_hp_per_floor":[80,85,85,85,80,59,59,59,59,63,63,69,69,75,75,49,85,85,63,63,63,63,63,49,49,49,49,49,57,57,57,57,53,85,85,85,62,62,54,54,54,54,54,79,79,79,79,79,79,0],"gold":8,"neow_bonus":"TRANSFORM_CARD","is_prod":false,"is_daily":false,"chose_seed":false,"campfire_upgraded":8,"win_rate":0,"timestamp":1555021922,"path_taken":["M","?","?","M","M","E","?","R","T","M","?","?","$","M","R","BOSS","M","M","$","?","?","R","M","M","T","R","?","M","?","$","R","BOSS","M","?","M","?","M","R","$","R","T","R","?","$","?","?","R","BOSS"],"build_version":"2019-01-23","purchased_purges":4,"victory":false,"max_hp_per_floor":[80,85,85,85,85,85,85,85,85,85,85,85,85,85,85,85,85,85,85,85,85,85,85,85,85,85,85,85,85,85,85,85,85,85,85,85,85,85,85,85,85,85,85,85,85,85,81,81,81,81],"card_choices":[{"not_picked":["Shrug It Off","Body Slam"],"picked":"Metallicize","floor":1},{"not_picked":["Cleave","Whirlwind"],"picked":"Burning Pact","floor":3},{"not_picked":["Cleave","Dropkick"],"picked":"Armaments","floor":4},{"not_picked":["Flex","Whirlwind"],"picked":"Spot Weakness","floor":5},{"not_picked":["Offering","Fire Breathing"],"picked":"True Grit","floor":6},{"not_picked":["Cleave","Flame Barrier"],"picked":"Sword Boomerang","floor":10},{"not_picked":["Pommel Strike","Havoc"],"picked":"Armaments","floor":12},{"not_picked":["Cleave","Anger"],"picked":"Twin Strike","floor":14},{"not_picked":["Berserk","Dark Embrace"],"picked":"Offering","floor":16},{"not_picked":["Combust","Flex"],"picked":"Sword Boomerang","floor":18},{"not_picked":["Sever Soul","Clash+1"],"picked":"Battle Trance","floor":19},{"not_picked":["Burning Pact","Iron Wave","Perfected Strike"],"picked":"SKIP","floor":24},{"not_picked":["Ghostly Armor","Sword Boomerang+1","Reckless Charge"],"picked":"SKIP","floor":25},{"not_picked":["Dual Wield","Dropkick+1"],"picked":"Shrug It Off+1","floor":28},{"not_picked":["Rupture","Thunderclap"],"picked":"Combust+1","floor":29},{"not_picked":["Impervious","Immolate"],"picked":"Offering","floor":33},{"not_picked":["Twin Strike","Disarm+1","Flex+1"],"picked":"SKIP","floor":35},{"not_picked":["Clash+1","Inflame+1","Headbutt"],"picked":"SKIP","floor":37},{"not_picked":["Anger","Rampage+1","Shrug It Off"],"picked":"SKIP","floor":39}],"player_experience":245268,"relics_obtained":[{"floor":6,"key":"Anchor"},{"floor":7,"key":"Smiling Mask"},{"floor":9,"key":"Meat on the Bone"},{"floor":26,"key":"Happy Flower"},{"floor":43,"key":"Boot"}],"event_choices":[{"damage_healed":0,"gold_gain":0,"player_choice":"Got Potions","damage_taken":0,"max_hp_gain":0,"max_hp_loss":0,"event_name":"Lab","floor":2,"gold_loss":0},{"cards_removed":["Strike_R"],"damage_healed":0,"gold_gain":0,"player_choice":"Gave Gold","damage_taken":0,"max_hp_gain":0,"max_hp_loss":0,"event_name":"Beggar","floor":21,"gold_loss":75},{"damage_healed":0,"gold_gain":0,"player_choice":"Copied","damage_taken":0,"max_hp_gain":0,"max_hp_loss":0,"event_name":"Duplicator","floor":22,"gold_loss":0,"cards_obtained":["Spot Weakness"]},{"damage_healed":0,"gold_gain":0,"player_choice":"Memory 1","damage_taken":0,"max_hp_gain":0,"max_hp_loss":0,"event_name":"SensoryStone","floor":36,"gold_loss":0},{"damage_healed":0,"gold_gain":0,"player_choice":"Ignored","damage_taken":0,"max_hp_gain":0,"max_hp_loss":0,"event_name":"Tomb of Lord Red Mask","floor":38,"gold_loss":0},{"cards_removed":["Strike_R"],"damage_healed":0,"gold_gain":0,"player_choice":"Removed Attack","damage_taken":0,"max_hp_gain":0,"max_hp_loss":0,"event_name":"Falling","floor":45,"gold_loss":0},{"damage_healed":0,"gold_gain":0,"player_choice":"Max HP","damage_taken":0,"max_hp_gain":0,"max_hp_loss":4,"event_name":"Winding Halls","floor":47,"gold_loss":0}],"is_beta":false,"boss_relics":[{"not_picked":["Eternal Feather","Empty Cage"],"picked":"Runic Dome"},{"not_picked":["Orrery","Calling Bell"],"picked":"Philosopher\u0027s Stone"}],"items_purged_floors":[11,13,20,30],"is_endless":false,"potions_floor_spawned":[4,12,14,18,29,33,35],"killed_by":"Time Eater","ascension_level":0}