{"gold_per_floor":[118,137,212,162,176,176,206,206,229,244,244,231,251,268,268,365,365,376,18,31,31,44,44,79,147,147,163,163,173,173,173,173,272,272,290,305,318,337,10,24,24,24,24,24,24,55,55,65,65,65],"floor_reached":51,"playtime":4930,"items_purged":["Strike_G","Strike_G"],"score":701,"play_id":"c9845a7b-55e6-4b6b-ad99-30cb997ea56a","local_time":"20190225011143","is_ascension_mode":false,"campfire_choices":[{"data":"Neutralize","floor":6.0,"key":"SMITH"},{"floor":8.0,"key":"REST"},{"data":"Sucker Punch","floor":11.0,"key":"SMITH"},{"data":"A Thousand Cuts","floor":15.0,"key":"SMITH"},{"data":"Backflip","floor":28.0,"key":"SMITH"},{"data":"Cloak And Dagger","floor":30.0,"key":"SMITH"},{"data":"Cloak And Dagger","floor":32.0,"key":"SMITH"},{"floor":42.0,"key":"REST"},{"floor":44.0,"key":"REST"},{"data":"A Thousand Cuts","floor":47.0,"key":"SMITH"},{"floor":49,"key":"REST"}],"neow_cost":"NONE","seed_source_timestamp":0,"circlet_count":0,"master_deck":["Defend_G","Defend_G","Defend_G","Defend_G","Defend_G","Strike_G","Survivor","Neutralize+1","Poisoned Stab","Backflip+1","Blur","Endless Agony","Prepared","Sucker Punch+1","Dodge and Roll","A Thousand Cuts+1","Well Laid Plans+1","Cloak And Dagger+1","Cloak And Dagger+1","Terror","PiercingWail","Tools of the Trade","Cloak And Dagger+1","Deflect","Tactician","Cloak And Dagger","Acrobatics","Noxious Fumes","A Thousand Cuts+1","Calculated Gamble","Accuracy+1","Parasite"],"special_seed":0,"relics":["Orrery","Orichalcum","Strawberry","Sozu","Letter Opener","Incense Burner","Singing Bowl","Bottled Lightning","Busted Crown","Juzu Bracelet","Paper Crane","Molten Egg 2"],"potions_floor_usage":[],"damage_taken":[{"damage":0.0,"enemies":"Cultist","floor":1.0,"turns":4.0},{"damage":0.0,"enemies":"Jaw Worm","floor":2.0,"turns":5.0},{"damage":0.0,"enemies":"2 Louse","floor":5.0,"turns":3.0},{"damage":21.0,"enemies":"3 Sentries","floor":7.0,"turns":17.0},{"damage":8.0,"enemies":"Lots of Slimes","floor":10.0,"turns":7.0},{"damage":8.0,"enemies":"Exordium Thugs","floor":12.0,"turns":5.0},{"damage":4.0,"enemies":"Large Slime","floor":13.0,"turns":8.0},{"damage":12.0,"enemies":"Gremlin Gang","floor":14.0,"turns":7.0},{"damage":5.0,"enemies":"Hexaghost","floor":16.0,"turns":14.0},{"damage":6.0,"enemies":"Chosen","floor":18.0,"turns":7.0},{"damage":6.0,"enemies":"3 Byrds","floor":20.0,"turns":5.0},{"damage":10.0,"enemies":"Snake Plant","floor":22.0,"turns":7.0},{"damage":9.0,"enemies":"Slavers","floor":24.0,"turns":6.0},{"damage":1.0,"enemies":"Centurion and Healer","floor":27.0,"turns":5.0},{"damage":0.0,"enemies":"3 Cultists","floor":29.0,"turns":5.0},{"damage":39.0,"enemies":"Champ","floor":33.0,"turns":14.0},{"damage":3.0,"enemies":"3 Shapes","floor":35.0,"turns":3.0},{"damage":19.0,"enemies":"3 Darklings","floor":36.0,"turns":3.0},{"damage":32.0,"enemies":"Spire Growth","floor":37.0,"turns":6.0},{"damage":8.0,"enemies":"Sphere and 2 Shapes","floor":38.0,"turns":4.0},{"damage":6.0,"enemies":"Maw","floor":40.0,"turns":8.0},{"damage":11.0,"enemies":"Nemesis","floor":46.0,"turns":8.0},{"damage":13,"enemies":"Writhing Mass","floor":48,"turns":6},{"damage":31,"enemies":"Time Eater","floor":50,"turns":13}],"seed_played":"6077020643409243246","potions_obtained":[{"floor":5.0,"key":"Block Potion"},{"floor":7.0,"key":"GhostInAJar"},{"floor":12.0,"key":"GhostInAJar"}],"is_trial":false,"path_per_floor":["M","M","?","?","M","R","E","R","T","M","R","M","M","M","R","B",null,"M","$","M","?","M","$","E","T","T","M","R","M","R","?","R","B",null,"M","M","M","M","$","M","?","R","T","R","?","E","R","M","R","B",null],"character_chosen":"THE_SILENT","items_purchased":["Letter Opener","Deflect","Juzu Bracelet","Calculated Gamble"],"campfire_rested":4,"item_purchase_floors":[19,19,39,39],"current_hp_per_floor":[70,70,59,59,59,59,38,59,66,58,58,50,46,34,34,29,77,71,71,65,65,55,55,46,46,46,45,45,47,47,47,47,8,79,78,61,31,25,25,21,21,47,47,73,73,62,62,51,78,47],"gold":65,"neow_bonus":"BOSS_RELIC","is_prod":false,"is_daily":false,"chose_seed":false,"campfire_upgraded":7,"win_rate":0.0,"timestamp":1551028303,"path_taken":["M","M","?","?","M","R","E","R","T","M","R","M","M","M","R","BOSS","M","$","M","?","?","$","E","?","T","M","R","M","R","?","R","BOSS","M","M","?","?","?","M","?","R","T","R","?","E","R","M","R","BOSS"],"build_version":"2019-01-23","purchased_purges":2,"victory":true,"max_hp_per_floor":[70,70,70,70,70,70,70,70,77,77,77,77,77,77,77,77,77,77,77,77,77,77,77,77,77,77,77,77,79,79,79,79,79,79,81,83,85,87,87,89,89,89,89,89,89,89,89,91,91,91],"card_choices":[{"not_picked":["Outmaneuver","Deflect"],"picked":"Poisoned Stab","floor":0.0},{"not_picked":["All Out Attack","Bane"],"picked":"Backflip","floor":0.0},{"not_picked":["Quick Slash","Calculated Gamble"],"picked":"Blur","floor":0.0},{"not_picked":["Dagger Spray","Skewer"],"picked":"Endless Agony","floor":0.0},{"not_picked":["Skewer","Flying Knee"],"picked":"Prepared","floor":0.0},{"not_picked":["All Out Attack","Blade Dance"],"picked":"Sucker Punch","floor":1.0},{"not_picked":["PiercingWail","Blur"],"picked":"Dodge and Roll","floor":2.0},{"not_picked":["Slice","Skewer"],"picked":"A Thousand Cuts","floor":5.0},{"not_picked":["Outmaneuver","Prepared"],"picked":"Well Laid Plans","floor":7.0},{"not_picked":["Masterful Stab","Deadly Poison"],"picked":"Cloak And Dagger","floor":10.0},{"not_picked":["Bane","Dagger Spray"],"picked":"Cloak And Dagger","floor":12.0},{"not_picked":["Underhanded Strike","Expertise"],"picked":"Terror","floor":13.0},{"not_picked":["Outmaneuver","Finisher"],"picked":"PiercingWail","floor":14.0},{"not_picked":["Venomology","Glass Knife"],"picked":"Tools of the Trade","floor":16.0},{"not_picked":["Backflip","Well Laid Plans+1"],"picked":"Cloak And Dagger+1","floor":18.0},{"not_picked":["Flying Knee","Underhanded Strike"],"picked":"Tactician","floor":20.0},{"not_picked":["Choke","Deflect"],"picked":"Cloak And Dagger","floor":22.0},{"not_picked":["Die Die Die","Caltrops"],"picked":"Acrobatics","floor":24.0},{"not_picked":["Prepared","Reflex"],"picked":"Noxious Fumes","floor":27.0},{"not_picked":["Masterful Stab+1","Underhanded Strike+1","Outmaneuver"],"picked":"Singing Bowl","floor":29.0},{"not_picked":["Tools of the Trade","Burst"],"picked":"A Thousand Cuts","floor":33.0},{"not_picked":["Poisoned Stab+1"],"picked":"Singing Bowl","floor":35.0},{"not_picked":["Catalyst"],"picked":"Singing Bowl","floor":36.0},{"not_picked":["Heel Hook+1"],"picked":"Singing Bowl","floor":37.0},{"not_picked":["Prepared+1"],"picked":"Singing Bowl","floor":38.0},{"not_picked":["Quick Slash"],"picked":"Singing Bowl","floor":40.0},{"not_picked":[],"picked":"Accuracy+1","floor":46.0},{"not_picked":["All Out Attack+1"],"picked":"Singing Bowl","floor":48}],"player_experience":94011,"relics_obtained":[{"floor":7.0,"key":"Orichalcum"},{"floor":9.0,"key":"Strawberry"},{"floor":24.0,"key":"Incense Burner"},{"floor":25.0,"key":"Singing Bowl"},{"floor":26.0,"key":"Bottled Lightning"},{"floor":43.0,"key":"Paper Crane"},{"floor":46.0,"key":"Molten Egg 2"}],"event_choices":[{"damage_healed":0.0,"max_hp_gain":0.0,"max_hp_loss":0.0,"gold_gain":75.0,"event_name":"World of Goop","player_choice":"Gather Gold","floor":3.0,"gold_loss":0.0,"damage_taken":11.0},{"cards_removed":["Strike_G"],"damage_healed":0.0,"max_hp_gain":0.0,"max_hp_loss":0.0,"gold_gain":0.0,"event_name":"The Cleric","player_choice":"Card Removal","floor":4.0,"gold_loss":50.0,"damage_taken":0.0},{"damage_healed":0.0,"max_hp_gain":0.0,"max_hp_loss":0.0,"gold_gain":0.0,"event_name":"Accursed Blacksmith","player_choice":"Forge","floor":21.0,"gold_loss":0.0,"damage_taken":0.0,"cards_upgraded":["Well Laid Plans"]},{"damage_healed":0.0,"max_hp_gain":0.0,"max_hp_loss":0.0,"gold_gain":0.0,"event_name":"Lab","player_choice":"Got Potions","floor":31.0,"gold_loss":0.0,"damage_taken":0.0},{"damage_healed":0.0,"max_hp_gain":0.0,"max_hp_loss":0.0,"gold_gain":0.0,"event_name":"Tomb of Lord Red Mask","player_choice":"Ignored","floor":41.0,"gold_loss":0.0,"damage_taken":0.0},{"cards_removed":["Strike_G"],"damage_healed":0.0,"max_hp_gain":0.0,"max_hp_loss":0.0,"gold_gain":0.0,"event_name":"Bonfire Elementals","player_choice":"Offered Basic","floor":45.0,"gold_loss":0.0,"damage_taken":0.0}],"is_beta":false,"boss_relics":[{"not_picked":["Empty Cage","Ectoplasm"],"picked":"Sozu"},{"not_picked":["Runic Pyramid","HoveringKite"],"picked":"Busted Crown"}],"items_purged_floors":[19,39],"is_endless":false,"potions_floor_spawned":[5,7,12,16,18,20,33,37,38,46],"ascension_level":0}