{"path_per_floor":["M","?","?","?","?","R","$","M","T","E","T","R","M","E","R","B",null,"M","$","?","M","M","E","R","M","T","R","E","M","M","E","R","B",null,"M","M","M","?","M","?","R","M","T","R","$","E","?"],"character_chosen":"THE_SILENT","items_purchased":["Noxious Fumes","Whetstone","Lee\u0027s Waffle","Singing Bowl","Bronze Scales","Happy Flower","Bag of Preparation"],"gold_per_floor":[109,109,359,434,434,434,17,33,33,63,133,133,147,180,180,280,280,299,72,72,92,107,139,139,152,199,199,225,244,258,288,288,383,413,429,449,459,459,477,477,477,489,513,513,58,92,92],"floor_reached":48,"campfire_rested":5,"playtime":2881,"current_hp_per_floor":[70,56,56,45,45,66,77,74,74,27,27,50,48,34,57,42,77,57,57,53,55,57,40,57,51,51,51,62,48,41,51,51,25,74,75,72,55,55,51,51,76,76,76,76,76,78,68],"items_purged":["Regret"],"gold":92,"score":605,"play_id":"42b78c39-4649-40a8-938a-f5b8e7fec1d4","local_time":"20180317163952","is_prod":false,"is_daily":false,"is_ascension_mode":true,"campfire_upgraded":3,"timestamp":1521301192,"path_taken":["M","?","?","?","?","R","$","?","T","E","?","R","M","E","R","BOSS","M","$","?","M","M","E","R","M","T","R","E","M","M","E","R","BOSS","M","M","?","?","M","?","R","?","T","R","$","E","?","E"],"build_version":"2018-03-15v2","purchased_purges":1,"victory":false,"master_deck":["Defend_G+1","Defend_G","Defend_G","Defend_G","Defend_G+1","Survivor+1","Neutralize+1","PiercingWail","Regret","Noxious Fumes+1","Bane","Flying Knee","Backstab","Malaise","Corpse Explosion","Quick Slash+1","Bite","Bite","Bite","Bite","Bite","Flying Knee","Die Die Die+1","Sucker Punch+1","Bane+1","Adrenaline","Flying Knee+1","Heel Hook+1","Madness","Madness"],"max_hp_per_floor":[70,70,70,70,70,70,77,77,77,77,77,77,77,77,77,77,77,77,77,53,55,57,59,59,61,61,61,63,63,65,67,67,69,74,76,76,78,78,78,78,80,80,80,80,80,80,80],"relics":["Ring of the Snake","Dream Catcher","Whetstone","Lee\u0027s Waffle","Ice Cream","Ancient Tea Set","Toolbox","Bag of Marbles","Sozu","Singing Bowl","Torii","Oddly Smooth Stone","Tingsha","Snake Skull","Tiny House","Anchor","Bronze Scales","Happy Flower","Bag of Preparation","Gremlin Horn"],"card_choices":[{"not_picked":["Prepared","Heel Hook"],"picked":"PiercingWail"},{"not_picked":["Expertise","Outmaneuver"],"picked":"PiercingWail"},{"not_picked":["Slice","Skewer"],"picked":"Bane"},{"not_picked":["Cloak And Dagger","Deadly Poison"],"picked":"Flying Knee"},{"not_picked":["PiercingWail","Slice"],"picked":"Backstab"},{"not_picked":["Outmaneuver","Dagger Spray"],"picked":"Malaise"},{"not_picked":["Glass Knife","Night Terror"],"picked":"Corpse Explosion"},{"not_picked":["Calculated Gamble","Cloak And Dagger"],"picked":"Quick Slash"},{"not_picked":["Dash","Outmaneuver"],"picked":"Flying Knee"},{"not_picked":["Footwork","Bouncing Flask"],"picked":"Die Die Die"},{"not_picked":["Deadly Poison","Acrobatics"],"picked":"Sucker Punch"},{"not_picked":["Terror","Cloak And Dagger"],"picked":"Bane"},{"not_picked":["Deadly Poison","Infinite Blades"],"picked":"Adrenaline"},{"not_picked":["Masterful Stab","Dodge and Roll"],"picked":"Flying Knee"},{"not_picked":["Poisoned Stab","Underhanded Strike"],"picked":"Heel Hook"}],"player_experience":168797,"potions_floor_usage":[16,16,33],"damage_taken":[{"damage":0,"enemies":"Small Slimes","floor":1,"turns":3},{"damage":3,"enemies":"Jaw Worm","floor":8,"turns":5},{"damage":47,"enemies":"Gremlin Nob","floor":10,"turns":6},{"damage":2,"enemies":"Cultist","floor":13,"turns":3},{"damage":14,"enemies":"3 Sentries","floor":14,"turns":8},{"damage":30,"enemies":"Slime Boss","floor":16,"turns":12},{"damage":20,"enemies":"2 Thieves","floor":18,"turns":4},{"damage":1,"enemies":"3 Byrds","floor":21,"turns":5},{"damage":4,"enemies":"3 Cultists","floor":22,"turns":5},{"damage":21,"enemies":"Slavers","floor":23,"turns":6},{"damage":16,"enemies":"Centurion and Healer","floor":25,"turns":5},{"damage":18,"enemies":"Gremlin Leader","floor":28,"turns":9},{"damage":19,"enemies":"Chosen and Byrds","floor":29,"turns":6},{"damage":15,"enemies":"Snake Plant","floor":30,"turns":3},{"damage":8,"enemies":"Slavers","floor":31,"turns":7},{"damage":54,"enemies":"Collector","floor":33,"turns":10},{"damage":5,"enemies":"3 Darklings","floor":35,"turns":4},{"damage":6,"enemies":"Orb Walker","floor":36,"turns":3},{"damage":33,"enemies":"Sphere and 2 Shapes","floor":37,"turns":7},{"damage":24,"enemies":"3 Darklings","floor":39,"turns":8},{"damage":5,"enemies":"Maw","floor":42,"turns":10},{"damage":6,"enemies":"Nemesis","floor":46,"turns":7},{"damage":83,"enemies":"Giant Head","floor":48,"turns":9}],"event_choices":[{"event_name":"Shining Light","player_choice":"Entered Light","floor":2,"damage_taken":0},{"event_name":"Golden Shrine","player_choice":"Desecrate","floor":3,"damage_taken":0},{"event_name":"World of Goop","player_choice":"Gather Gold","floor":4,"damage_taken":0},{"event_name":"Big Fish","player_choice":"Box","floor":5,"damage_taken":0},{"event_name":"Vampires","player_choice":"Became a vampire","floor":20,"damage_taken":0},{"event_name":"Tomb of Lord Red Mask","player_choice":"Ignored","floor":40,"damage_taken":0},{"event_name":"Winding Halls","player_choice":"Embrace Madness","floor":47,"damage_taken":0}],"boss_relics":[{"not_picked":["Velvet Choker","Calling Bell"],"picked":"Sozu"},{"not_picked":["Runic Pyramid","Cursed Key"],"picked":"Tiny House"}],"potions_floor_spawned":[1,8,16,22,23,25,31,33,35,39,42,46],"seed_played":"-3523776761077229997","killed_by":"Giant Head","ascension_level":1,"is_trial":false}