{"gold_per_floor":[118,118,20,31,8,8,37,37,62,121,136,155,173,123,123,228,228,247,247,262,262,275,103,103,53,53,3,17,29,29,59,59,164,164,179,29,29,47,61,61],"floor_reached":40,"playtime":6706,"items_purged":["Defend_G","Defend_G","Defend_G","Defend_G","Defend_G"],"score":478,"play_id":"7e157235-5eae-4700-927d-34f808e93fd3","local_time":"20190321220145","is_ascension_mode":true,"campfire_choices":[{"data":"Footwork","floor":6.0,"key":"SMITH"},{"data":"Cloak And Dagger","floor":8.0,"key":"SMITH"},{"data":"Choke","floor":15.0,"key":"SMITH"},{"data":"Noxious Fumes","floor":24.0,"key":"SMITH"},{"data":"A Thousand Cuts","floor":30,"key":"SMITH"},{"data":"Caltrops","floor":32,"key":"SMITH"}],"neow_cost":"NONE","seed_source_timestamp":0,"circlet_count":0,"master_deck":["Survivor","Neutralize","Deflect","Footwork+1","Deflect","Calculated Gamble","Cloak And Dagger+1","Choke+1","Finisher+1","Outmaneuver","A Thousand Cuts+1","Backflip","Footwork","Endless Agony+1","Bite+1","Bite+1","Bite+1","Bite+1","Bite+1","Caltrops+1","Noxious Fumes+1","Backflip","Dodge and Roll+1","Accuracy","Corpse Explosion","Flying Knee+1","Backflip","Well Laid Plans","Accuracy+1","Cloak And Dagger","Footwork"],"special_seed":0,"relics":["Ring of the Snake","NeowsBlessing","Strawberry","Smiling Mask","Molten Egg 2","Eternal Feather","Sundial","Bag of Marbles","Orrery"],"potions_floor_usage":[29,31,33,37,37,39,40],"damage_taken":[{"damage":0.0,"enemies":"Jaw Worm","floor":1.0,"turns":1.0},{"damage":0.0,"enemies":"Small Slimes","floor":4.0,"turns":1.0},{"damage":0.0,"enemies":"3 Sentries","floor":7.0,"turns":1.0},{"damage":19.0,"enemies":"Lagavulin Event","floor":10.0,"turns":12.0},{"damage":0.0,"enemies":"2 Louse","floor":11.0,"turns":3.0},{"damage":0.0,"enemies":"Exordium Wildlife","floor":12.0,"turns":4.0},{"damage":0.0,"enemies":"Large Slime","floor":13.0,"turns":10.0},{"damage":19.0,"enemies":"Slime Boss","floor":16.0,"turns":9.0},{"damage":23.0,"enemies":"Chosen","floor":18.0,"turns":8.0},{"damage":1.0,"enemies":"Shell Parasite","floor":20.0,"turns":10.0},{"damage":17.0,"enemies":"Shelled Parasite and Fungi","floor":22.0,"turns":12.0},{"damage":3,"enemies":"Centurion and Healer","floor":28,"turns":7},{"damage":10,"enemies":"Snecko","floor":29,"turns":6},{"damage":22,"enemies":"Book of Stabbing","floor":31,"turns":6},{"damage":39,"enemies":"Automaton","floor":33,"turns":11},{"damage":11,"enemies":"Orb Walker","floor":35,"turns":6},{"damage":11,"enemies":"2 Orb Walkers","floor":37,"turns":2},{"damage":0,"enemies":"3 Shapes","floor":38,"turns":3},{"damage":21,"enemies":"3 Darklings","floor":39,"turns":5},{"damage":69,"enemies":"Giant Head","floor":40,"turns":9}],"seed_played":"-8213387250127638065","potions_obtained":[{"floor":10.0,"key":"EssenceOfSteel"},{"floor":12.0,"key":"Fire Potion"},{"floor":13.0,"key":"LiquidBronze"},{"floor":16.0,"key":"Swift Potion"},{"floor":18.0,"key":"FearPotion"},{"floor":28,"key":"Block Potion"},{"floor":31,"key":"Energy Potion"},{"floor":33,"key":"SmokeBomb"},{"floor":35,"key":"LiquidBronze"},{"floor":39,"key":"Poison Potion"}],"is_trial":false,"path_per_floor":["M","?","$","M","$","R","E","R","T","?","M","M","M","$","R","B",null,"M","?","M","?","M","$","R","$","T","$","M","M","R","E","R","B",null,"M","$","?","M","M","E"],"character_chosen":"THE_SILENT","items_purchased":["Footwork","Deflect","Cloak And Dagger","Noxious Fumes","Backflip","Cloak And Dagger","Footwork"],"campfire_rested":0,"item_purchase_floors":[3,3,5,23,23,36,36],"current_hp_per_floor":[70,70,70,70,70,70,77,77,77,58,58,58,58,58,58,39,77,54,54,53,53,53,53,53,53,53,53,53,53,53,37,52,47,53,44,44,33,39,27,0],"gold":61,"neow_bonus":"THREE_ENEMY_KILL","is_prod":false,"is_daily":false,"chose_seed":false,"campfire_upgraded":6,"win_rate":0,"timestamp":1553223705,"path_taken":["M","?","$","M","$","R","E","R","T","?","M","M","M","$","R","BOSS","M","?","M","?","M","$","R","?","T","$","M","M","R","E","R","BOSS","M","$","?","M","M","E"],"build_version":"2019-01-23","purchased_purges":5,"victory":false,"max_hp_per_floor":[70,70,70,70,70,70,77,77,77,77,77,77,77,77,77,77,77,77,77,77,53,53,53,53,53,53,53,53,53,53,53,53,53,53,53,53,53,53,53,53],"card_choices":[{"not_picked":["Underhanded Strike","Prepared"],"picked":"Deflect","floor":1.0},{"not_picked":["Distraction","Tactician"],"picked":"Calculated Gamble","floor":4.0},{"not_picked":["Catalyst","Eviscerate"],"picked":"Choke","floor":7.0},{"not_picked":["Dodge and Roll","PiercingWail"],"picked":"Finisher","floor":10.0},{"not_picked":["PiercingWail","Sucker Punch+1","Distraction"],"picked":"SKIP","floor":11.0},{"not_picked":["Leg Sweep","Predator+1"],"picked":"Outmaneuver","floor":12.0},{"not_picked":["Distraction","Acrobatics","Dagger Throw+1"],"picked":"SKIP","floor":13.0},{"not_picked":["Unload+1","Malaise"],"picked":"A Thousand Cuts","floor":16.0},{"not_picked":["Terror+1","Bane+1"],"picked":"Backflip","floor":18.0},{"not_picked":["Predator+1","Dodge and Roll"],"picked":"Endless Agony+1","floor":20.0},{"not_picked":["Dodge and Roll","PiercingWail"],"picked":"Caltrops","floor":22.0},{"not_picked":["Dagger Spray+1","All Out Attack+1"],"picked":"Dodge and Roll+1","floor":28},{"not_picked":["Deflect+1","Bane+1"],"picked":"Accuracy","floor":29},{"not_picked":["Distraction+1","Quick Slash+1","Dagger Throw+1"],"picked":"SKIP","floor":31},{"not_picked":["Venomology","Unload+1"],"picked":"Corpse Explosion","floor":33},{"not_picked":["Deadly Poison+1","Tactician"],"picked":"Flying Knee+1","floor":34},{"not_picked":["Terror","Unload+1"],"picked":"Backflip","floor":34},{"not_picked":["All Out Attack+1","Poisoned Stab+1"],"picked":"Well Laid Plans","floor":34},{"not_picked":["Dodge and Roll+1","Bane+1"],"picked":"Accuracy+1","floor":35},{"not_picked":["Sucker Punch+1","Dagger Spray+1","Dodge and Roll"],"picked":"SKIP","floor":38},{"not_picked":["PiercingWail+1","Dagger Throw+1","Flying Knee+1"],"picked":"SKIP","floor":39}],"player_experience":110509,"relics_obtained":[{"floor":7.0,"key":"Strawberry"},{"floor":9.0,"key":"Smiling Mask"},{"floor":10.0,"key":"Molten Egg 2"},{"floor":26.0,"key":"Sundial"},{"floor":31,"key":"Bag of Marbles"}],"event_choices":[{"cards_removed":["Strike_G"],"damage_healed":0.0,"max_hp_gain":0.0,"max_hp_loss":0.0,"gold_gain":0.0,"event_name":"Living Wall","player_choice":"Forget","floor":2.0,"gold_loss":0.0,"damage_taken":0.0},{"damage_healed":0.0,"max_hp_gain":0.0,"max_hp_loss":0.0,"gold_gain":0.0,"event_name":"Dead Adventurer","player_choice":"Searched \u00271\u0027 times","floor":10.0,"gold_loss":0.0,"damage_taken":0.0},{"damage_healed":0.0,"max_hp_gain":0.0,"max_hp_loss":0.0,"gold_gain":0.0,"event_name":"The Library","player_choice":"Read","floor":19.0,"gold_loss":0.0,"damage_taken":0.0,"cards_obtained":["Footwork"]},{"damage_healed":0.0,"max_hp_gain":0.0,"max_hp_loss":24.0,"gold_gain":0.0,"event_name":"Vampires","player_choice":"Became a vampire","floor":21.0,"gold_loss":0.0,"damage_taken":0.0,"cards_obtained":["Bite","Bite","Bite","Bite","Bite"]},{"damage_healed":0,"gold_gain":0,"player_choice":"Fight","damage_taken":0,"max_hp_gain":0,"max_hp_loss":0,"event_name":"Mysterious Sphere","floor":37,"gold_loss":0}],"is_beta":false,"boss_relics":[{"not_picked":["HoveringKite","Velvet Choker"],"picked":"Eternal Feather"},{"not_picked":["Calling Bell","Runic Dome"],"picked":"Orrery"}],"items_purged_floors":[14,23,25,27,36],"is_endless":false,"potions_floor_spawned":[10,12,13,16,18,28,31,33,35,37,39],"killed_by":"Giant Head","ascension_level":1}