{"gold_per_floor":[115,135,148,167,167,197,197,214,214,246,246,246,15,48,48,145,145,160,160,3,14,14,46,46,73,99,128,145,477,477,508,508,607,607,622,43,61,79,95,95,115,144,144,144,169,181,38,69,69,69,69,69,20,47,47],"floor_reached":55,"playtime":7391,"items_purged":[],"score":1154,"play_id":"50672a73-d67e-40bd-b49c-a665c609d909","local_time":"20190409082730","is_ascension_mode":true,"campfire_choices":[{"data":"A Thousand Cuts","floor":7.0,"key":"SMITH"},{"data":"Cloak And Dagger","floor":12.0,"key":"SMITH"},{"data":"Wraith Form v2","floor":15.0,"key":"SMITH"},{"data":"Caltrops","floor":24.0,"key":"SMITH"},{"data":"Crippling Poison","floor":32.0,"key":"SMITH"},{"floor":40.0,"key":"RECALL"},{"data":"Apotheosis","floor":46,"key":"SMITH"},{"data":"Noxious Fumes","floor":49,"key":"SMITH"},{"data":"Caltrops","floor":52,"key":"SMITH"}],"neow_cost":"NONE","seed_source_timestamp":0,"circlet_count":0,"master_deck":["Defend_G","Defend_G","Defend_G","Defend_G","Defend_G","Survivor","Neutralize+1","A Thousand Cuts+1","Cloak And Dagger+1","Dodge and Roll","Well Laid Plans","Footwork","Choke","Wraith Form v2+1","Caltrops+1","Outmaneuver","Corpse Explosion","Bite","Bite","Bite","Bite","Bite","Crippling Poison+1","Writhe","Deadly Poison","Storm of Steel","Apotheosis+1","Accuracy","Deadly Poison+1","Writhe","Caltrops+1","Leg Sweep","Noxious Fumes+1"],"special_seed":0,"relics":["Ring of the Snake","Darkstone Periapt","Du-Vu Doll","Orichalcum","Sundial","Busted Crown","Bronze Scales","Gremlin Horn","Mummified Hand","Ancient Tea Set","Anchor","Old Coin","Strawberry","Blood Vial","Cursed Key","Snake Skull","ClockworkSouvenir","Potion Belt","Kunai","Spirit Poop","MawBank","Ornamental Fan","Bag of Marbles"],"potions_floor_usage":[42,50,50,50,54,55,55,55],"damage_taken":[{"damage":3.0,"enemies":"Small Slimes","floor":1.0,"turns":7.0},{"damage":1.0,"enemies":"Cultist","floor":2.0,"turns":4.0},{"damage":0.0,"enemies":"2 Louse","floor":3.0,"turns":3.0},{"damage":1.0,"enemies":"Red Slaver","floor":4.0,"turns":5.0},{"damage":5.0,"enemies":"3 Sentries","floor":6.0,"turns":7.0},{"damage":6.0,"enemies":"2 Fungi Beasts","floor":8.0,"turns":3.0},{"damage":9.0,"enemies":"Gremlin Nob","floor":10.0,"turns":6.0},{"damage":20.0,"enemies":"3 Sentries","floor":14.0,"turns":8.0},{"damage":9.0,"enemies":"Slime Boss","floor":16.0,"turns":9.0},{"damage":1.0,"enemies":"Chosen","floor":18.0,"turns":5.0},{"damage":0.0,"enemies":"3 Byrds","floor":21.0,"turns":1.0},{"damage":23.0,"enemies":"Gremlin Leader","floor":23.0,"turns":6.0},{"damage":0.0,"enemies":"Slavers","floor":25.0,"turns":4.0},{"damage":20.0,"enemies":"Gremlin Leader","floor":27.0,"turns":6.0},{"damage":3.0,"enemies":"Snecko","floor":28.0,"turns":4.0},{"damage":12.0,"enemies":"Book of Stabbing","floor":29.0,"turns":6.0},{"damage":10.0,"enemies":"Slavers","floor":31.0,"turns":3.0},{"damage":20.0,"enemies":"Automaton","floor":33.0,"turns":9.0},{"damage":0.0,"enemies":"3 Darklings","floor":35.0,"turns":3.0},{"damage":8.0,"enemies":"Orb Walker","floor":37.0,"turns":3.0},{"damage":0.0,"enemies":"Maw","floor":38.0,"turns":6.0},{"damage":0.0,"enemies":"Sphere and 2 Shapes","floor":39.0,"turns":5.0},{"damage":14.0,"enemies":"Jaw Worm Horde","floor":41.0,"turns":2.0},{"damage":0,"enemies":"Reptomancer","floor":42,"turns":5},{"damage":31,"enemies":"Nemesis","floor":45,"turns":9},{"damage":0,"enemies":"Reptomancer","floor":48,"turns":4},{"damage":38,"enemies":"Time Eater","floor":50,"turns":10},{"damage":37,"enemies":"Shield and Spear","floor":54,"turns":6},{"damage":76,"enemies":"The Heart","floor":55,"turns":8}],"seed_played":"1631728583290518801","potions_obtained":[{"floor":4.0,"key":"EntropicBrew"},{"floor":6.0,"key":"GhostInAJar"},{"floor":8.0,"key":"Regen Potion"},{"floor":14.0,"key":"SkillPotion"},{"floor":16.0,"key":"GhostInAJar"},{"floor":21.0,"key":"Poison Potion"},{"floor":23.0,"key":"Energy Potion"},{"floor":27.0,"key":"Ancient Potion"},{"floor":31.0,"key":"Block Potion"},{"floor":37.0,"key":"Dexterity Potion"},{"floor":38.0,"key":"Weak Potion"},{"floor":42,"key":"Poison Potion"},{"floor":45,"key":"Fire Potion"},{"floor":48,"key":"EssenceOfSteel"},{"floor":54,"key":"Dexterity Potion"}],"is_trial":false,"path_per_floor":["M","M","M","M","?","E","R","M","T","E","?","R","$","E","R","B",null,"M","?","$","M","$","E","R","E","T","E","M","E","?","E","R","B",null,"M","$","M","M","M","R","M","E","T","?","E","R","$","E","R","B",null,"R","$","E","B"],"character_chosen":"THE_SILENT","items_purchased":["Orichalcum","Caltrops","Bronze Scales","Apotheosis","Snake Skull","Accuracy","ClockworkSouvenir","Caltrops","PowerPotion","Leg Sweep","Dexterity Potion"],"campfire_rested":0,"item_purchase_floors":[13,13,20,36,36,36,36,47,47,47,53],"current_hp_per_floor":[67,66,66,65,65,60,60,54,54,59,65,65,65,45,45,36,76,75,53,53,53,53,46,46,52,52,45,52,45,58,54,54,58,66,66,66,60,66,66,66,55,66,72,72,48,48,48,58,58,44,72,72,72,41,0],"gold":47,"neow_bonus":"ONE_RANDOM_RARE_CARD","is_prod":false,"is_daily":false,"chose_seed":false,"campfire_upgraded":8,"win_rate":0,"timestamp":1554816450,"path_taken":["M","M","M","M","?","E","R","?","T","E","?","R","$","E","R","BOSS","M","?","$","M","$","E","R","E","T","E","M","E","?","E","R","BOSS","M","$","M","M","M","R","M","E","T","?","E","R","$","E","R","BOSS","R","$","E","BOSS"],"build_version":"2019-01-23","purchased_purges":0,"victory":false,"max_hp_per_floor":[70,70,70,70,70,70,70,70,70,70,76,76,76,76,76,76,76,76,53,53,53,53,53,53,53,53,53,53,53,66,66,66,66,66,66,66,66,66,66,66,66,66,72,72,72,72,72,72,72,72,72,72,72,72,72],"card_choices":[{"not_picked":["Bane","Prepared","Underhanded Strike"],"picked":"SKIP","floor":1.0},{"not_picked":["Deadly Poison","Choke"],"picked":"Cloak And Dagger","floor":2.0},{"not_picked":["Acrobatics","Infinite Blades"],"picked":"Dodge and Roll","floor":3.0},{"not_picked":["Eviscerate","Backflip"],"picked":"Well Laid Plans","floor":4.0},{"not_picked":["Acrobatics","Skewer"],"picked":"Footwork","floor":6.0},{"not_picked":["Well Laid Plans","Expertise"],"picked":"Choke","floor":8.0},{"not_picked":["Blade Dance","Skewer"],"picked":"Wraith Form v2","floor":10.0},{"not_picked":["Heel Hook","Dodge and Roll"],"picked":"Outmaneuver","floor":14.0},{"not_picked":["Grand Finale","Unload"],"picked":"Corpse Explosion","floor":16.0},{"not_picked":["Poisoned Stab"],"picked":"SKIP","floor":18.0},{"not_picked":["Outmaneuver"],"picked":"SKIP","floor":21.0},{"not_picked":[],"picked":"Crippling Poison","floor":23.0},{"not_picked":["Acrobatics"],"picked":"SKIP","floor":25.0},{"not_picked":["Flying Knee"],"picked":"SKIP","floor":27.0},{"not_picked":["Reflex+1"],"picked":"SKIP","floor":28.0},{"not_picked":["Riddle With Holes"],"picked":"SKIP","floor":29.0},{"not_picked":[],"picked":"Deadly Poison","floor":31.0},{"not_picked":[],"picked":"Storm of Steel","floor":33.0},{"not_picked":["Dagger Throw+1"],"picked":"SKIP","floor":35.0},{"not_picked":["Dagger Spray"],"picked":"SKIP","floor":37.0},{"not_picked":["Outmaneuver+1"],"picked":"SKIP","floor":38.0},{"not_picked":["Dagger Spray+1"],"picked":"SKIP","floor":39.0},{"not_picked":["Slice"],"picked":"SKIP","floor":41},{"not_picked":[],"picked":"Deadly Poison+1","floor":42},{"not_picked":["Flying Knee"],"picked":"SKIP","floor":45},{"not_picked":[],"picked":"Noxious Fumes","floor":48},{"not_picked":["Well Laid Plans+1"],"picked":"SKIP","floor":54}],"player_experience":252844,"relics_obtained":[{"floor":6.0,"key":"Darkstone Periapt"},{"floor":10.0,"key":"Du-Vu Doll"},{"floor":14.0,"key":"Sundial"},{"floor":23.0,"key":"Gremlin Horn"},{"floor":25.0,"key":"Mummified Hand"},{"floor":26.0,"key":"Ancient Tea Set"},{"floor":27.0,"key":"Anchor"},{"floor":29.0,"key":"Old Coin"},{"floor":31.0,"key":"Blood Vial"},{"floor":42,"key":"Potion Belt"},{"floor":43,"key":"Kunai"},{"floor":45,"key":"MawBank"},{"floor":48,"key":"Ornamental Fan"},{"floor":54,"key":"Bag of Marbles"}],"event_choices":[{"damage_healed":0.0,"max_hp_gain":0.0,"max_hp_loss":0.0,"gold_gain":0.0,"event_name":"Accursed Blacksmith","player_choice":"Forge","floor":5.0,"gold_loss":0.0,"damage_taken":0.0,"cards_upgraded":["Neutralize"]},{"damage_healed":0.0,"max_hp_gain":0.0,"max_hp_loss":0.0,"gold_gain":0.0,"event_name":"Wheel of Change","player_choice":"Cursed","floor":11.0,"gold_loss":0.0,"damage_taken":0.0,"cards_obtained":["Decay"]},{"damage_healed":0.0,"max_hp_gain":0.0,"max_hp_loss":23.0,"gold_gain":0.0,"event_name":"Vampires","player_choice":"Became a vampire","floor":19.0,"gold_loss":0.0,"damage_taken":0.0,"cards_obtained":["Bite","Bite","Bite","Bite","Bite"]},{"damage_healed":0.0,"max_hp_gain":0.0,"max_hp_loss":0.0,"gold_gain":0.0,"event_name":"The Mausoleum","player_choice":"Opened","floor":30.0,"gold_loss":0.0,"damage_taken":0.0,"relics_obtained":["Strawberry"],"cards_obtained":["Writhe"]},{"cards_removed":["Decay"],"damage_healed":0,"gold_gain":0,"player_choice":"Offered Curse","damage_taken":0,"relics_obtained":["Spirit Poop"],"max_hp_gain":0,"max_hp_loss":0,"event_name":"Bonfire Elementals","floor":44,"gold_loss":0}],"is_beta":false,"boss_relics":[{"not_picked":["HoveringKite","Coffee Dripper"],"picked":"Busted Crown"},{"not_picked":["Empty Cage","Velvet Choker"],"picked":"Cursed Key"}],"items_purged_floors":[],"is_endless":false,"potions_floor_spawned":[4,6,8,14,16,21,23,27,31,37,38,42,45,48,54],"killed_by":"The Heart","ascension_level":4}