{"gold_per_floor":[113,38,113,44,63,63,13,13,39,49,81,81,81,95,95,192,192,206,206,37,57,57,57,67,67,67,95,95,113,113,127,127,232,262,280,294,12,26,26],"floor_reached":39,"playtime":1388,"items_purged":["Injury","Bite","Bite"],"score":539,"play_id":"efa648f0-6126-45ba-8835-64ba80f2ecf2","local_time":"20180627124300","is_ascension_mode":true,"campfire_choices":[{"data":"Rampage","floor":6.0,"key":"SMITH"},{"data":"Ghostly Armor","floor":8.0,"key":"SMITH"},{"floor":12.0,"key":"REST"},{"floor":15.0,"key":"REST"},{"data":"Demon Form","floor":23.0,"key":"SMITH"},{"data":"Defend_R","floor":28.0,"key":"SMITH"},{"floor":30.0,"key":"REST"},{"floor":32.0,"key":"REST"}],"neow_cost":"","seed_source_timestamp":92698950021100,"circlet_count":0,"master_deck":["Defend_R+1","Defend_R","Defend_R","Defend_R+1","Bash","Cleave","Ghostly Armor+1","Rampage+1","Evolve","Reaper","Demon Form+1","Bite","Bite","Bite","Battle Trance"],"special_seed":0,"relics":["Burning Blood","Dead Branch","Oddly Smooth Stone","Dream Catcher","Busted Crown","Molten Egg 2","Blood Vial","Tiny House","Singing Bowl"],"potions_floor_usage":[33,33,38],"damage_taken":[{"damage":9.0,"enemies":"Jaw Worm","floor":1.0,"turns":4.0},{"damage":0.0,"enemies":"Small Slimes","floor":5.0,"turns":3.0},{"damage":6.0,"enemies":"2 Louse","floor":10.0,"turns":2.0},{"damage":32.0,"enemies":"Gremlin Nob","floor":11.0,"turns":5.0},{"damage":6.0,"enemies":"Large Slime","floor":14.0,"turns":8.0},{"damage":40.0,"enemies":"Slime Boss","floor":16.0,"turns":10.0},{"damage":38.0,"enemies":"2 Thieves","floor":18.0,"turns":5.0},{"damage":29.0,"enemies":"Spheric Guardian","floor":21.0,"turns":4.0},{"damage":30.0,"enemies":"3 Cultists","floor":24.0,"turns":5.0},{"damage":33.0,"enemies":"Gremlin Leader","floor":27.0,"turns":5.0},{"damage":42.0,"enemies":"Snake Plant","floor":29.0,"turns":5.0},{"damage":22.0,"enemies":"Cultist and Chosen","floor":31.0,"turns":4.0},{"damage":96,"enemies":"Automaton","floor":33,"turns":8},{"damage":25,"enemies":"3 Shapes","floor":35,"turns":6},{"damage":36,"enemies":"3 Darklings","floor":36,"turns":5},{"damage":44,"enemies":"Sphere and 2 Shapes","floor":38,"turns":6},{"damage":26,"enemies":"Transient","floor":39,"turns":2}],"seed_played":"-9161143763868243198","potions_obtained":[{"floor":10.0,"key":"PowerPotion"},{"floor":14.0,"key":"Ancient Potion"},{"floor":24.0,"key":"GamblersBrew"},{"floor":27.0,"key":"LiquidBronze"},{"floor":34,"key":"SneckoOil"},{"floor":35,"key":"GamblersBrew"},{"floor":36,"key":"LiquidBronze"}],"is_trial":false,"path_per_floor":["M","$","?","$","M","R","?","R","T","M","E","R","?","M","R","B",null,"M","?","$","M","?","R","M","?","T","E","R","M","R","M","R","B",null,"M","M","$","M"],"character_chosen":"IRONCLAD","items_purchased":["Ghostly Armor","Battle Trance","Singing Bowl"],"campfire_rested":4,"item_purchase_floors":[],"current_hp_per_floor":[69,69,58,58,64,64,64,64,64,64,38,62,55,55,79,45,71,55,55,55,49,49,49,53,48,48,45,45,29,45,37,53,14,51,58,42,42,14,0],"gold":26,"neow_bonus":"","is_prod":false,"is_daily":false,"chose_seed":false,"campfire_upgraded":4,"win_rate":0,"timestamp":1530096180,"path_taken":["M","$","?","$","M","R","?","R","T","M","E","R","?","M","R","BOSS","M","?","$","M","?","R","M","?","T","E","R","?","R","M","R","BOSS","M","M","$","?","M"],"build_version":"2018-06-26","purchased_purges":3,"victory":false,"max_hp_per_floor":[80,80,80,80,80,80,80,80,80,80,80,80,80,80,80,80,80,80,56,56,56,56,56,56,56,56,56,56,56,56,56,56,56,61,61,61,61,63,63],"card_choices":[{"not_picked":["Body Slam","Fire Breathing"],"picked":"Cleave","floor":1.0},{"not_picked":["Seeing Red","Dropkick"],"picked":"Rampage","floor":5.0},{"not_picked":["Corruption","Iron Wave"],"picked":"Evolve","floor":10.0},{"not_picked":["Sword Boomerang","Body Slam","Rampage"],"picked":"SKIP","floor":11.0},{"not_picked":["Body Slam","Armaments"],"picked":"Reaper","floor":14.0},{"not_picked":["Fiend Fire","Bludgeon"],"picked":"Demon Form","floor":16.0},{"not_picked":["Pommel Strike"],"picked":"SKIP","floor":18.0},{"not_picked":["Iron Wave"],"picked":"SKIP","floor":21.0},{"not_picked":["Iron Wave+1"],"picked":"SKIP","floor":24.0},{"not_picked":["Burning Pact"],"picked":"SKIP","floor":27.0},{"not_picked":["Ghostly Armor"],"picked":"SKIP","floor":29.0},{"not_picked":["Brutality"],"picked":"SKIP","floor":31.0},{"not_picked":["Battle Trance"],"picked":"SKIP","floor":35},{"not_picked":["Burning Pact"],"picked":"SKIP","floor":36},{"not_picked":["Pommel Strike+1"],"picked":"Singing Bowl","floor":38}],"player_experience":329823,"relics_obtained":[{"floor":9.0,"key":"Oddly Smooth Stone"},{"floor":11.0,"key":"Dream Catcher"},{"floor":26.0,"key":"Molten Egg 2"},{"floor":27.0,"key":"Blood Vial"}],"event_choices":[{"event_name":"World of Goop","player_choice":"Gather Gold","floor":3.0,"damage_taken":0.0},{"event_name":"The Cleric","player_choice":"Card Removal","floor":7.0,"damage_taken":0.0},{"event_name":"Golden Wing","player_choice":"Card Removal","floor":13.0,"damage_taken":0.0},{"event_name":"Vampires","player_choice":"Became a vampire","floor":19.0,"damage_taken":0.0},{"event_name":"Drug Dealer","player_choice":"Ignored","floor":22.0,"damage_taken":0.0},{"event_name":"Knowing Skull","player_choice":"","floor":25.0,"damage_taken":0.0}],"boss_relics":[{"not_picked":["Fusion Hammer","Mark of Pain"],"picked":"Busted Crown"},{"not_picked":["Pandora\u0027s Box","Philosopher\u0027s Stone"],"picked":"Tiny House"}],"items_purged_floors":[],"is_endless":false,"potions_floor_spawned":[10,14,24,27,29,35,36],"killed_by":"Transient","ascension_level":7}