{"gold_per_floor":[109,59,159,169,181,207,207,31,31,31,61,37,70,88,88,187,187,200,217,234,8,21,21,32,64,144,161,93,118,118,147,147,248,248,259,259,112,112,128,255,274,274,274,274,24,50,50,78,78,78,78,78,8,39,39],"floor_reached":56,"playtime":7686,"items_purged":["Strike_B","Strike_B"],"score":1572,"play_id":"cacdadac-4e1c-49ca-bf88-85514943b029","local_time":"20190405154739","is_ascension_mode":true,"campfire_choices":[{"data":"Zap","floor":7.0,"key":"SMITH"},{"data":"Streamline","floor":10.0,"key":"SMITH"},{"data":"Defragment","floor":15.0,"key":"SMITH"},{"data":"Chill","floor":23.0,"key":"SMITH"},{"data":"Defragment","floor":30.0,"key":"SMITH"},{"floor":32.0,"key":"RECALL"},{"data":"Apotheosis","floor":42.0,"key":"SMITH"},{"data":"Echo Form","floor":44.0,"key":"SMITH"},{"data":"Double Energy","floor":47.0,"key":"SMITH"},{"data":"Blind","floor":49.0,"key":"SMITH"},{"data":"Conserve Battery","floor":52,"key":"SMITH"}],"neow_cost":"NONE","seed_source_timestamp":0,"circlet_count":0,"master_deck":["Defend_B","Defend_B","Defend_B","Zap+1","Dualcast","Conserve Battery","Sweeping Beam","Streamline+1","Capacitor","Apotheosis+1","Defragment+1","Ball Lightning","Self Repair","Biased Cognition","Genetic Algorithm","Self Repair+1","Tempest","Chill+1","Leap","Double Energy+1","Conserve Battery+1","Defragment+1","Electrodynamics","Defragment+1","Static Discharge","Forethought","Blind+1","Reinforced Body+1","Echo Form+1","Coolheaded+1","Defragment+1","Glacier"],"special_seed":0,"relics":["Cracked Core","Pocketwatch","Thread and Needle","Orichalcum","Bottled Tornado","Inserter","DataDisk","Mercury Hourglass","Boot","Bird Faced Urn","Nuclear Battery","StoneCalendar","Smiling Mask","Frozen Egg 2","OrangePellets","Omamori","Bronze Scales","Lantern"],"potions_floor_usage":[54,55],"damage_taken":[{"damage":2.0,"enemies":"Jaw Worm","floor":1.0,"turns":3.0},{"damage":2.0,"enemies":"Cultist","floor":4.0,"turns":5.0},{"damage":7.0,"enemies":"Small Slimes","floor":5.0,"turns":3.0},{"damage":27.0,"enemies":"Gremlin Nob","floor":6.0,"turns":5.0},{"damage":0.0,"enemies":"Lagavulin","floor":11.0,"turns":5.0},{"damage":0.0,"enemies":"Gremlin Nob","floor":13.0,"turns":3.0},{"damage":0.0,"enemies":"2 Fungi Beasts","floor":14.0,"turns":2.0},{"damage":16.0,"enemies":"The Guardian","floor":16.0,"turns":9.0},{"damage":15.0,"enemies":"2 Thieves","floor":18.0,"turns":3.0},{"damage":18.0,"enemies":"Spheric Guardian","floor":19.0,"turns":5.0},{"damage":2.0,"enemies":"Cultist and Chosen","floor":20.0,"turns":6.0},{"damage":18.0,"enemies":"Snake Plant","floor":22.0,"turns":4.0},{"damage":2.0,"enemies":"Sentry and Sphere","floor":24.0,"turns":5.0},{"damage":9.0,"enemies":"Gremlin Leader","floor":25.0,"turns":7.0},{"damage":0.0,"enemies":"Snecko","floor":27.0,"turns":4.0},{"damage":4.0,"enemies":"Book of Stabbing","floor":29.0,"turns":4.0},{"damage":0.0,"enemies":"Gremlin Leader","floor":31.0,"turns":6.0},{"damage":2.0,"enemies":"Champ","floor":33.0,"turns":7.0},{"damage":4.0,"enemies":"3 Shapes","floor":35.0,"turns":4.0},{"damage":0.0,"enemies":"3 Darklings","floor":39.0,"turns":4.0},{"damage":3.0,"enemies":"Mind Bloom Boss Battle","floor":40.0,"turns":7.0},{"damage":13.0,"enemies":"Giant Head","floor":41.0,"turns":7.0},{"damage":0.0,"enemies":"Nemesis","floor":46.0,"turns":5.0},{"damage":0.0,"enemies":"Giant Head","floor":48.0,"turns":7.0},{"damage":16.0,"enemies":"Awakened One","floor":50.0,"turns":10.0},{"damage":42,"enemies":"Shield and Spear","floor":54,"turns":7},{"damage":64,"enemies":"The Heart","floor":55,"turns":8}],"seed_played":"8892401203407705870","potions_obtained":[{"floor":4.0,"key":"Weak Potion"},{"floor":11.0,"key":"Explosive Potion"},{"floor":14.0,"key":"Fire Potion"},{"floor":22.0,"key":"Explosive Potion"},{"floor":24.0,"key":"FocusPotion"},{"floor":27.0,"key":"Block Potion"},{"floor":29.0,"key":"Poison Potion"},{"floor":33.0,"key":"Explosive Potion"},{"floor":35.0,"key":"Regen Potion"},{"floor":46.0,"key":"PowerPotion"}],"is_trial":false,"path_per_floor":["M","?","?","M","M","E","R","$","T","R","E","$","E","M","R","B",null,"M","M","M","$","M","R","M","E","T","M","$","E","R","E","R","B",null,"M","?","$","?","M","?","E","R","T","R","$","E","R","E","R","B",null,"R","$","E","B",null],"character_chosen":"DEFECT","items_purchased":["Apotheosis","Ball Lightning","DataDisk","Chill","Defragment","Static Discharge","OrangePellets","Defragment+1"],"campfire_rested":0,"item_purchase_floors":[8,12,21,21,28,37,45,53],"current_hp_per_floor":[73,73,73,71,64,37,37,37,37,37,37,37,37,37,37,31,75,70,59,75,75,75,75,75,73,73,75,75,75,75,75,75,75,75,75,75,75,65,75,75,75,75,75,75,75,75,75,75,75,75,75,75,75,75,50],"gold":39,"neow_bonus":"REMOVE_CARD","is_prod":false,"is_daily":false,"chose_seed":false,"campfire_upgraded":10,"win_rate":0,"timestamp":1554497259,"path_taken":["M","?","?","M","M","E","R","$","T","R","E","$","E","M","R","BOSS","M","M","M","$","M","R","M","E","T","?","$","E","R","E","R","BOSS","M","?","$","?","M","?","E","R","T","R","$","E","R","E","R","BOSS","R","$","E","BOSS"],"build_version":"2019-01-23","purchased_purges":2,"victory":true,"max_hp_per_floor":[75,75,75,75,75,75,75,75,75,75,75,75,75,75,75,75,75,75,75,75,75,75,75,75,75,75,75,75,75,75,75,75,75,75,75,75,75,75,75,75,75,75,75,75,75,75,75,75,75,75,75,75,75,75,75],"card_choices":[{"not_picked":["Rebound","Hologram"],"picked":"Conserve Battery","floor":1.0},{"not_picked":["Beam Cell","Creative AI"],"picked":"Sweeping Beam","floor":4.0},{"not_picked":["Melter","Aggregate"],"picked":"Streamline","floor":5.0},{"not_picked":["Melter","Hello World"],"picked":"Capacitor","floor":6.0},{"not_picked":["Turbo","Gash"],"picked":"Defragment","floor":11.0},{"not_picked":["Darkness","FTL","Go for the Eyes"],"picked":"SKIP","floor":13.0},{"not_picked":["Rebound","White Noise"],"picked":"Self Repair","floor":14.0},{"not_picked":["Thunder Strike","Meteor Strike"],"picked":"Biased Cognition","floor":16.0},{"not_picked":["Reinforced Body+1","Hologram"],"picked":"Genetic Algorithm","floor":18.0},{"not_picked":["FTL","Sweeping Beam+1"],"picked":"Self Repair+1","floor":19.0},{"not_picked":["Conserve Battery","Rip and Tear+1"],"picked":"Tempest","floor":20.0},{"not_picked":["Recycle","Compile Driver"],"picked":"Leap","floor":22.0},{"not_picked":["Streamline","Conserve Battery"],"picked":"Double Energy","floor":24.0},{"not_picked":["Hyperbeam","Melter","Steam"],"picked":"SKIP","floor":25.0},{"not_picked":["Steam+1","Stack"],"picked":"Conserve Battery","floor":27.0},{"not_picked":["Beam Cell+1","Gash","Capacitor+1"],"picked":"SKIP","floor":29.0},{"not_picked":["Steam+1","Heatsinks+1","Leap"],"picked":"SKIP","floor":31.0},{"not_picked":["Thunder Strike","Fission"],"picked":"Electrodynamics","floor":33.0},{"not_picked":["Coolheaded+1","Conserve Battery"],"picked":"Defragment+1","floor":35.0},{"not_picked":["Bandage Up","Purity"],"picked":"Forethought","floor":38.0},{"not_picked":["HandOfGreed","Purity"],"picked":"Blind","floor":38.0},{"not_picked":["Turbo+1","Leap"],"picked":"Reinforced Body+1","floor":39.0},{"not_picked":["Steam+1","Melter"],"picked":"Echo Form","floor":41.0},{"not_picked":["Double Energy","Turbo"],"picked":"Coolheaded+1","floor":46.0},{"not_picked":["Conserve Battery+1","Loop+1","Gash+1"],"picked":"SKIP","floor":48.0},{"not_picked":["Chaos","Rebound"],"picked":"Glacier","floor":54}],"player_experience":222989,"relics_obtained":[{"floor":6.0,"key":"Pocketwatch"},{"floor":9.0,"key":"Thread and Needle"},{"floor":11.0,"key":"Orichalcum"},{"floor":13.0,"key":"Bottled Tornado"},{"floor":25.0,"key":"Mercury Hourglass"},{"floor":29.0,"key":"Boot"},{"floor":31.0,"key":"Bird Faced Urn"},{"floor":40.0,"key":"StoneCalendar"},{"floor":40.0,"key":"Smiling Mask"},{"floor":43.0,"key":"Frozen Egg 2"},{"floor":46.0,"key":"Omamori"},{"floor":48.0,"key":"Bronze Scales"},{"floor":54,"key":"Lantern"}],"event_choices":[{"cards_removed":["Strike_B"],"damage_healed":0.0,"max_hp_gain":0.0,"max_hp_loss":0.0,"gold_gain":0.0,"event_name":"The Cleric","player_choice":"Card Removal","floor":2.0,"gold_loss":50.0,"damage_taken":0.0},{"damage_healed":0.0,"max_hp_gain":0.0,"max_hp_loss":0.0,"gold_gain":100.0,"event_name":"Golden Shrine","player_choice":"Pray","floor":3.0,"gold_loss":0.0,"damage_taken":0.0},{"cards_removed":["Defend_B"],"damage_healed":0.0,"max_hp_gain":0.0,"max_hp_loss":0.0,"gold_gain":0.0,"event_name":"Falling","player_choice":"Removed Skill","floor":36.0,"gold_loss":0.0,"damage_taken":0.0},{"damage_healed":0.0,"max_hp_gain":0.0,"max_hp_loss":0.0,"gold_gain":0.0,"event_name":"SensoryStone","player_choice":"Memory 3","floor":38.0,"gold_loss":0.0,"damage_taken":10.0},{"damage_healed":0.0,"max_hp_gain":0.0,"max_hp_loss":0.0,"gold_gain":0.0,"event_name":"MindBloom","player_choice":"Fight","floor":40.0,"gold_loss":0.0,"damage_taken":0.0}],"is_beta":false,"boss_relics":[{"not_picked":["Philosopher\u0027s Stone","Sozu"],"picked":"Inserter"},{"not_picked":["Tiny House","Orrery"],"picked":"Nuclear Battery"}],"items_purged_floors":[37,45],"is_endless":false,"potions_floor_spawned":[4,11,14,22,24,27,29,33,35,46,48],"ascension_level":4}