{"gold_per_floor":[113,127,127,127,127,127,71,105,105,117,128,128,140,55,55,133,133,149,149,159,175,147,147,177,190,217,68,68,68,87,87,87,159,159,178,178,178],"floor_reached":37,"playtime":1399,"items_purged":[],"score":774,"play_id":"95098828-562b-4cb1-bb0b-4b6079624417","local_time":"20190407220630","is_ascension_mode":true,"campfire_choices":[{"data":"Zap","floor":6.0,"key":"SMITH"},{"data":"Fission","floor":12.0,"key":"SMITH"},{"data":"Defragment","floor":15.0,"key":"SMITH"},{"floor":23.0,"key":"REST"},{"floor":29.0,"key":"REST"},{"floor":32.0,"key":"REST"}],"neow_cost":"NONE","seed_source_timestamp":23794142906106,"circlet_count":0,"master_deck":["AscendersBane","Strike_B+1","Strike_B+1","Strike_B+1","Defend_B+1","Defend_B+1","Defend_B+1","Defend_B+1","Zap+1","Dualcast","Go for the Eyes","Static Discharge","Cold Snap","Fission+1","Static Discharge","Leap","Defragment+1","Amplify","Undo","Leap","Conserve Battery","Conserve Battery+1","Fission+1","Darkness+1","Writhe","Echo Form","White Noise"],"special_seed":0,"relics":["Cracked Core","Orichalcum","Omamori","Anchor","Mummified Hand","Calling Bell","Potion Belt","Cables","Gambling Chip","Bird Faced Urn","Calipers","Inserter"],"potions_floor_usage":[33,33],"damage_taken":[{"damage":14.0,"enemies":"Small Slimes","floor":1.0,"turns":3.0},{"damage":1.0,"enemies":"2 Louse","floor":2.0,"turns":2.0},{"damage":16.0,"enemies":"Lagavulin","floor":8.0,"turns":6.0},{"damage":0.0,"enemies":"Jaw Worm","floor":10.0,"turns":3.0},{"damage":7.0,"enemies":"Lots of Slimes","floor":11.0,"turns":7.0},{"damage":0.0,"enemies":"2 Fungi Beasts","floor":13.0,"turns":3.0},{"damage":22.0,"enemies":"Hexaghost","floor":16.0,"turns":9.0},{"damage":14.0,"enemies":"Spheric Guardian","floor":18.0,"turns":4.0},{"damage":13.0,"enemies":"3 Byrds","floor":20.0,"turns":5.0},{"damage":7.0,"enemies":"Snake Plant","floor":21.0,"turns":3.0},{"damage":22.0,"enemies":"Slavers","floor":24.0,"turns":4.0},{"damage":11.0,"enemies":"Cultist and Chosen","floor":25.0,"turns":6.0},{"damage":18.0,"enemies":"Centurion and Healer","floor":30.0,"turns":17.0},{"damage":38,"enemies":"Collector","floor":33,"turns":11},{"damage":21,"enemies":"Orb Walker","floor":35,"turns":5},{"damage":0,"enemies":"3 Darklings","floor":37,"turns":2}],"seed_played":"-4476349008884115473","potions_obtained":[{"floor":1.0,"key":"Poison Potion"},{"floor":8.0,"key":"Dexterity Potion"},{"floor":11.0,"key":"SpeedPotion"},{"floor":16.0,"key":"Block Potion"},{"floor":18.0,"key":"FocusPotion"},{"floor":20.0,"key":"FocusPotion"},{"floor":21.0,"key":"Ancient Potion"},{"floor":25.0,"key":"LiquidBronze"},{"floor":33,"key":"LiquidBronze"},{"floor":35,"key":"LiquidBronze"}],"is_trial":false,"path_per_floor":["M","M","?","?","?","R","$","E","T","M","M","R","M","$","R","B",null,"M","?","M","M","$","R","E","M","T","$","?","R","M","?","R","B",null,"M","?","M"],"character_chosen":"DEFECT","items_purchased":["Cold Snap","Defragment","Leap","Fission"],"campfire_rested":3,"item_purchase_floors":[7,14,22,27],"current_hp_per_floor":[50,49,71,53,46,46,46,30,30,30,23,23,23,23,23,1,54,40,40,27,20,20,40,18,13,13,13,13,33,21,21,41,11,54,41,41,43],"gold":178,"neow_bonus":"RANDOM_COMMON_RELIC","is_prod":false,"is_daily":false,"chose_seed":false,"campfire_upgraded":3,"win_rate":0,"timestamp":1554667590,"path_taken":["M","M","?","?","?","R","$","E","T","?","M","R","M","?","R","BOSS","M","?","M","?","$","R","E","M","T","$","?","R","M","?","R","BOSS","M","?","?"],"build_version":"2019-04-04","purchased_purges":0,"victory":false,"max_hp_per_floor":[71,71,71,71,71,71,71,71,71,71,71,71,71,71,71,71,71,71,68,68,68,68,68,68,68,68,68,68,68,68,68,68,68,68,68,68,68],"card_choices":[{"not_picked":["Blizzard","Barrage"],"picked":"Go for the Eyes","floor":1.0},{"not_picked":["Compile Driver","Aggregate"],"picked":"Static Discharge","floor":2.0},{"not_picked":["Scrape","FTL"],"picked":"Fission","floor":8.0},{"not_picked":["Streamline","Compile Driver","Hello World"],"picked":"SKIP","floor":10.0},{"not_picked":["Turbo","Beam Cell"],"picked":"Static Discharge","floor":11.0},{"not_picked":["Melter","Darkness"],"picked":"Leap","floor":13.0},{"not_picked":["All For One","Buffer"],"picked":"Amplify","floor":16.0},{"not_picked":["Tempest","Lockon","Beam Cell"],"picked":"SKIP","floor":18.0},{"not_picked":["Streamline","Rebound","Chaos"],"picked":"SKIP","floor":20.0},{"not_picked":["Beam Cell","Scrape"],"picked":"Undo","floor":21.0},{"not_picked":["Tempest","Sunder"],"picked":"Conserve Battery","floor":24.0},{"not_picked":["Double Energy","Leap"],"picked":"Conserve Battery+1","floor":25.0},{"not_picked":["Streamline","Coolheaded"],"picked":"Darkness+1","floor":30.0},{"not_picked":["Buffer","Reboot"],"picked":"Echo Form","floor":33},{"not_picked":["Redo","Ball Lightning"],"picked":"White Noise","floor":35}],"player_experience":1077434,"relics_obtained":[{"floor":8.0,"key":"Anchor"},{"floor":9.0,"key":"Mummified Hand"},{"floor":17.0,"key":"Potion Belt"},{"floor":17.0,"key":"Cables"},{"floor":17.0,"key":"Gambling Chip"},{"floor":24.0,"key":"Bird Faced Urn"}],"event_choices":[{"damage_healed":23.0,"max_hp_gain":0.0,"max_hp_loss":0.0,"gold_gain":0.0,"event_name":"Big Fish","player_choice":"Banana","floor":3.0,"gold_loss":0.0,"damage_taken":0.0},{"damage_healed":0.0,"max_hp_gain":0.0,"max_hp_loss":0.0,"gold_gain":0.0,"event_name":"Scrap Ooze","player_choice":"Success","floor":4.0,"gold_loss":0.0,"damage_taken":18.0,"relics_obtained":["Omamori"]},{"cards_removed":["Strike_B"],"damage_healed":0.0,"max_hp_gain":0.0,"max_hp_loss":0.0,"gold_gain":0.0,"event_name":"Golden Wing","player_choice":"Card Removal","floor":5.0,"gold_loss":0.0,"damage_taken":7.0},{"cards_removed":["Parasite"],"damage_healed":0.0,"max_hp_gain":0.0,"max_hp_loss":0.0,"gold_gain":0.0,"event_name":"Fountain of Cleansing","player_choice":"Removed Curses","floor":19.0,"gold_loss":0.0,"damage_taken":0.0},{"damage_healed":0.0,"max_hp_gain":0.0,"max_hp_loss":0.0,"gold_gain":0.0,"event_name":"Back to Basics","player_choice":"Simplicity","floor":28.0,"gold_loss":0.0,"damage_taken":0.0,"cards_upgraded":["Strike_B","Strike_B","Strike_B","Defend_B","Defend_B","Defend_B","Defend_B"]},{"damage_healed":0.0,"max_hp_gain":0.0,"max_hp_loss":0.0,"gold_gain":0.0,"event_name":"The Mausoleum","player_choice":"Opened","floor":31.0,"gold_loss":0.0,"damage_taken":0.0,"relics_obtained":["Calipers"],"cards_obtained":["Writhe"]},{"damage_healed":0,"gold_gain":0,"player_choice":"Upgraded","damage_taken":0,"max_hp_gain":0,"max_hp_loss":0,"event_name":"Upgrade Shrine","floor":36,"gold_loss":0,"cards_upgraded":["Fission"]}],"is_beta":true,"boss_relics":[{"not_picked":["Nuclear Battery","White Beast Statue"],"picked":"Calling Bell"},{"not_picked":["Runic Dome","Orrery"],"picked":"Inserter"}],"items_purged_floors":[],"is_endless":false,"potions_floor_spawned":[1,8,11,16,18,20,21,25,33,35],"killed_by":"3 Darklings","ascension_level":20}