{"gold_per_floor":[112,112,112,131,131,161,161,180,180,35,62,62,77,77,77,174,174,159,173,185,185,29,29,29,29,29,44,60,75,75,89,89,184,184,200,215,215,232,61,61,76,76,76,76,88,104,104,26,26,26],"floor_reached":51,"playtime":4701,"items_purged":["Strike_B","Strike_B"],"score":611,"play_id":"2d40379f-533e-413c-9ca4-ed123ed2b8c3","local_time":"20190301044950","is_ascension_mode":false,"campfire_choices":[{"data":"Zap","floor":7.0,"key":"SMITH"},{"data":"Dualcast","floor":15.0,"key":"SMITH"},{"floor":23.0,"key":"REST"},{"floor":25.0,"key":"REST"},{"floor":30.0,"key":"REST"},{"data":"Echo Form","floor":32.0,"key":"SMITH"},{"data":"Defragment","floor":40,"key":"SMITH"},{"floor":42,"key":"REST"},{"data":"Static Discharge","floor":49,"key":"SMITH"}],"neow_cost":"NONE","seed_source_timestamp":36885507055627,"circlet_count":0,"master_deck":["Strike_B","Defend_B","Defend_B","Defend_B","Defend_B","Zap+1","Dualcast+1","Fission+1","Hologram","Coolheaded","Madness","Rip and Tear","Zap","Conserve Battery","Auto Shields","Hello World","Echo Form+1","Coolheaded+1","Rebound","Rainbow","Defragment+1","Leap+1","Cold Snap","Redo+1","Reinforced Body","Seek","Stack+1","Blizzard","Forethought","Biased Cognition","Capacitor+1","FTL+1","Doubt","Static Discharge+1"],"special_seed":0,"relics":["Cracked Core","Blue Candle","Kunai","Pantograph","Calipers","White Beast Statue","War Paint","Cursed Key","Pen Nib"],"potions_floor_usage":[41,41,45,45,50,50],"damage_taken":[{"damage":0.0,"enemies":"Cultist","floor":1.0,"turns":3.0},{"damage":2.0,"enemies":"2 Louse","floor":4.0,"turns":3.0},{"damage":31.0,"enemies":"Lagavulin","floor":6.0,"turns":7.0},{"damage":5.0,"enemies":"Small Slimes","floor":8.0,"turns":3.0},{"damage":22.0,"enemies":"3 Sentries","floor":11.0,"turns":8.0},{"damage":0.0,"enemies":"Red Slaver","floor":13.0,"turns":5.0},{"damage":7.0,"enemies":"The Guardian","floor":16.0,"turns":12.0},{"damage":18.0,"enemies":"2 Thieves","floor":18.0,"turns":4.0},{"damage":6.0,"enemies":"Shell Parasite","floor":19.0,"turns":7.0},{"damage":42.0,"enemies":"Chosen and Byrds","floor":20.0,"turns":8.0},{"damage":0.0,"enemies":"Centurion and Healer","floor":24.0,"turns":1.0},{"damage":16.0,"enemies":"Sentry and Sphere","floor":27.0,"turns":8.0},{"damage":19.0,"enemies":"Snake Plant","floor":28.0,"turns":5.0},{"damage":17.0,"enemies":"Centurion and Healer","floor":29.0,"turns":13.0},{"damage":6.0,"enemies":"Snecko","floor":31.0,"turns":8.0},{"damage":24.0,"enemies":"Automaton","floor":33.0,"turns":18.0},{"damage":10.0,"enemies":"3 Darklings","floor":35.0,"turns":11.0},{"damage":1.0,"enemies":"3 Shapes","floor":36.0,"turns":7.0},{"damage":22,"enemies":"Writhing Mass","floor":38,"turns":7},{"damage":14,"enemies":"Jaw Worm Horde","floor":41,"turns":6},{"damage":28,"enemies":"4 Shapes","floor":45,"turns":6},{"damage":6,"enemies":"Sphere and 2 Shapes","floor":46,"turns":6},{"damage":43,"enemies":"Time Eater","floor":50,"turns":12}],"seed_played":"-1054988085774383891","potions_obtained":[{"floor":1.0,"key":"PowerPotion"},{"floor":11.0,"key":"SkillPotion"},{"floor":18.0,"key":"Ancient Potion"},{"floor":19.0,"key":"Strength Potion"},{"floor":20.0,"key":"Strength Potion"},{"floor":21.0,"key":"SmokeBomb"},{"floor":21.0,"key":"SpeedPotion"},{"floor":27.0,"key":"Regen Potion"},{"floor":28.0,"key":"SkillPotion"},{"floor":29.0,"key":"Explosive Potion"},{"floor":31.0,"key":"Strength Potion"},{"floor":33.0,"key":"AttackPotion"},{"floor":35.0,"key":"SkillPotion"},{"floor":41,"key":"LiquidBronze"},{"floor":45,"key":"PowerPotion"},{"floor":46,"key":"EssenceOfSteel"}],"is_trial":false,"path_per_floor":["M","?","?","M","?","E","R","M","T","$","E","$","M","?","R","B",null,"M","M","M","?","$","R","M","R","T","M","M","M","R","M","R","B",null,"M","M","?","M","$","R","M","R","T","?","M","M","?","$","R","B",null],"character_chosen":"DEFECT","items_purchased":["Hello World","War Paint","Biased Cognition","Static Discharge"],"campfire_rested":4,"item_purchase_floors":[10,22,39,48],"current_hp_per_floor":[75,75,68,66,66,35,35,30,30,30,8,8,8,8,8,26,75,57,51,9,9,9,31,31,53,53,37,23,6,28,22,22,23,75,65,64,64,42,42,42,28,50,50,50,22,16,75,75,75,32],"gold":26,"neow_bonus":"ONE_RANDOM_RARE_CARD","is_prod":false,"is_daily":false,"chose_seed":false,"campfire_upgraded":5,"win_rate":0,"timestamp":1551386990,"path_taken":["M","?","?","M","?","E","R","?","T","$","E","?","M","?","R","BOSS","M","M","M","?","$","R","M","R","T","M","M","?","R","M","R","BOSS","M","M","?","M","$","R","M","R","T","?","M","?","?","$","R","BOSS"],"build_version":"2019-01-23","purchased_purges":2,"victory":true,"max_hp_per_floor":[75,75,75,75,75,75,75,75,75,75,75,75,75,75,75,75,75,75,75,75,75,75,75,75,75,75,75,75,75,75,75,75,75,75,75,75,75,75,75,75,75,75,75,75,75,75,75,75,75,75],"card_choices":[{"not_picked":["Double Energy","Streamline"],"picked":"Hologram","floor":1.0},{"not_picked":["Stack","Beam Cell"],"picked":"Coolheaded","floor":4.0},{"not_picked":["Skim","Turbo"],"picked":"Conserve Battery","floor":6.0},{"not_picked":["Rebound","Steam"],"picked":"Auto Shields","floor":8.0},{"not_picked":["Undo","Rebound"],"picked":"Echo Form","floor":11.0},{"not_picked":["Stack","Auto Shields"],"picked":"Coolheaded","floor":13.0},{"not_picked":["Thunder Strike","Fission"],"picked":"Rainbow","floor":16.0},{"not_picked":["Stack","Sweeping Beam"],"picked":"Defragment","floor":18.0},{"not_picked":["Chill","Barrage","Rebound+1"],"picked":"SKIP","floor":19.0},{"not_picked":["Auto Shields","White Noise+1"],"picked":"Leap+1","floor":20.0},{"not_picked":["Lockon","BootSequence"],"picked":"Cold Snap","floor":27.0},{"not_picked":["Rebound+1","Recycle","Conserve Battery"],"picked":"SKIP","floor":28.0},{"not_picked":["Turbo","Amplify"],"picked":"Redo+1","floor":29.0},{"not_picked":["Double Energy","Barrage"],"picked":"Reinforced Body","floor":31.0},{"not_picked":["Buffer","Reboot"],"picked":"Seek","floor":33.0},{"not_picked":["Tempest+1","Beam Cell"],"picked":"Stack+1","floor":35.0},{"not_picked":["Coolheaded+1","Stack+1"],"picked":"Blizzard","floor":36.0},{"not_picked":["Madness","The Bomb"],"picked":"Forethought","floor":37.0},{"not_picked":["Conserve Battery","Streamline+1","Rebound+1"],"picked":"SKIP","floor":38},{"not_picked":["Conserve Battery+1","Aggregate"],"picked":"Capacitor+1","floor":41},{"not_picked":["Stack","Redo"],"picked":"FTL+1","floor":45},{"not_picked":["Hello World","Gash","Hyperbeam"],"picked":"SKIP","floor":46}],"player_experience":106515,"relics_obtained":[{"floor":6.0,"key":"Kunai"},{"floor":9.0,"key":"Pantograph"},{"floor":11.0,"key":"Calipers"},{"floor":43,"key":"Pen Nib"}],"event_choices":[{"damage_healed":0.0,"max_hp_gain":0.0,"max_hp_loss":0.0,"gold_gain":0.0,"event_name":"Big Fish","player_choice":"Box","floor":2.0,"gold_loss":0.0,"damage_taken":0.0,"relics_obtained":["Blue Candle"],"cards_obtained":["Regret"]},{"cards_removed":["Regret"],"damage_healed":0.0,"max_hp_gain":0.0,"max_hp_loss":0.0,"gold_gain":0.0,"event_name":"Golden Wing","player_choice":"Card Removal","floor":3.0,"gold_loss":0.0,"damage_taken":7.0},{"damage_healed":0.0,"max_hp_gain":0.0,"max_hp_loss":0.0,"gold_gain":0.0,"event_name":"Match and Keep!","player_choice":"3 cards matched","floor":5.0,"gold_loss":0.0,"damage_taken":0.0,"cards_obtained":["Madness","Rip and Tear","Zap"]},{"damage_healed":0.0,"max_hp_gain":0.0,"max_hp_loss":0.0,"gold_gain":0.0,"cards_transformed":["Strike_B"],"event_name":"Living Wall","player_choice":"Change","floor":14.0,"gold_loss":0.0,"damage_taken":0.0,"cards_obtained":["Rebound"]},{"damage_healed":0.0,"max_hp_gain":0.0,"max_hp_loss":0.0,"gold_gain":0.0,"event_name":"Lab","player_choice":"Got Potions","floor":21.0,"gold_loss":0.0,"damage_taken":0.0},{"damage_healed":0.0,"max_hp_gain":0.0,"max_hp_loss":0.0,"gold_gain":0.0,"event_name":"SensoryStone","player_choice":"Memory 1","floor":37.0,"gold_loss":0.0,"damage_taken":0.0},{"cards_removed":["Shame"],"damage_healed":0,"gold_gain":0,"player_choice":"Removed Curses","damage_taken":0,"max_hp_gain":0,"max_hp_loss":0,"event_name":"Fountain of Cleansing","floor":44,"gold_loss":0},{"damage_healed":59,"gold_gain":0,"player_choice":"Heal","damage_taken":0,"max_hp_gain":0,"max_hp_loss":0,"event_name":"MindBloom","floor":47,"gold_loss":0,"cards_obtained":["Doubt"]}],"is_beta":false,"boss_relics":[{"not_picked":["Runic Pyramid","Runic Dome"],"picked":"White Beast Statue"},{"not_picked":["Philosopher\u0027s Stone","Black Star"],"picked":"Cursed Key"}],"items_purged_floors":[10,39],"is_endless":false,"potions_floor_spawned":[1,11,18,19,20,24,27,28,29,31,33,35,36,38,41,45,46],"ascension_level":0}