{"gold_per_floor":[115,190,160,170,190,222,222,222,222,238,238,248,265,24,24,126,126,139,139,139,158,158,188,203,3,3,17,17],"floor_reached":28,"playtime":1463,"items_purged":[],"score":312,"play_id":"2b460fe8-a9ff-48c0-b54a-e29f0c1b5be0","local_time":"20181209172218","is_ascension_mode":true,"campfire_choices":[{"data":"Zap","floor":7,"key":"SMITH"},{"floor":15,"key":"REST"}],"neow_cost":"NONE","seed_source_timestamp":578991912113571,"circlet_count":0,"master_deck":["Zap+1","Dualcast","Coolheaded","Leap","Rebound","BootSequence","Ball Lightning","Beam Cell","Demon Form","Rebound","Compile Driver","Gash","Sunder","Leap","Beam Cell","Genetic Algorithm","Dagger Throw","Chill","Good Instincts","Reinforced Body","Body Slam","Disarm","Backstab"],"relics":["Cracked Core","NeowsBlessing","Bottled Flame","Gremlin Horn","PrismaticShard","Pandora\u0027s Box","Mercury Hourglass","Strawberry","Juzu Bracelet"],"potions_floor_usage":[6,18,23,23,23,23,27,28,28],"damage_taken":[{"damage":0,"enemies":"Jaw Worm","floor":1,"turns":1},{"damage":0,"enemies":"Cultist","floor":4,"turns":1},{"damage":0,"enemies":"Small Slimes","floor":5,"turns":1},{"damage":35,"enemies":"Lagavulin","floor":6,"turns":6},{"damage":0,"enemies":"Blue Slaver","floor":10,"turns":3},{"damage":0,"enemies":"Exordium Thugs","floor":12,"turns":4},{"damage":3,"enemies":"Large Slime","floor":13,"turns":5},{"damage":17,"enemies":"The Guardian","floor":16,"turns":14},{"damage":12,"enemies":"2 Thieves","floor":18,"turns":3},{"damage":9,"enemies":"Spheric Guardian","floor":21,"turns":3},{"damage":16,"enemies":"Slavers","floor":23,"turns":4},{"damage":22,"enemies":"Snake Plant","floor":24,"turns":3},{"damage":9,"enemies":"Centurion and Healer","floor":27,"turns":4},{"damage":17,"enemies":"Chosen and Byrds","floor":28,"turns":4}],"seed_played":"9205211905675513100","potions_obtained":[{"floor":3,"key":"Fire Potion"},{"floor":3,"key":"Dexterity Potion"},{"floor":10,"key":"Block Potion"},{"floor":12,"key":"SpeedPotion"},{"floor":18,"key":"Energy Potion"},{"floor":21,"key":"EntropicBrew"}],"is_trial":false,"path_per_floor":["M","?","?","M","M","E","R","?","T","M","?","M","M","$","R","B",null,"M","?","?","M","?","E","M","$","T","M","M"],"character_chosen":"DEFECT","items_purchased":["PrismaticShard","AttackPotion","Juzu Bracelet","AttackPotion"],"campfire_rested":1,"item_purchase_floors":[14,14,25,25],"current_hp_per_floor":[68,57,57,57,57,22,22,7,7,7,32,32,29,29,51,34,65,53,53,53,44,44,35,13,13,13,4,0],"gold":17,"neow_bonus":"THREE_ENEMY_KILL","is_prod":false,"is_daily":false,"chose_seed":false,"campfire_upgraded":1,"win_rate":0,"timestamp":1544394138,"path_taken":["M","?","?","M","?","E","R","?","T","M","?","M","M","?","R","BOSS","M","?","?","M","?","E","?","?","T","M","M"],"build_version":"2018-12-06","purchased_purges":0,"victory":false,"max_hp_per_floor":[75,75,75,75,75,75,75,75,75,75,75,75,75,75,75,75,75,75,75,75,75,75,82,82,82,82,82,82],"card_choices":[{"not_picked":["Barrage","Doom and Gloom"],"picked":"Coolheaded","floor":1},{"not_picked":["Hello World","Go for the Eyes"],"picked":"Leap","floor":4},{"not_picked":["Rip and Tear","Doom and Gloom"],"picked":"Rebound","floor":5},{"not_picked":["Barrage","Reprogram"],"picked":"BootSequence","floor":6},{"not_picked":["BootSequence","Consume"],"picked":"Ball Lightning","floor":10},{"not_picked":["Gash","Coolheaded"],"picked":"Beam Cell","floor":12},{"not_picked":["Fusion","Beam Cell","Sweeping Beam"],"picked":"SKIP","floor":13},{"not_picked":["Offering","Bullet Time"],"picked":"Demon Form","floor":16},{"not_picked":["Reflex+1","BootSequence"],"picked":"Dagger Throw","floor":18},{"not_picked":["Clash","Swift Strike"],"picked":"Chill","floor":21},{"not_picked":["Well Laid Plans","Fire Breathing"],"picked":"Body Slam","floor":23},{"not_picked":["Iron Wave","Auto Shields"],"picked":"Disarm","floor":24},{"not_picked":["Twin Strike","Dagger Spray+1"],"picked":"Backstab","floor":27}],"player_experience":190791,"relics_obtained":[{"floor":6,"key":"Bottled Flame"},{"floor":9,"key":"Gremlin Horn"},{"floor":23,"key":"Strawberry"}],"event_choices":[{"damage_healed":0,"gold_gain":75,"player_choice":"Gather Gold","damage_taken":11,"max_hp_gain":0,"max_hp_loss":0,"event_name":"World of Goop","floor":2,"gold_loss":0},{"damage_healed":0,"gold_gain":0,"player_choice":"Bought 2 Potions","damage_taken":0,"max_hp_gain":0,"max_hp_loss":0,"event_name":"The Woman in Blue","floor":3,"gold_loss":0},{"damage_healed":0,"gold_gain":0,"player_choice":"Entered Light","damage_taken":15,"max_hp_gain":0,"max_hp_loss":0,"event_name":"Shining Light","floor":8,"gold_loss":0,"cards_upgraded":["Strike_B","Defend_B"]},{"damage_healed":25,"gold_gain":0,"player_choice":"Banana","damage_taken":0,"max_hp_gain":0,"max_hp_loss":0,"event_name":"Big Fish","floor":11,"gold_loss":0},{"cards_removed":["Reprogram"],"damage_healed":0,"gold_gain":0,"player_choice":"Elegance","damage_taken":0,"max_hp_gain":0,"max_hp_loss":0,"event_name":"Back to Basics","floor":19,"gold_loss":0},{"damage_healed":0,"gold_gain":0,"player_choice":"Opened","damage_taken":0,"relics_obtained":["Mercury Hourglass"],"max_hp_gain":0,"max_hp_loss":0,"event_name":"The Mausoleum","floor":20,"gold_loss":0},{"damage_healed":0,"gold_gain":0,"player_choice":"2 cards matched","damage_taken":0,"max_hp_gain":0,"max_hp_loss":0,"event_name":"Match and Keep!","floor":22,"gold_loss":0,"cards_obtained":["Good Instincts","Reinforced Body"]}],"is_beta":false,"boss_relics":[{"not_picked":["White Beast Statue","Empty Cage"],"picked":"Pandora\u0027s Box"}],"items_purged_floors":[],"is_endless":false,"potions_floor_spawned":[10,12,13,18,21],"killed_by":"Chosen and Byrds","ascension_level":6}