{"gold_per_floor":[117,137,157,173,192,221,221,241,294,329,329,346,376,376,376,452,452,462,491,491,506,233,264,264,283,308,308,308,338,338,355,355,355],"floor_reached":33,"playtime":1916,"items_purged":["Strike_B"],"score":639,"play_id":"73d6a744-e237-457a-8261-da345dc404b2","local_time":"20190515161247","is_ascension_mode":true,"campfire_choices":[{"data":"Zap","floor":7.0,"key":"SMITH"},{"floor":11.0,"key":"REST"},{"floor":15.0,"key":"REST"},{"floor":28,"key":"REST"},{"floor":30,"key":"REST"},{"data":"Loop","floor":32,"key":"SMITH"}],"neow_cost":"NONE","seed_source_timestamp":90823510937496,"circlet_count":0,"master_deck":["AscendersBane","Defend_B+1","Defend_B","Defend_B+1","Defend_B","Zap+1","Dualcast+1","FTL","Sweeping Beam","Rainbow","Machine Learning","Rebound","Conserve Battery+1","Ball Lightning","Cold Snap","Electrodynamics","FTL","Loop+1","Ball Lightning","All For One","Doom and Gloom","Capacitor","Coolheaded","Reinforced Body","Bite","Bite","Bite","Bite","Bite","Loop","Double Energy+1"],"special_seed":0,"relics":["Cracked Core","PreservedInsect","War Paint","Dodecahedron","Black Star","Red Mask","Oddly Smooth Stone","Letter Opener","Question Card","Smiling Mask","Toxic Egg 2","Pocketwatch"],"potions_floor_usage":[23,23,33,33],"damage_taken":[{"damage":10.0,"enemies":"Small Slimes","floor":1.0,"turns":3.0},{"damage":7.0,"enemies":"Jaw Worm","floor":2.0,"turns":3.0},{"damage":1.0,"enemies":"Cultist","floor":3.0,"turns":3.0},{"damage":3.0,"enemies":"Blue Slaver","floor":4.0,"turns":3.0},{"damage":7.0,"enemies":"Looter","floor":5.0,"turns":3.0},{"damage":10.0,"enemies":"3 Sentries","floor":6.0,"turns":6.0},{"damage":15.0,"enemies":"2 Fungi Beasts","floor":8.0,"turns":3.0},{"damage":9.0,"enemies":"Gremlin Nob","floor":10.0,"turns":3.0},{"damage":0.0,"enemies":"Large Slime","floor":12.0,"turns":4.0},{"damage":11.0,"enemies":"Lagavulin","floor":13.0,"turns":4.0},{"damage":25.0,"enemies":"Slime Boss","floor":16.0,"turns":9.0},{"damage":17.0,"enemies":"3 Byrds","floor":18.0,"turns":4.0},{"damage":8.0,"enemies":"Masked Bandits","floor":19.0,"turns":2.0},{"damage":2.0,"enemies":"Chosen","floor":21.0,"turns":3.0},{"damage":31,"enemies":"Slavers","floor":23,"turns":4},{"damage":10,"enemies":"Snecko","floor":25,"turns":5},{"damage":12,"enemies":"Gremlin Leader","floor":29,"turns":5},{"damage":7,"enemies":"3 Cultists","floor":31,"turns":3},{"damage":67,"enemies":"Automaton","floor":33,"turns":6}],"seed_played":"8600240587969893458","potions_obtained":[{"floor":2.0,"key":"FocusPotion"},{"floor":3.0,"key":"Ancient Potion"},{"floor":5.0,"key":"Strength Potion"},{"floor":10.0,"key":"Energy Potion"},{"floor":12.0,"key":"SpeedPotion"},{"floor":16.0,"key":"FocusPotion"},{"floor":19.0,"key":"Poison Potion"},{"floor":29,"key":"SpeedPotion"},{"floor":31,"key":"LiquidBronze"}],"is_trial":false,"path_per_floor":["M","M","M","M","M","E","R","M","T","E","R","M","E","?","R","B",null,"M","?","?","M","$","E","T","M","T","?","R","E","R","M","R","B"],"character_chosen":"DEFECT","items_purchased":["Capacitor","Weak Potion","Coolheaded"],"campfire_rested":4,"item_purchase_floors":[22,22,22],"current_hp_per_floor":[61,54,53,50,43,33,33,18,18,11,34,36,27,4,27,4,60,45,39,39,39,39,10,10,2,2,2,25,23,46,47,47,0],"gold":355,"neow_bonus":"TEN_PERCENT_HP_BONUS","is_prod":false,"is_daily":false,"chose_seed":false,"campfire_upgraded":2,"win_rate":0,"timestamp":1557951167,"path_taken":["M","M","M","M","M","E","R","M","T","E","R","M","E","?","R","BOSS","M","?","?","M","$","E","?","M","T","?","R","E","R","M","R","BOSS"],"build_version":"2019-01-23","purchased_purges":1,"victory":false,"max_hp_per_floor":[78,78,78,78,78,78,78,78,78,78,78,78,78,78,78,78,78,78,78,78,78,78,78,78,78,78,78,78,78,78,78,78,78],"card_choices":[{"not_picked":["Hologram","Gash","Streamline"],"picked":"SKIP","floor":1.0},{"not_picked":["Hologram","Stack","Aggregate"],"picked":"SKIP","floor":2.0},{"not_picked":["Lockon","Blizzard"],"picked":"FTL","floor":3.0},{"not_picked":["Steam Power","Turbo"],"picked":"Sweeping Beam","floor":4.0},{"not_picked":["Heatsinks","BootSequence"],"picked":"Rainbow","floor":5.0},{"not_picked":["Static Discharge","Rebound"],"picked":"Machine Learning","floor":6.0},{"not_picked":["Go for the Eyes","Turbo"],"picked":"Rebound","floor":8.0},{"not_picked":["Sweeping Beam","Gash"],"picked":"Conserve Battery","floor":10.0},{"not_picked":["Redo","Steam"],"picked":"Ball Lightning","floor":12.0},{"not_picked":["Streamline","Multi-Cast"],"picked":"Cold Snap","floor":13.0},{"not_picked":["Thunder Strike","Biased Cognition"],"picked":"Electrodynamics","floor":16.0},{"not_picked":["Rebound","Cold Snap"],"picked":"FTL","floor":18.0},{"not_picked":["Redo","Doom and Gloom"],"picked":"Loop","floor":19.0},{"not_picked":["Barrage","Recycle"],"picked":"Doom and Gloom","floor":21.0},{"not_picked":["White Noise","Turbo","Cold Snap"],"picked":"SKIP","floor":23},{"not_picked":["Streamline","Chaos","Darkness"],"picked":"Reinforced Body","floor":25},{"not_picked":["Rebound","Compile Driver","Go for the Eyes"],"picked":"Loop","floor":29},{"not_picked":["Darkness+1","Beam Cell","Sunder"],"picked":"Double Energy+1","floor":31}],"player_experience":651310,"relics_obtained":[{"floor":6.0,"key":"PreservedInsect"},{"floor":9.0,"key":"Blood Vial"},{"floor":10.0,"key":"War Paint"},{"floor":13.0,"key":"Dodecahedron"},{"floor":19.0,"key":"Red Mask"},{"floor":23,"key":"Oddly Smooth Stone"},{"floor":23,"key":"Letter Opener"},{"floor":24,"key":"Question Card"},{"floor":26,"key":"Smiling Mask"},{"floor":29,"key":"Toxic Egg 2"},{"floor":29,"key":"Pocketwatch"}],"event_choices":[{"damage_healed":0.0,"max_hp_gain":0.0,"max_hp_loss":0.0,"gold_gain":0.0,"event_name":"Shining Light","player_choice":"Entered Light","floor":14.0,"gold_loss":0.0,"damage_taken":23.0,"cards_upgraded":["Defend_B","Conserve Battery"]},{"damage_healed":0.0,"max_hp_gain":0.0,"max_hp_loss":0.0,"gold_gain":0.0,"event_name":"Masked Bandits","player_choice":"Fought Bandits","floor":19.0,"gold_loss":0.0,"damage_taken":0.0},{"damage_healed":0.0,"max_hp_gain":0.0,"max_hp_loss":0.0,"gold_gain":0.0,"cards_transformed":["Strike_B","Strike_B"],"event_name":"Drug Dealer","player_choice":"Became Test Subject","floor":20.0,"gold_loss":0.0,"damage_taken":0.0,"cards_obtained":["Ball Lightning","All For One"]},{"damage_healed":0,"gold_gain":0,"player_choice":"Became a vampire (Vial)","damage_taken":0,"max_hp_gain":0,"max_hp_loss":0,"event_name":"Vampires","floor":27,"relics_lost":["Blood Vial"],"gold_loss":0,"cards_obtained":["Bite","Bite","Bite","Bite","Bite"]}],"is_beta":false,"boss_relics":[{"not_picked":["Runic Pyramid","Cursed Key"],"picked":"Black Star"}],"items_purged_floors":[22],"is_endless":false,"potions_floor_spawned":[2,3,5,10,12,16,19,29,31],"killed_by":"Automaton","ascension_level":20}