{"gold_per_floor":[114,39,39,55,66,66,130,130,156,166,196,196,196,229,229,306,306,321,336,336],"floor_reached":20,"playtime":820,"items_purged":[],"score":384,"play_id":"a98e3674-058c-472f-9c8f-8178a59035f9","local_time":"20190526155234","is_ascension_mode":true,"campfire_choices":[{"data":"Sweeping Beam","floor":6.0,"key":"SMITH"},{"data":"Consume","floor":8.0,"key":"SMITH"},{"floor":13.0,"key":"REST"},{"floor":15.0,"key":"REST"}],"neow_cost":"NONE","seed_source_timestamp":512020999774155,"circlet_count":0,"master_deck":["AscendersBane","Strike_B+1","Strike_B","Strike_B+1","Defend_B","Defend_B","Defend_B","Defend_B","Zap+1","Dualcast","Sweeping Beam+1","Consume+1","Go for the Eyes","Ball Lightning","Cold Snap","Creative AI","FTL"],"special_seed":0,"relics":["Cracked Core","Tiny Chest","Juzu Bracelet","StoneCalendar","Whetstone","Sozu"],"potions_floor_usage":[18],"damage_taken":[{"damage":3.0,"enemies":"2 Louse","floor":1.0,"turns":2.0},{"damage":0.0,"enemies":"Small Slimes","floor":4.0,"turns":2.0},{"damage":2.0,"enemies":"Cultist","floor":5.0,"turns":4.0},{"damage":20.0,"enemies":"Lagavulin","floor":7.0,"turns":6.0},{"damage":4.0,"enemies":"3 Louse","floor":10.0,"turns":3.0},{"damage":14.0,"enemies":"3 Sentries","floor":11.0,"turns":6.0},{"damage":12.0,"enemies":"Gremlin Nob","floor":14.0,"turns":5.0},{"damage":33.0,"enemies":"Slime Boss","floor":16.0,"turns":7.0},{"damage":17,"enemies":"2 Thieves","floor":18,"turns":4},{"damage":16,"enemies":"Shell Parasite","floor":19,"turns":4},{"damage":26,"enemies":"Colosseum Slavers","floor":20,"turns":2}],"seed_played":"8213968717386681799","potions_obtained":[{"floor":1.0,"key":"Fire Potion"},{"floor":3.0,"key":"Ancient Potion"},{"floor":7.0,"key":"SkillPotion"},{"floor":10.0,"key":"FocusPotion"},{"floor":16.0,"key":"Block Potion"}],"is_trial":false,"path_per_floor":["M","?","?","M","M","R","E","R","T","M","E","?","R","E","R","B",null,"M","M","?"],"character_chosen":"DEFECT","items_purchased":[],"campfire_rested":2,"item_purchase_floors":[],"current_hp_per_floor":[61,61,61,61,59,59,39,39,39,35,21,21,42,30,51,18,58,41,25,0],"gold":336,"neow_bonus":"UPGRADE_CARD","is_prod":false,"is_daily":false,"chose_seed":false,"campfire_upgraded":2,"win_rate":0,"timestamp":1558900354,"path_taken":["M","?","?","M","M","R","E","R","T","M","E","?","R","E","R","BOSS","M","M","?"],"build_version":"2019-01-23","purchased_purges":0,"victory":false,"max_hp_per_floor":[71,71,71,71,71,71,71,71,71,71,71,71,71,71,71,71,71,71,71,71],"card_choices":[{"not_picked":["Undo","Conserve Battery"],"picked":"Sweeping Beam","floor":1.0},{"not_picked":["Heatsinks","Scrape"],"picked":"Consume","floor":4.0},{"not_picked":["Rebound","Leap"],"picked":"Go for the Eyes","floor":5.0},{"not_picked":["Reboot","Rip and Tear"],"picked":"Ball Lightning","floor":7.0},{"not_picked":["Hologram","Darkness"],"picked":"Cold Snap","floor":10.0},{"not_picked":["Rip and Tear","Streamline","Chaos"],"picked":"SKIP","floor":11.0},{"not_picked":["Creative AI","Ball Lightning","Redo"],"picked":"SKIP","floor":14.0},{"not_picked":["Hyperbeam","Meteor Strike"],"picked":"Creative AI","floor":16.0},{"not_picked":["Sweeping Beam","Redo"],"picked":"FTL","floor":18},{"not_picked":["Rebound","Ball Lightning","Steam Power"],"picked":"SKIP","floor":19}],"player_experience":821221,"relics_obtained":[{"floor":7.0,"key":"Tiny Chest"},{"floor":9.0,"key":"Juzu Bracelet"},{"floor":11.0,"key":"StoneCalendar"},{"floor":14.0,"key":"Whetstone"}],"event_choices":[{"cards_removed":["Strike_B"],"damage_healed":0.0,"max_hp_gain":0.0,"max_hp_loss":0.0,"gold_gain":0.0,"event_name":"The Cleric","player_choice":"Card Removal","floor":2.0,"gold_loss":75.0,"damage_taken":0.0},{"damage_healed":0.0,"max_hp_gain":0.0,"max_hp_loss":0.0,"gold_gain":0.0,"event_name":"Lab","player_choice":"Got Potions","floor":3.0,"gold_loss":0.0,"damage_taken":0.0},{"damage_healed":0.0,"max_hp_gain":0.0,"max_hp_loss":0.0,"gold_gain":0.0,"event_name":"Dead Adventurer","player_choice":"Searched \u00271\u0027 times","floor":12.0,"gold_loss":0.0,"damage_taken":0.0},{"damage_healed":0,"gold_gain":0,"player_choice":"Fight","damage_taken":0,"max_hp_gain":0,"max_hp_loss":0,"event_name":"Colosseum","floor":20,"gold_loss":0}],"is_beta":false,"boss_relics":[{"not_picked":["Astrolabe","Pandora\u0027s Box"],"picked":"Sozu"}],"items_purged_floors":[],"is_endless":false,"potions_floor_spawned":[1,7,10,16,18],"killed_by":"Colosseum Slavers","ascension_level":20}