{"gold_per_floor":[368,84,103,115,115,115,140,140,140,140,140,161,82,132,132,221,221,235,248,148,148,148,183,183,221,247,162,183,183,198,64,64,64],"floor_reached":33,"playtime":1727,"items_purged":["Injury","Strike_B"],"score":562,"play_id":"134fac1d-a034-4e33-9648-e816a7994beb","local_time":"20190522213135","is_ascension_mode":true,"campfire_choices":[{"data":"Sunder","floor":6.0,"key":"SMITH"},{"data":"Zap","floor":8.0,"key":"SMITH"},{"data":"Static Discharge","floor":11.0,"key":"SMITH"},{"data":"Reinforced Body","floor":15.0,"key":"SMITH"},{"floor":24.0,"key":"REST"},{"floor":29,"key":"REST"},{"floor":32,"key":"REST"}],"neow_cost":"CURSE","seed_source_timestamp":185846498806266,"circlet_count":0,"master_deck":["AscendersBane","Strike_B+1","Strike_B+1","Defend_B+1","Defend_B+1","Defend_B+1","Defend_B+1","Zap+1","Dualcast","Reinforced Body+1","Static Discharge+1","Sweeping Beam+1","Sunder+1","Echo Form","Capacitor","FTL+1","Rainbow","Self Repair","Cold Snap","Steam","Go for the Eyes","Glacier"],"special_seed":0,"relics":["Cracked Core","Orichalcum","Emotion Chip","Turnip","Golden Idol","Inserter","Whetstone","Nunchaku","Happy Flower","Singing Bowl"],"potions_floor_usage":[25,33,33],"damage_taken":[{"damage":1.0,"enemies":"Cultist","floor":1.0,"turns":3.0},{"damage":9.0,"enemies":"2 Louse","floor":3.0,"turns":3.0},{"damage":0.0,"enemies":"Jaw Worm","floor":4.0,"turns":3.0},{"damage":8.0,"enemies":"3 Sentries","floor":7.0,"turns":5.0},{"damage":1.0,"enemies":"Looter","floor":12.0,"turns":4.0},{"damage":16.0,"enemies":"Slime Boss","floor":16.0,"turns":8.0},{"damage":17.0,"enemies":"2 Thieves","floor":18.0,"turns":3.0},{"damage":0.0,"enemies":"Chosen","floor":19.0,"turns":3.0},{"damage":23.0,"enemies":"Colosseum Slavers","floor":21.0,"turns":7.0},{"damage":27.0,"enemies":"Gremlin Leader","floor":23.0,"turns":8.0},{"damage":32,"enemies":"Slavers","floor":25,"turns":5},{"damage":7,"enemies":"Snecko","floor":28,"turns":6},{"damage":18,"enemies":"Shelled Parasite and Fungi","floor":30,"turns":4},{"damage":41,"enemies":"Collector","floor":33,"turns":9}],"seed_played":"3263022495772841482","potions_obtained":[{"floor":3.0,"key":"Weak Potion"},{"floor":4.0,"key":"Dexterity Potion"},{"floor":16.0,"key":"AttackPotion"},{"floor":19.0,"key":"Fruit Juice"},{"floor":23.0,"key":"AttackPotion"},{"floor":30,"key":"Block Potion"}],"is_trial":false,"path_per_floor":["M","$","M","M","?","R","E","R","T","?","R","M","$","?","R","B",null,"M","M","$","?","?","E","R","E","T","?","M","R","M","$","R","B"],"character_chosen":"DEFECT","items_purchased":["Orichalcum","Static Discharge","FTL","Glacier","Weak Potion"],"campfire_rested":3,"item_purchase_floors":[2,2,13,31,31],"current_hp_per_floor":[63,63,54,54,47,47,39,39,39,39,39,38,38,38,38,22,54,37,42,42,33,33,20,40,15,15,15,10,31,15,15,36,0],"gold":64,"neow_bonus":"TWO_FIFTY_GOLD","is_prod":false,"is_daily":false,"chose_seed":false,"campfire_upgraded":4,"win_rate":0,"timestamp":1558575095,"path_taken":["M","$","M","M","?","R","E","R","T","?","R","M","$","?","R","BOSS","M","?","$","?","?","E","R","E","T","?","M","R","?","?","R","BOSS"],"build_version":"2019-01-23","purchased_purges":2,"victory":false,"max_hp_per_floor":[71,71,71,71,71,71,71,71,71,64,64,64,64,64,64,64,64,64,69,69,69,69,69,69,69,69,69,71,71,73,73,73,73],"card_choices":[{"not_picked":["Conserve Battery","Steam"],"picked":"Reinforced Body","floor":1.0},{"not_picked":["Fusion","Blizzard"],"picked":"Sweeping Beam","floor":3.0},{"not_picked":["Steam","White Noise"],"picked":"Sunder","floor":4.0},{"not_picked":["Stack","Cold Snap"],"picked":"Echo Form","floor":7.0},{"not_picked":["Steam","Go for the Eyes"],"picked":"Capacitor","floor":12.0},{"not_picked":["Creative AI","All For One"],"picked":"Rainbow","floor":16.0},{"not_picked":["Sweeping Beam+1","Undo"],"picked":"Self Repair","floor":18.0},{"not_picked":["Self Repair","Compile Driver"],"picked":"Cold Snap","floor":19.0},{"not_picked":["Sunder","Chaos"],"picked":"Steam","floor":23.0},{"not_picked":["Amplify","Self Repair"],"picked":"Go for the Eyes","floor":25},{"not_picked":["Recycle","Heatsinks","Static Discharge"],"picked":"Singing Bowl","floor":28},{"not_picked":["Go for the Eyes","Ball Lightning","Auto Shields"],"picked":"Singing Bowl","floor":30}],"player_experience":747245,"relics_obtained":[{"floor":7.0,"key":"Emotion Chip"},{"floor":9.0,"key":"Turnip"},{"floor":23.0,"key":"Whetstone"},{"floor":25,"key":"Nunchaku"},{"floor":26,"key":"Happy Flower"}],"event_choices":[{"cards_removed":["Strike_B"],"damage_healed":0.0,"max_hp_gain":0.0,"max_hp_loss":0.0,"gold_gain":0.0,"event_name":"Golden Wing","player_choice":"Card Removal","floor":5.0,"gold_loss":0.0,"damage_taken":7.0},{"damage_healed":0.0,"max_hp_gain":0.0,"max_hp_loss":7.0,"gold_gain":0.0,"event_name":"Golden Idol","player_choice":"Lose Max HP","floor":10.0,"gold_loss":0.0,"damage_taken":0.0,"relics_obtained":["Golden Idol"]},{"damage_healed":0.0,"max_hp_gain":0.0,"max_hp_loss":0.0,"gold_gain":50.0,"event_name":"Golden Shrine","player_choice":"Pray","floor":14.0,"gold_loss":0.0,"damage_taken":0.0},{"damage_healed":0.0,"max_hp_gain":0.0,"max_hp_loss":0.0,"gold_gain":0.0,"event_name":"Colosseum","player_choice":"Fight","floor":21.0,"gold_loss":0.0,"damage_taken":0.0},{"damage_healed":0.0,"max_hp_gain":0.0,"max_hp_loss":0.0,"gold_gain":0.0,"event_name":"Colosseum","player_choice":"Fled From Nobs","floor":21.0,"gold_loss":0.0,"damage_taken":0.0},{"damage_healed":0.0,"max_hp_gain":0.0,"max_hp_loss":0.0,"gold_gain":0.0,"event_name":"Back to Basics","player_choice":"Simplicity","floor":22.0,"gold_loss":0.0,"damage_taken":0.0,"cards_upgraded":["Strike_B","Strike_B","Defend_B","Defend_B","Defend_B","Defend_B"]},{"damage_healed":0,"gold_gain":0,"player_choice":"Obtained Relic","damage_taken":0,"relics_obtained":["Singing Bowl"],"max_hp_gain":0,"max_hp_loss":0,"event_name":"Addict","floor":27,"gold_loss":85}],"is_beta":false,"boss_relics":[{"not_picked":["Busted Crown","Ectoplasm"],"picked":"Inserter"}],"items_purged_floors":[2,20],"is_endless":false,"potions_floor_spawned":[3,4,7,16,19,23,30],"killed_by":"Collector","ascension_level":20}