{"gold_per_floor":[115,190,190,68,85,85,114,125,125,125,33,33,33,43,43,147,147,164,4,4,23,41,41,68,68,94,126,138,172,190,204,204,300,300,319,336,352,352,352,352,380,392,404,416,457,469,492,7,7,7],"floor_reached":51,"playtime":3763,"items_purged":[],"score":1042,"play_id":"122feb67-de00-4c88-9f93-5d0c2086d07e","local_time":"20190511161050","is_ascension_mode":true,"campfire_choices":[{"data":"Compile Driver","floor":6,"key":"SMITH"},{"floor":10,"key":"REST"},{"data":"Defragment","floor":13,"key":"SMITH"},{"data":"Capacitor","floor":15,"key":"SMITH"},{"data":"Defragment","floor":23,"key":"SMITH"},{"data":"Machine Learning","floor":25,"key":"SMITH"},{"floor":32,"key":"REST"},{"data":"Echo Form","floor":40,"key":"SMITH"},{"data":"Buffer","floor":42,"key":"SMITH"},{"data":"Hologram","floor":44,"key":"SMITH"},{"floor":49,"key":"REST"}],"neow_cost":"NONE","seed_source_timestamp":595525167084886,"circlet_count":0,"master_deck":["Defend_B","Defend_B","Defend_B","Defend_B","Zap+1","Dualcast","Static Discharge","Biased Cognition","Ball Lightning","Compile Driver+1","Capacitor+1","Defragment+1","Defragment+1","Leap","Cold Snap","All For One","Go for the Eyes+1","Genetic Algorithm","BootSequence","Bite","Bite","Bite+1","Bite","Conserve Battery+1","Defragment+1","Machine Learning+1","Hologram+1","Gash","Loop+1","Fusion+1","Compile Driver","Echo Form+1","BootSequence+1","Skim+1","Chaos+1","Buffer+1","Beam Cell+1","Panache"],"relics":["FrozenCore","Matryoshka","Kunai","Oddly Smooth Stone","Sozu","Ice Cream","Juzu Bracelet","Potion Belt","Du-Vu Doll","Bronze Scales","MawBank","Whetstone","Lantern","Emotion Chip"],"potions_floor_usage":[24,33,33],"damage_taken":[{"damage":1,"enemies":"Cultist","floor":1,"turns":3},{"damage":0,"enemies":"Small Slimes","floor":5,"turns":2},{"damage":35,"enemies":"Gremlin Nob","floor":7,"turns":3},{"damage":7,"enemies":"Jaw Worm","floor":8,"turns":2},{"damage":2,"enemies":"Red Slaver","floor":14,"turns":3},{"damage":0,"enemies":"The Guardian","floor":16,"turns":8},{"damage":7,"enemies":"Shell Parasite","floor":18,"turns":4},{"damage":8,"enemies":"Spheric Guardian","floor":21,"turns":3},{"damage":20,"enemies":"Centurion and Healer","floor":22,"turns":8},{"damage":15,"enemies":"Gremlin Leader","floor":24,"turns":8},{"damage":21,"enemies":"Book of Stabbing","floor":27,"turns":4},{"damage":6,"enemies":"Snake Plant","floor":28,"turns":4},{"damage":17,"enemies":"Gremlin Leader","floor":29,"turns":5},{"damage":7,"enemies":"Chosen and Byrds","floor":30,"turns":3},{"damage":12,"enemies":"3 Cultists","floor":31,"turns":4},{"damage":11,"enemies":"Automaton","floor":33,"turns":8},{"damage":0,"enemies":"Orb Walker","floor":35,"turns":4},{"damage":7,"enemies":"3 Darklings","floor":36,"turns":7},{"damage":0,"enemies":"Maw","floor":37,"turns":7},{"damage":16,"enemies":"Giant Head","floor":41,"turns":9},{"damage":37,"enemies":"Reptomancer","floor":45,"turns":8},{"damage":0,"enemies":"Spire Growth","floor":47,"turns":7},{"damage":12,"enemies":"Donu and Deca","floor":50,"turns":9}],"seed_played":"8084915552366188968","potions_obtained":[{"floor":1,"key":"LiquidBronze"},{"floor":5,"key":"LiquidBronze"},{"floor":7,"key":"Dexterity Potion"},{"floor":14,"key":"Regen Potion"}],"is_trial":false,"path_per_floor":["M","?","?","$","M","R","E","M","T","R","$","?","R","M","R","B",null,"M","$","?","M","M","R","E","R","T","E","M","E","M","M","R","B",null,"M","M","M","?","?","R","E","R","T","R","E","?","M","$","R","B",null],"character_chosen":"DEFECT","items_purchased":["Biased Cognition","Ball Lightning","Defragment","Leap","Genetic Algorithm","BootSequence","Panache","Emotion Chip"],"campfire_rested":3,"item_purchase_floors":[4,4,11,11,19,19,48,48],"current_hp_per_floor":[67,56,61,61,61,61,26,19,19,43,43,43,43,41,41,41,70,63,63,56,48,44,44,56,56,56,39,41,28,25,23,39,48,54,56,56,56,56,56,56,47,47,47,47,30,30,44,44,56,55],"gold":7,"neow_bonus":"UPGRADE_CARD","is_prod":false,"is_daily":false,"chose_seed":false,"campfire_upgraded":8,"win_rate":0,"timestamp":1557605450,"path_taken":["M","?","?","?","M","R","E","?","T","R","$","?","R","M","R","BOSS","M","$","?","M","M","R","E","R","T","E","M","E","M","M","R","BOSS","M","M","M","?","?","R","E","R","T","R","E","?","M","$","R","BOSS"],"build_version":"2019-01-23","purchased_purges":0,"victory":true,"max_hp_per_floor":[75,75,80,80,80,80,80,80,80,80,80,80,80,80,80,80,80,80,80,56,56,56,56,56,56,56,56,56,56,56,56,56,56,56,56,56,56,56,56,56,56,56,56,56,56,56,56,56,56,56],"card_choices":[{"not_picked":["Streamline","Double Energy"],"picked":"Static Discharge","floor":1},{"not_picked":["Beam Cell","Heatsinks"],"picked":"Compile Driver","floor":5},{"not_picked":["Aggregate","Ball Lightning"],"picked":"Capacitor","floor":7},{"not_picked":["Genetic Algorithm","Hologram"],"picked":"Defragment","floor":8},{"not_picked":["Capacitor","Undo"],"picked":"Cold Snap","floor":14},{"not_picked":["Meteor Strike","Fission"],"picked":"All For One","floor":16},{"not_picked":["Conserve Battery","Turbo"],"picked":"Go for the Eyes","floor":18},{"not_picked":["Steam Power","Gash+1"],"picked":"Conserve Battery+1","floor":21},{"not_picked":["Turbo","Scrape"],"picked":"Defragment","floor":22},{"not_picked":["Steam","Rebound"],"picked":"Machine Learning","floor":24},{"not_picked":["Go for the Eyes","Aggregate+1"],"picked":"Hologram","floor":27},{"not_picked":["Leap","Streamline"],"picked":"Gash","floor":28},{"not_picked":["Steam","Redo"],"picked":"Loop+1","floor":29},{"not_picked":["Compile Driver","Gash"],"picked":"Fusion+1","floor":30},{"not_picked":["Go for the Eyes","Turbo"],"picked":"Compile Driver","floor":31},{"not_picked":["Meteor Strike","Amplify"],"picked":"Echo Form","floor":33},{"not_picked":["Consume+1","Rebound+1"],"picked":"BootSequence+1","floor":35},{"not_picked":["Conserve Battery+1","Sweeping Beam"],"picked":"Skim+1","floor":36},{"not_picked":["Lockon","Beam Cell"],"picked":"Chaos+1","floor":37},{"not_picked":["Leap","Sunder+1"],"picked":"Buffer","floor":41},{"not_picked":["Compile Driver","Streamline"],"picked":"Beam Cell+1","floor":45},{"not_picked":["Rebound+1","Barrage","Self Repair"],"picked":"SKIP","floor":47}],"player_experience":529827,"relics_obtained":[{"floor":7,"key":"Matryoshka"},{"floor":9,"key":"Kunai"},{"floor":9,"key":"Oddly Smooth Stone"},{"floor":24,"key":"Ice Cream"},{"floor":26,"key":"Juzu Bracelet"},{"floor":26,"key":"Potion Belt"},{"floor":27,"key":"Du-Vu Doll"},{"floor":29,"key":"Bronze Scales"},{"floor":41,"key":"MawBank"},{"floor":43,"key":"Whetstone"},{"floor":45,"key":"Lantern"}],"event_choices":[{"damage_healed":0,"gold_gain":75,"player_choice":"Gather Gold","damage_taken":11,"max_hp_gain":0,"max_hp_loss":0,"event_name":"World of Goop","floor":2,"gold_loss":0},{"damage_healed":0,"gold_gain":0,"player_choice":"Donut","damage_taken":0,"max_hp_gain":5,"max_hp_loss":0,"event_name":"Big Fish","floor":3,"gold_loss":0},{"damage_healed":0,"gold_gain":0,"player_choice":"Grow","damage_taken":0,"max_hp_gain":0,"max_hp_loss":0,"event_name":"Living Wall","floor":12,"gold_loss":0,"cards_upgraded":["Defragment"]},{"damage_healed":0,"gold_gain":0,"player_choice":"Became a vampire","damage_taken":0,"max_hp_gain":0,"max_hp_loss":24,"event_name":"Vampires","floor":20,"gold_loss":0,"cards_obtained":["Bite","Bite","Bite","Bite","Bite"]},{"damage_healed":0,"gold_gain":0,"player_choice":"Ignored","damage_taken":0,"max_hp_gain":0,"max_hp_loss":0,"event_name":"Mysterious Sphere","floor":38,"gold_loss":0},{"damage_healed":0,"gold_gain":0,"player_choice":"Ignored","damage_taken":0,"max_hp_gain":0,"max_hp_loss":0,"event_name":"Tomb of Lord Red Mask","floor":39,"gold_loss":0},{"cards_removed":["Bite"],"damage_healed":0,"gold_gain":0,"player_choice":"Removed Attack","damage_taken":0,"max_hp_gain":0,"max_hp_loss":0,"event_name":"Falling","floor":46,"gold_loss":0}],"is_beta":false,"boss_relics":[{"not_picked":["Coffee Dripper","Velvet Choker"],"picked":"Sozu"},{"not_picked":["Inserter","Runic Dome"],"picked":"FrozenCore"}],"items_purged_floors":[],"is_endless":false,"potions_floor_spawned":[1,5,7,14,22,24,28,29,30,31,33,36,37,45],"ascension_level":6}