{"path_per_floor":["M","?","$","M","M","R","?","R","T","E","R","M","?","M","R","B",null,"M","?","$","?","M","E","R"],"character_chosen":"IRONCLAD","items_purchased":["Rampage","Blood Vial"],"gold_per_floor":[112,112,44,56,75,75,75,75,75,100,100,118,118,134,134,230,230,203,203,48,48,61,86,86],"floor_reached":25,"campfire_rested":3,"playtime":2070,"current_hp_per_floor":[80,80,80,77,80,80,80,80,80,56,80,67,60,60,80,27,80,61,61,61,80,77,15,39],"items_purged":[],"gold":86,"play_id":"089a62cf-90cd-40a1-bb6c-141de5098c13","is_prod":false,"is_daily":false,"is_ascension_mode":false,"campfire_upgraded":2,"path_taken":["M","?","?","M","M","R","?","R","T","E","R","?","?","M","R","BOSS","M","?","$","?","?","E","R","E"],"build_version":"2018-02-01-PROD3","purchased_purges":0,"victory":false,"master_deck":["Strike_R+1","Strike_R+1","Strike_R+1","Defend_R+1","Defend_R+1","Defend_R+1","Bash+1","Rampage+1","Twin Strike+1","Hemokinesis","Shrug It Off","Iron Wave","Impervious","Shrug It Off","Anger","Twin Strike","Iron Wave","Rampage","Intimidate","Rage","Seeing Red"],"max_hp_per_floor":[80,80,80,80,80,80,80,80,80,80,80,80,80,80,80,80,80,80,80,80,80,80,80,80],"relics":["Burning Blood","Ice Cream","Bottled Flame","Orrery","Blood Vial","Gremlin Horn"],"card_choices":[{"not_picked":["True Grit","Flex"],"picked":"Twin Strike"},{"not_picked":["Clothesline","Demon Form"],"picked":"Shrug It Off"},{"not_picked":["Body Slam","Clash"],"picked":"Iron Wave"},{"not_picked":["Bludgeon","Double Tap"],"picked":"Impervious"},{"not_picked":["Headbutt","Uppercut"],"picked":"Shrug It Off"},{"not_picked":["Flex","Corruption"],"picked":"Anger"},{"not_picked":["Clothesline","Sword Boomerang"],"picked":"Twin Strike"},{"not_picked":["Twin Strike","Fire Breathing"],"picked":"Iron Wave"},{"not_picked":["True Grit","Double Tap"],"picked":"Rampage"},{"not_picked":["Rampage","Searing Blow"],"picked":"Intimidate"},{"not_picked":["Twin Strike","Combust"],"picked":"Rage"},{"not_picked":["Corruption","Flex"],"picked":"Seeing Red"}],"player_experience":2635,"potions_floor_usage":[16,16,23,23,23],"damage_taken":[{"damage":1,"enemies":"Cultist","floor":1,"turns":4},{"damage":9,"enemies":"Blue Slaver","floor":4,"turns":3},{"damage":2,"enemies":"2 Louse","floor":5,"turns":2},{"damage":30,"enemies":"Gremlin Nob","floor":10,"turns":4},{"damage":19,"enemies":"Exordium Thugs","floor":12,"turns":4},{"damage":6,"enemies":"Exordium Wildlife","floor":14,"turns":3},{"damage":68,"enemies":"Hexaghost","floor":16,"turns":12},{"damage":25,"enemies":"2 Thieves","floor":18,"turns":5},{"damage":9,"enemies":"Shell Parasite","floor":22,"turns":7},{"damage":70,"enemies":"Gremlin Leader","floor":23,"turns":8},{"damage":42,"enemies":"Slavers","floor":25,"turns":4}],"event_choices":[{"event_name":"Wheel of Change","player_choice":"Card Removal","floor":2,"damage_taken":0},{"event_name":"Transmorgrifier","player_choice":"Transform","floor":7,"damage_taken":0},{"event_name":"Golden Wing","player_choice":"Card Removal","floor":13,"damage_taken":0},{"event_name":"Back to Basics","player_choice":"Simplicity","floor":19,"damage_taken":0},{"event_name":"The Library","player_choice":"Heal","floor":21,"damage_taken":0}],"boss_relics":[{"not_picked":["Black Star","Runic Cube"],"picked":"Orrery"}],"potions_floor_spawned":[10,14,16,18,22],"seed_played":"-4442596916715740900","killed_by":"Slavers","ascension_level":0,"is_trial":false}