{"gold_per_floor":[12,12,26,41,54,81,81,114,114,114,133,167,187,206,206,206],"floor_reached":16,"playtime":1584,"items_purged":[],"score":248,"play_id":"952bd33a-5534-49e4-8588-f86809d65b3d","local_time":"20190506195052","is_ascension_mode":true,"campfire_choices":[{"data":"Neutralize","floor":7,"key":"SMITH"},{"data":"Cloak And Dagger","floor":10,"key":"SMITH"},{"floor":15,"key":"REST"}],"neow_cost":"NO_GOLD","seed_source_timestamp":178908323812122,"circlet_count":0,"master_deck":["AscendersBane","Defend_G","Defend_G","Defend_G","Defend_G","Strike_G","Strike_G","Strike_G","Strike_G","Survivor","Neutralize+1","Well Laid Plans","Leg Sweep","Endless Agony","Flying Knee","Heel Hook","Cloak And Dagger+1","Flechettes","Cloak And Dagger","Wraith Form v2","Poisoned Stab"],"relics":["Ring of the Snake","Bronze Scales","Pen Nib","Ninja Scroll","Calipers"],"potions_floor_usage":[6,6,8,12,14],"damage_taken":[{"damage":0,"enemies":"2 Louse","floor":1,"turns":4},{"damage":4,"enemies":"Jaw Worm","floor":3,"turns":6},{"damage":0,"enemies":"Cultist","floor":4,"turns":4},{"damage":0,"enemies":"3 Louse","floor":5,"turns":8},{"damage":29,"enemies":"Gremlin Nob","floor":6,"turns":5},{"damage":3,"enemies":"3 Sentries","floor":8,"turns":11},{"damage":0,"enemies":"2 Fungi Beasts","floor":11,"turns":3},{"damage":20,"enemies":"Lagavulin","floor":12,"turns":6},{"damage":0,"enemies":"Looter","floor":13,"turns":2},{"damage":0,"enemies":"3 Louse","floor":14,"turns":3},{"damage":27,"enemies":"Slime Boss","floor":16,"turns":11}],"seed_played":"7900034393690679028","potions_obtained":[{"floor":1,"key":"SkillPotion"},{"floor":4,"key":"FearPotion"},{"floor":6,"key":"EssenceOfSteel"},{"floor":11,"key":"Fruit Juice"},{"floor":12,"key":"Block Potion"}],"is_trial":false,"path_per_floor":["M","$","M","M","M","E","R","E","T","R","M","E","M","M","R","B"],"character_chosen":"THE_SILENT","items_purchased":[],"campfire_rested":1,"item_purchase_floors":[],"current_hp_per_floor":[59,59,55,55,55,26,26,23,23,23,23,8,8,8,29,2],"gold":206,"neow_bonus":"REMOVE_TWO","is_prod":false,"is_daily":false,"chose_seed":false,"campfire_upgraded":2,"win_rate":0,"timestamp":1557186652,"path_taken":["M","$","M","M","M","E","R","E","T","R","M","E","M","M","R","BOSS"],"build_version":"2019-01-23","purchased_purges":0,"victory":false,"max_hp_per_floor":[66,66,66,66,66,66,66,66,66,66,66,71,71,71,71,71],"card_choices":[{"not_picked":["Slice","PiercingWail"],"picked":"Well Laid Plans","floor":1},{"not_picked":["Acrobatics","Prepared"],"picked":"Leg Sweep","floor":3},{"not_picked":["Expertise","Crippling Poison"],"picked":"Endless Agony","floor":4},{"not_picked":["Blade Dance","All Out Attack"],"picked":"Flying Knee","floor":5},{"not_picked":["Dodge and Roll","Finisher"],"picked":"Heel Hook","floor":6},{"not_picked":["Bouncing Flask","Tactician"],"picked":"Cloak And Dagger","floor":8},{"not_picked":["Setup","Slice"],"picked":"Flechettes","floor":11},{"not_picked":["Bane","Poisoned Stab"],"picked":"Cloak And Dagger","floor":12},{"not_picked":["Choke","Escape Plan"],"picked":"Wraith Form v2","floor":13},{"not_picked":["Deflect","Flying Knee"],"picked":"Poisoned Stab","floor":14}],"player_experience":385325,"relics_obtained":[{"floor":6,"key":"Bronze Scales"},{"floor":8,"key":"Pen Nib"},{"floor":9,"key":"Ninja Scroll"},{"floor":12,"key":"Calipers"}],"event_choices":[],"is_beta":false,"boss_relics":[],"items_purged_floors":[],"is_endless":false,"potions_floor_spawned":[1,4,6,11,12],"killed_by":"Slime Boss","ascension_level":20}