{"gold_per_floor":[114,126,201,201,5,5,180,216,216,257,330,346,360,379,379,507,507,530,530,288,309,309,309,352,375,401,416,416,459,482,158,158,283,283,302,635,635,392,411,411,427,427,427,446,446,491,519,519,519,519],"floor_reached":51,"playtime":1847,"items_purged":["Strike_G+1","Strike_G+1"],"score":918,"play_id":"cd9ff221-ede5-461e-86d1-604aea8bf798","local_time":"20190527122034","is_ascension_mode":true,"campfire_choices":[{"floor":6,"key":"REST"},{"data":"Neutralize","floor":15,"key":"SMITH"},{"data":"Cloak And Dagger","floor":23,"key":"SMITH"},{"floor":32,"key":"REST"},{"floor":40,"key":"REST"},{"floor":45,"key":"REST"},{"floor":49,"key":"REST"}],"neow_cost":"NONE","seed_source_timestamp":450663597060429,"circlet_count":0,"master_deck":["Defend_G+1","Defend_G+1","Defend_G+1","Defend_G+1","Defend_G+1","Strike_G+1","Strike_G+1","Survivor","Neutralize+1","Cloak And Dagger+1","Poisoned Stab+1","Doubt","Bouncing Flask+1","Backstab","Blade Dance","Quick Slash","Cloak And Dagger","Bane","Dagger Spray+1","All Out Attack","Die Die Die","Leg Sweep","Catalyst+1","Footwork","Endless Agony","Expertise","Malaise+1","Slice+1","Cloak And Dagger","Pain","Bouncing Flask+1","PiercingWail+1","Slice+1","Glass Knife","Deadly Poison+1","Footwork","Noxious Fumes+1","Infinite Blades"],"relics":["Ring of the Serpent","NeowsBlessing","Sling","Pear","Prayer Wheel","Du-Vu Doll","Ninja Scroll","HandDrill","MutagenicStrength","Oddly Smooth Stone","Lantern","War Paint","WarpedTongs","FossilizedHelix","Paper Crane","Fusion Hammer","Juzu Bracelet","Turnip","Meat on the Bone","Whetstone"],"potions_floor_usage":[16,24,27,29,33,47,50,50,50],"damage_taken":[{"damage":0,"enemies":"2 Louse","floor":1,"turns":1},{"damage":0,"enemies":"Jaw Worm","floor":2,"turns":1},{"damage":0,"enemies":"Gremlin Nob","floor":8,"turns":1},{"damage":21,"enemies":"3 Sentries","floor":10,"turns":8},{"damage":0,"enemies":"Small Slimes","floor":12,"turns":1},{"damage":0,"enemies":"Blue Slaver","floor":13,"turns":1},{"damage":0,"enemies":"3 Louse","floor":14,"turns":2},{"damage":24,"enemies":"Hexaghost","floor":16,"turns":7},{"damage":0,"enemies":"Spheric Guardian","floor":18,"turns":3},{"damage":10,"enemies":"2 Thieves","floor":21,"turns":4},{"damage":21,"enemies":"Book of Stabbing","floor":24,"turns":4},{"damage":0,"enemies":"Snake Plant","floor":27,"turns":1},{"damage":9,"enemies":"Gremlin Leader","floor":29,"turns":3},{"damage":0,"enemies":"Centurion and Healer","floor":30,"turns":3},{"damage":48,"enemies":"Collector","floor":33,"turns":11},{"damage":16,"enemies":"3 Darklings","floor":35,"turns":3},{"damage":0,"enemies":"Orb Walker","floor":39,"turns":1},{"damage":1,"enemies":"Transient","floor":41,"turns":5},{"damage":11,"enemies":"Writhing Mass","floor":44,"turns":4},{"damage":8,"enemies":"2 Orb Walkers","floor":46,"turns":4},{"damage":5,"enemies":"Reptomancer","floor":47,"turns":6},{"damage":52,"enemies":"Time Eater","floor":50,"turns":11}],"seed_played":"5368299904845863284","potions_obtained":[{"floor":2,"key":"Strength Potion"},{"floor":10,"key":"AttackPotion"},{"floor":12,"key":"FearPotion"},{"floor":18,"key":"LiquidBronze"},{"floor":24,"key":"SteroidPotion"},{"floor":30,"key":"GhostInAJar"},{"floor":41,"key":"Poison Potion"},{"floor":46,"key":"SpeedPotion"},{"floor":47,"key":"PowerPotion"}],"is_trial":false,"path_per_floor":["M","M","?","?","$","R","?","E","T","E","T","M","M","M","R","B",null,"M","?","$","M","?","R","E","T","T","M","?","E","M","$","R","B",null,"M","?","?","$","M","R","M","?","T","M","R","?","E","T","R","B",null],"character_chosen":"THE_SILENT","items_purchased":["Sling","HandDrill","Footwork","Paper Crane","Juzu Bracelet"],"campfire_rested":5,"item_purchase_floors":[5,20,20,31,38],"current_hp_per_floor":[70,70,59,42,42,63,63,73,73,52,52,52,52,52,52,28,80,80,80,80,70,70,70,49,49,49,49,49,40,40,40,64,16,80,64,64,64,64,64,80,79,76,76,65,76,68,63,63,76,36],"gold":519,"neow_bonus":"THREE_ENEMY_KILL","is_prod":false,"is_daily":false,"chose_seed":false,"campfire_upgraded":2,"win_rate":0,"timestamp":1558977634,"path_taken":["M","M","?","?","?","R","?","E","T","E","?","M","?","M","R","BOSS","M","?","$","M","?","R","E","?","T","M","?","E","M","$","R","BOSS","M","?","?","$","M","R","M","?","T","M","R","?","E","?","R","BOSS"],"build_version":"2019-01-23","purchased_purges":2,"victory":true,"max_hp_per_floor":[70,70,70,70,70,70,70,80,80,80,80,80,80,80,80,80,80,80,80,80,80,80,80,80,80,80,80,80,80,80,80,80,80,80,80,80,80,80,80,80,80,76,76,76,76,76,76,76,76,76],"card_choices":[{"not_picked":["Acrobatics","Backflip"],"picked":"Cloak And Dagger","floor":1},{"not_picked":["Backflip","Skewer"],"picked":"Poisoned Stab","floor":2},{"not_picked":["Acrobatics","Choke"],"picked":"Bouncing Flask","floor":8},{"not_picked":["Backflip","Flying Knee"],"picked":"Backstab","floor":10},{"not_picked":["Dodge and Roll","Setup"],"picked":"Blade Dance","floor":12},{"not_picked":["Flying Knee","Prepared"],"picked":"Quick Slash","floor":12},{"not_picked":["Terror","Deflect"],"picked":"Cloak And Dagger","floor":13},{"not_picked":["Calculated Gamble","Burst"],"picked":"Bane","floor":13},{"not_picked":["Setup","Slice"],"picked":"Dagger Spray","floor":14},{"not_picked":["Prepared","Masterful Stab"],"picked":"All Out Attack","floor":14},{"not_picked":["Tools of the Trade","Wraith Form v2"],"picked":"Die Die Die","floor":16},{"not_picked":["Acrobatics+1","Sucker Punch"],"picked":"Leg Sweep","floor":18},{"not_picked":["Calculated Gamble+1","Dodge and Roll"],"picked":"Catalyst+1","floor":18},{"not_picked":["Choke","Noxious Fumes"],"picked":"Endless Agony","floor":21},{"not_picked":["Slice","Blade Dance"],"picked":"Expertise","floor":21},{"not_picked":["Prepared","Slice"],"picked":"Malaise","floor":24},{"not_picked":["Quick Slash","Poisoned Stab"],"picked":"Slice+1","floor":27},{"not_picked":["Dodge and Roll","Flechettes"],"picked":"Cloak And Dagger","floor":27},{"not_picked":["Infinite Blades","Outmaneuver"],"picked":"Bouncing Flask+1","floor":29},{"not_picked":["Flying Knee+1","Underhanded Strike"],"picked":"PiercingWail+1","floor":30},{"not_picked":["Blade Dance","Flechettes"],"picked":"Slice+1","floor":30},{"not_picked":["Storm of Steel","Bullet Time"],"picked":"Glass Knife","floor":33},{"not_picked":["Quick Slash+1","Skewer"],"picked":"Deadly Poison+1","floor":35},{"not_picked":["Quick Slash","Acrobatics","Deadly Poison"],"picked":"SKIP","floor":35},{"not_picked":["Bane+1","Setup+1"],"picked":"Footwork","floor":39},{"not_picked":["Underhanded Strike+1","Bane+1","Deflect"],"picked":"SKIP","floor":39},{"not_picked":["Eviscerate+1","Dodge and Roll"],"picked":"Noxious Fumes+1","floor":41},{"not_picked":["Well Laid Plans","Bouncing Flask+1"],"picked":"Infinite Blades","floor":41},{"not_picked":["Heel Hook+1","Footwork","Underhanded Strike"],"picked":"SKIP","floor":44},{"not_picked":["Quick Slash","Skewer+1","Sucker Punch"],"picked":"SKIP","floor":44},{"not_picked":["Outmaneuver+1","Tactician+1","Grand Finale"],"picked":"SKIP","floor":47}],"player_experience":37320,"relics_obtained":[{"floor":8,"key":"Pear"},{"floor":9,"key":"Prayer Wheel"},{"floor":10,"key":"Du-Vu Doll"},{"floor":11,"key":"Ninja Scroll"},{"floor":24,"key":"Oddly Smooth Stone"},{"floor":25,"key":"Lantern"},{"floor":26,"key":"War Paint"},{"floor":29,"key":"FossilizedHelix"},{"floor":46,"key":"Turnip"},{"floor":47,"key":"Meat on the Bone"},{"floor":48,"key":"Whetstone"}],"event_choices":[{"damage_healed":0,"gold_gain":75,"player_choice":"Gather Gold","damage_taken":11,"max_hp_gain":0,"max_hp_loss":0,"event_name":"World of Goop","floor":3,"gold_loss":0},{"damage_healed":0,"gold_gain":0,"player_choice":"Take Damage","damage_taken":17,"relics_obtained":["Golden Idol"],"max_hp_gain":0,"max_hp_loss":0,"event_name":"Golden Idol","floor":4,"gold_loss":0},{"damage_healed":0,"gold_gain":175,"player_choice":"AGREE","damage_taken":0,"max_hp_gain":0,"max_hp_loss":0,"event_name":"Liars Game","floor":7,"gold_loss":0,"cards_obtained":["Doubt"]},{"damage_healed":0,"gold_gain":0,"player_choice":"Simplicity","damage_taken":0,"max_hp_gain":0,"max_hp_loss":0,"event_name":"Back to Basics","floor":19,"gold_loss":0,"cards_upgraded":["Defend_G","Defend_G","Defend_G","Defend_G","Defend_G","Strike_G","Strike_G","Strike_G","Strike_G","Strike_G"]},{"damage_healed":0,"gold_gain":0,"player_choice":"Inject Mutagens","damage_taken":0,"relics_obtained":["MutagenicStrength"],"max_hp_gain":0,"max_hp_loss":0,"event_name":"Drug Dealer","floor":22,"gold_loss":0},{"damage_healed":0,"gold_gain":0,"player_choice":"Rummage","damage_taken":0,"relics_obtained":["WarpedTongs"],"max_hp_gain":0,"max_hp_loss":0,"event_name":"Accursed Blacksmith","floor":28,"gold_loss":0,"cards_obtained":["Pain"]},{"damage_healed":0,"gold_gain":333,"player_choice":"Gave Idol","damage_taken":0,"max_hp_gain":0,"max_hp_loss":0,"event_name":"The Moai Head","floor":36,"relics_lost":["Golden Idol"],"gold_loss":0},{"cards_removed":["Strike_G"],"damage_healed":0,"gold_gain":0,"player_choice":"Removed Attack","damage_taken":0,"max_hp_gain":0,"max_hp_loss":0,"event_name":"Falling","floor":37,"gold_loss":0},{"damage_healed":0,"gold_gain":0,"player_choice":"Max HP","damage_taken":0,"max_hp_gain":0,"max_hp_loss":4,"event_name":"Winding Halls","floor":42,"gold_loss":0},{"damage_healed":0,"gold_gain":0,"player_choice":"Fight","damage_taken":0,"max_hp_gain":0,"max_hp_loss":0,"event_name":"Mysterious Sphere","floor":46,"gold_loss":0}],"is_beta":false,"boss_relics":[{"not_picked":["Lizard Tail","Sozu"],"picked":"Ring of the Serpent"},{"not_picked":["Runic Pyramid","Pandora\u0027s Box"],"picked":"Fusion Hammer"}],"items_purged_floors":[31,38],"is_endless":false,"potions_floor_spawned":[2,10,12,13,18,24,30,41,46,47],"ascension_level":2}