{"gold_per_floor":[117,134,309,325,337,337,369,369,369,319,332,332,352,352,352,454,454,454,454,454,454,454,454,454,39,39,39,39,39,39,39,39,39,39,39,39,39,39,39,39,39,39,39,39,39,39,39,15,15,15,15,15,15,15,15],"floor_reached":56,"playtime":4761,"items_purged":[],"score":1103,"play_id":"14be12f0-30b2-48d7-aab4-d0ada5698060","local_time":"20190527175043","is_ascension_mode":false,"campfire_choices":[{"data":"Zap","floor":6.0,"key":"SMITH"},{"floor":8.0,"key":"REST"},{"data":"Static Discharge","floor":12.0,"key":"SMITH"},{"data":"Thunder Strike","floor":15.0,"key":"SMITH"},{"data":"Echo Form","floor":23.0,"key":"SMITH"},{"floor":27.0,"key":"REST"},{"data":"Static Discharge","floor":29.0,"key":"SMITH"},{"floor":32.0,"key":"REST"},{"floor":40.0,"key":"REST"},{"floor":44.0,"key":"REST"},{"floor":47.0,"key":"REST"},{"floor":49.0,"key":"RECALL"},{"data":"Defragment","floor":52.0,"key":"SMITH"}],"neow_cost":"NONE","seed_source_timestamp":0,"circlet_count":0,"master_deck":["Strike_B","Strike_B","Strike_B","Defend_B","Defend_B","Defend_B","Defend_B","Zap+1","Dualcast","Thunder Strike+1","Conserve Battery","Auto Shields","Reprogram","Static Discharge+1","Rebound","Rebound","Echo Form+1","Cold Snap+1","Stack","Hologram+1","Coolheaded","Static Discharge+1","FTL","Electrodynamics","Defragment+1","Coolheaded+1","Redo+1","Consume+1","Stack","Undo"],"special_seed":0,"relics":["Cracked Core","FossilizedHelix","Gremlin Horn","Letter Opener","Ectoplasm","Lantern","Blood Vial","Spirit Poop","Inserter","Du-Vu Doll","Dream Catcher","Centennial Puzzle","Torii","Anchor"],"potions_floor_usage":[],"damage_taken":[{"damage":7.0,"enemies":"Small Slimes","floor":1.0,"turns":4.0},{"damage":0.0,"enemies":"Jaw Worm","floor":2.0,"turns":3.0},{"damage":6.0,"enemies":"2 Louse","floor":4.0,"turns":3.0},{"damage":21.0,"enemies":"Large Slime","floor":5.0,"turns":7.0},{"damage":19.0,"enemies":"3 Sentries","floor":7.0,"turns":6.0},{"damage":0.0,"enemies":"Red Slaver","floor":11.0,"turns":5.0},{"damage":10.0,"enemies":"Lots of Slimes","floor":13.0,"turns":3.0},{"damage":12.0,"enemies":"Hexaghost","floor":16.0,"turns":9.0},{"damage":15.0,"enemies":"3 Byrds","floor":18.0,"turns":3.0},{"damage":5.0,"enemies":"Chosen","floor":19.0,"turns":3.0},{"damage":6.0,"enemies":"Snake Plant","floor":21.0,"turns":3.0},{"damage":10.0,"enemies":"Centurion and Healer","floor":22.0,"turns":6.0},{"damage":20.0,"enemies":"Snecko","floor":24.0,"turns":6.0},{"damage":4.0,"enemies":"Snake Plant","floor":31.0,"turns":3.0},{"damage":16.0,"enemies":"Collector","floor":33.0,"turns":10.0},{"damage":8.0,"enemies":"3 Darklings","floor":35.0,"turns":5.0},{"damage":24.0,"enemies":"Orb Walker","floor":36.0,"turns":5.0},{"damage":0.0,"enemies":"Mind Bloom Boss Battle","floor":37.0,"turns":6.0},{"damage":8.0,"enemies":"3 Darklings","floor":39.0,"turns":3.0},{"damage":37.0,"enemies":"Transient","floor":41.0,"turns":5.0},{"damage":9.0,"enemies":"Giant Head","floor":42.0,"turns":9.0},{"damage":30.0,"enemies":"Jaw Worm Horde","floor":45.0,"turns":4.0},{"damage":26.0,"enemies":"Donu and Deca","floor":50.0,"turns":7.0},{"damage":49.0,"enemies":"Shield and Spear","floor":54.0,"turns":4.0},{"damage":21,"enemies":"The Heart","floor":55,"turns":6}],"seed_played":"5587467354559925849","potions_obtained":[{"floor":4.0,"key":"FearPotion"},{"floor":7.0,"key":"LiquidBronze"},{"floor":11.0,"key":"PowerPotion"},{"floor":18.0,"key":"SteroidPotion"},{"floor":24.0,"key":"SteroidPotion"},{"floor":31.0,"key":"SpeedPotion"},{"floor":41.0,"key":"Energy Potion"},{"floor":42.0,"key":"SkillPotion"},{"floor":45.0,"key":"FocusPotion"}],"is_trial":false,"path_per_floor":["M","M","?","M","M","R","E","R","T","?","M","R","M","?","R","B",null,"M","M","?","M","M","R","M","$","T","R","?","R","$","M","R","B",null,"M","M","?","?","M","R","M","E","T","R","M","?","R","$","R","B",null,"R","$","E","B",null],"character_chosen":"DEFECT","items_purchased":["Lantern","Blood Vial","Static Discharge","BootSequence","Stack"],"campfire_rested":6,"item_purchase_floors":[25,25,25,25,48],"current_hp_per_floor":[68,68,68,62,41,41,22,44,44,44,44,44,34,22,22,10,75,60,55,55,49,39,39,19,19,19,41,41,41,41,39,61,47,75,67,45,47,47,41,63,28,21,21,43,15,15,37,37,37,13,75,75,75,26,7],"gold":15,"neow_bonus":"ONE_RANDOM_RARE_CARD","is_prod":false,"is_daily":false,"chose_seed":false,"campfire_upgraded":6,"win_rate":1,"timestamp":1558997443,"path_taken":["M","M","?","M","M","R","E","R","T","?","M","R","M","?","R","BOSS","M","M","?","?","M","R","?","$","T","R","?","R","$","M","R","BOSS","M","M","?","?","M","R","M","E","T","R","?","?","R","$","R","BOSS","R","$","E","BOSS"],"build_version":"2019-01-23","purchased_purges":0,"victory":true,"max_hp_per_floor":[75,75,75,75,75,75,75,75,75,75,75,75,75,75,75,75,75,75,75,75,75,75,75,75,75,75,75,75,75,75,75,75,75,75,75,75,75,75,75,75,75,75,75,75,75,75,75,75,75,75,75,75,75,75,75],"card_choices":[{"not_picked":["Ball Lightning","Rebound"],"picked":"Conserve Battery","floor":1.0},{"not_picked":["Gash","Chaos"],"picked":"Auto Shields","floor":2.0},{"not_picked":["Genetic Algorithm","Barrage"],"picked":"Reprogram","floor":4.0},{"not_picked":["Steam","Turbo"],"picked":"Static Discharge","floor":5.0},{"not_picked":["Force Field","Redo"],"picked":"Rebound","floor":7.0},{"not_picked":["Amplify","Reprogram"],"picked":"Rebound","floor":11.0},{"not_picked":["Streamline","Rebound","White Noise"],"picked":"SKIP","floor":13.0},{"not_picked":["Multi-Cast","Fission"],"picked":"Echo Form","floor":16.0},{"not_picked":["Static Discharge","Hologram"],"picked":"Cold Snap+1","floor":18.0},{"not_picked":["Steam","Auto Shields"],"picked":"Stack","floor":19.0},{"not_picked":["Static Discharge","Redo"],"picked":"Hologram+1","floor":21.0},{"not_picked":["Ball Lightning","Barrage","Chaos"],"picked":"SKIP","floor":22.0},{"not_picked":["Compile Driver","Meteor Strike"],"picked":"Coolheaded","floor":24.0},{"not_picked":["Rebound","Turbo"],"picked":"FTL","floor":31.0},{"not_picked":["Biased Cognition","Rainbow"],"picked":"Electrodynamics","floor":33.0},{"not_picked":["Undo","Sweeping Beam"],"picked":"Defragment","floor":35.0},{"not_picked":["Coolheaded","Doom and Gloom+1","Ball Lightning"],"picked":"SKIP","floor":36.0},{"not_picked":["Aggregate+1","Sweeping Beam+1"],"picked":"Coolheaded+1","floor":37.0},{"not_picked":["Melter+1","Go for the Eyes","Leap+1"],"picked":"SKIP","floor":39.0},{"not_picked":["Hologram","Rainbow"],"picked":"Redo+1","floor":41.0},{"not_picked":["Turbo+1","All For One","Stack"],"picked":"SKIP","floor":42.0},{"not_picked":["Rip and Tear+1","Go for the Eyes+1","Sweeping Beam"],"picked":"SKIP","floor":45.0},{"not_picked":["Turbo","Sunder+1"],"picked":"Consume+1","floor":47.0},{"not_picked":["Doom and Gloom","Fusion"],"picked":"Undo","floor":54.0}],"player_experience":25465,"relics_obtained":[{"floor":7.0,"key":"FossilizedHelix"},{"floor":9.0,"key":"Gremlin Horn"},{"floor":37.0,"key":"Du-Vu Doll"},{"floor":42.0,"key":"Dream Catcher"},{"floor":43.0,"key":"Centennial Puzzle"},{"floor":54.0,"key":"Anchor"}],"event_choices":[{"damage_healed":0.0,"max_hp_gain":0.0,"max_hp_loss":0.0,"gold_gain":175.0,"event_name":"Liars Game","player_choice":"AGREE","floor":3.0,"gold_loss":0.0,"damage_taken":0.0,"cards_obtained":["Doubt"]},{"cards_removed":["Strike_B"],"damage_healed":0.0,"max_hp_gain":0.0,"max_hp_loss":0.0,"gold_gain":0.0,"event_name":"The Cleric","player_choice":"Card Removal","floor":10.0,"gold_loss":50.0,"damage_taken":0.0},{"damage_healed":0.0,"max_hp_gain":0.0,"max_hp_loss":0.0,"gold_gain":0.0,"event_name":"Scrap Ooze","player_choice":"Success","floor":14.0,"gold_loss":0.0,"damage_taken":12.0,"relics_obtained":["Letter Opener"]},{"damage_healed":0.0,"max_hp_gain":0.0,"max_hp_loss":0.0,"gold_gain":100.0,"event_name":"Golden Shrine","player_choice":"Pray","floor":20.0,"gold_loss":0.0,"damage_taken":0.0},{"cards_removed":["Doubt"],"damage_healed":0.0,"max_hp_gain":0.0,"max_hp_loss":0.0,"gold_gain":0.0,"event_name":"Bonfire Elementals","player_choice":"Offered Curse","floor":28.0,"gold_loss":0.0,"damage_taken":0.0,"relics_obtained":["Spirit Poop"]},{"damage_healed":0.0,"max_hp_gain":0.0,"max_hp_loss":0.0,"gold_gain":0.0,"event_name":"MindBloom","player_choice":"Fight","floor":37.0,"gold_loss":0.0,"damage_taken":0.0},{"damage_healed":0.0,"max_hp_gain":0.0,"max_hp_loss":0.0,"gold_gain":0.0,"event_name":"NoteForYourself","player_choice":"Ignored","floor":38.0,"gold_loss":0.0,"damage_taken":0.0},{"cards_removed":["BootSequence"],"damage_healed":0.0,"max_hp_gain":0.0,"max_hp_loss":0.0,"gold_gain":0.0,"event_name":"WeMeetAgain","player_choice":"Gave Card","floor":46.0,"gold_loss":0.0,"damage_taken":0.0,"relics_obtained":["Torii"]}],"is_beta":false,"boss_relics":[{"not_picked":["Busted Crown","FrozenCore"],"picked":"Ectoplasm"},{"not_picked":["Tiny House","Nuclear Battery"],"picked":"Inserter"}],"items_purged_floors":[],"is_endless":false,"potions_floor_spawned":[4,7,11,13,18,24,31,39,41,42,45],"ascension_level":0}