{"gold_per_floor":[218,232,232,245,261,261,288,288,313,106,131,131,151,169,169,243,243,257,14,14,14,30,30,44,44,44,44,44,74,74,90,90,90],"floor_reached":33,"playtime":2348,"items_purged":["Strike_B"],"score":601,"play_id":"fdfe4f6d-e99e-4c14-81d7-5efc2d2a966f","local_time":"20190514165055","is_ascension_mode":true,"campfire_choices":[{"floor":6.0,"key":"REST"},{"data":"Sunder","floor":8.0,"key":"SMITH"},{"data":"Cold Snap","floor":12.0,"key":"SMITH"},{"data":"Loop","floor":15.0,"key":"SMITH"},{"floor":23.0,"key":"REST"},{"data":"Defragment","floor":25.0,"key":"SMITH"},{"data":"Fission","floor":27.0,"key":"SMITH"},{"data":"Creative AI","floor":30.0,"key":"SMITH"},{"floor":32.0,"key":"REST"}],"neow_cost":"NONE","seed_source_timestamp":6189589596719,"circlet_count":0,"master_deck":["AscendersBane","Defend_B","Defend_B+1","Defend_B","Defend_B","Zap+1","Dualcast","Compile Driver","Cold Snap+1","Sunder+1","Hologram","Cold Snap","Reprogram","Leap","Fission+1","Loop+1","Machine Learning","Turbo+1","Heatsinks+1","Streamline+1","Steam","Defragment+1","Coolheaded","Core Surge","Capacitor","Self Repair","Creative AI+1","Stack"],"special_seed":0,"relics":["Cracked Core","War Paint","Potion Belt","Vajra","Regal Pillow","Astrolabe","Ornamental Fan","Dead Branch"],"potions_floor_usage":[33,33],"damage_taken":[{"damage":7.0,"enemies":"Small Slimes","floor":1.0,"turns":3.0},{"damage":7.0,"enemies":"Jaw Worm","floor":2.0,"turns":4.0},{"damage":0.0,"enemies":"Cultist","floor":4.0,"turns":3.0},{"damage":7.0,"enemies":"Gremlin Gang","floor":5.0,"turns":4.0},{"damage":6.0,"enemies":"Gremlin Nob","floor":7.0,"turns":4.0},{"damage":7.0,"enemies":"3 Sentries","floor":11.0,"turns":4.0},{"damage":3.0,"enemies":"Blue Slaver","floor":13.0,"turns":3.0},{"damage":0.0,"enemies":"Large Slime","floor":14.0,"turns":4.0},{"damage":0.0,"enemies":"The Guardian","floor":16.0,"turns":14.0},{"damage":38.0,"enemies":"3 Byrds","floor":18.0,"turns":6.0},{"damage":17.0,"enemies":"2 Thieves","floor":22.0,"turns":3.0},{"damage":23.0,"enemies":"Centurion and Healer","floor":24.0,"turns":7.0},{"damage":7.0,"enemies":"Book of Stabbing","floor":29.0,"turns":7.0},{"damage":32.0,"enemies":"Shelled Parasite and Fungi","floor":31.0,"turns":7.0},{"damage":46,"enemies":"Collector","floor":33,"turns":6}],"seed_played":"-957643092206901308","potions_obtained":[{"floor":1.0,"key":"Block Potion"},{"floor":2.0,"key":"Poison Potion"},{"floor":13.0,"key":"FocusPotion"},{"floor":16.0,"key":"FearPotion"},{"floor":18.0,"key":"Fruit Juice"},{"floor":20.0,"key":"Regen Potion"},{"floor":20.0,"key":"LiquidBronze"},{"floor":22.0,"key":"Fire Potion"},{"floor":24.0,"key":"SteroidPotion"},{"floor":31.0,"key":"Swift Potion"}],"is_trial":false,"path_per_floor":["M","M","?","M","M","R","E","R","T","$","E","R","M","M","R","B",null,"M","$","?","$","M","R","M","R","T","R","?","E","R","M","R","B"],"character_chosen":"DEFECT","items_purchased":["Reprogram","SteroidPotion","Defragment","Coolheaded","Core Surge"],"campfire_rested":3,"item_purchase_floors":[10,10,19,19,19],"current_hp_per_floor":[57,50,32,32,25,46,40,40,40,40,33,33,30,30,30,30,61,28,28,28,28,20,57,34,34,34,34,34,34,34,9,46,0],"gold":90,"neow_bonus":"HUNDRED_GOLD","is_prod":false,"is_daily":false,"chose_seed":false,"campfire_upgraded":6,"win_rate":0,"timestamp":1557867055,"path_taken":["M","M","?","M","M","R","E","R","T","$","E","R","M","M","R","BOSS","M","$","?","?","?","R","M","R","T","R","?","E","R","M","R","BOSS"],"build_version":"2019-01-23","purchased_purges":1,"victory":false,"max_hp_per_floor":[71,71,71,71,71,71,71,71,71,71,71,71,71,71,71,71,71,76,76,76,76,76,76,76,76,76,76,76,76,76,76,76,76],"card_choices":[{"not_picked":["Recycle","Beam Cell"],"picked":"Compile Driver","floor":1.0},{"not_picked":["Conserve Battery","Compile Driver"],"picked":"Cold Snap","floor":2.0},{"not_picked":["Steam","Recycle"],"picked":"Sunder","floor":4.0},{"not_picked":["Recycle","Redo"],"picked":"Hologram","floor":5.0},{"not_picked":["Darkness","Storm"],"picked":"Cold Snap","floor":7.0},{"not_picked":["Hologram","Compile Driver"],"picked":"Leap","floor":11.0},{"not_picked":["Scrape","Conserve Battery"],"picked":"Fission","floor":13.0},{"not_picked":["Redo","Beam Cell"],"picked":"Loop","floor":14.0},{"not_picked":["Reboot","Biased Cognition"],"picked":"Machine Learning","floor":16.0},{"not_picked":["Gash","Conserve Battery"],"picked":"Steam","floor":18.0},{"not_picked":["Auto Shields","Double Energy"],"picked":"Capacitor","floor":22.0},{"not_picked":["Coolheaded","Force Field"],"picked":"Self Repair","floor":24.0},{"not_picked":["Hologram","Undo"],"picked":"Creative AI","floor":29.0},{"not_picked":["Redo","Cold Snap"],"picked":"Stack","floor":31.0}],"player_experience":615179,"relics_obtained":[{"floor":7.0,"key":"Potion Belt"},{"floor":9.0,"key":"Vajra"},{"floor":11.0,"key":"Regal Pillow"},{"floor":26.0,"key":"Ornamental Fan"},{"floor":29.0,"key":"Dead Branch"}],"event_choices":[{"damage_healed":0.0,"max_hp_gain":0.0,"max_hp_loss":0.0,"gold_gain":0.0,"event_name":"Scrap Ooze","player_choice":"Success","floor":3.0,"gold_loss":0.0,"damage_taken":18.0,"relics_obtained":["War Paint"]},{"damage_healed":0.0,"max_hp_gain":0.0,"max_hp_loss":0.0,"gold_gain":0.0,"event_name":"Lab","player_choice":"Got Potions","floor":20.0,"gold_loss":0.0,"damage_taken":0.0},{"damage_healed":0.0,"max_hp_gain":0.0,"max_hp_loss":0.0,"gold_gain":0.0,"event_name":"The Mausoleum","player_choice":"Ignored","floor":28.0,"gold_loss":0.0,"damage_taken":0.0}],"is_beta":false,"boss_relics":[{"not_picked":["Black Star","Coffee Dripper"],"picked":"Astrolabe"}],"items_purged_floors":[10],"is_endless":false,"potions_floor_spawned":[1,2,13,16,18,22,24,31],"killed_by":"Collector","ascension_level":17}