{"path_per_floor":["M","?","M","?","?","R","M","R","T","$","R","M","M","E","R","B",null,"M","M","?","?","?","R"],"character_chosen":"IRONCLAD","items_purchased":[],"gold_per_floor":[113,113,127,127,127,127,137,137,137,62,62,82,99,130,130,225,225,238,254,169,169,169,169],"floor_reached":24,"campfire_rested":1,"playtime":2635,"current_hp_per_floor":[80,80,80,80,80,80,80,80,80,77,77,77,70,70,70,51,77,35,34,34,34,34,57],"items_purged":["Parasite"],"gold":169,"play_id":"bbb96d5b-b29c-4996-82b6-cb9289c8994a","is_prod":false,"is_daily":false,"is_ascension_mode":false,"campfire_upgraded":4,"path_taken":["M","?","M","?","?","R","M","R","T","?","R","?","?","E","R","BOSS","M","M","?","?","?","R","E"],"build_version":"2018-02-01-PROD3","purchased_purges":1,"victory":false,"master_deck":["Strike_R+1","Strike_R","Strike_R","Strike_R","Defend_R","Defend_R","Defend_R","Bash+1","Dark Embrace","Armaments+1","Warcry+1","Bludgeon","Rampage","Pummel","Battle Trance","Armaments","Reckless Charge","Armaments","Flame Barrier","Armaments+1"],"max_hp_per_floor":[80,80,80,80,80,80,80,80,80,77,77,77,77,77,77,77,77,77,77,77,77,77,77],"relics":["Burning Blood","Ice Cream","Bag of Marbles","Orrery","Toxic Egg 2"],"card_choices":[{"not_picked":["True Grit","Perfected Strike"],"picked":"Armaments"},{"not_picked":["Clothesline","Clash"],"picked":"Warcry"},{"not_picked":["True Grit","Armaments"],"picked":"Bludgeon"},{"not_picked":["Dual Wield","Rupture"],"picked":"Rampage"},{"not_picked":["Corruption","Dropkick"],"picked":"Pummel"},{"not_picked":["Warcry","Power Through"],"picked":"Battle Trance"},{"not_picked":["Reckless Charge","Dual Wield"],"picked":"Armaments"},{"not_picked":["Fire Breathing","Anger"],"picked":"Reckless Charge"},{"not_picked":["Corruption","Anger"],"picked":"Armaments"},{"not_picked":["Whirlwind","Dropkick"],"picked":"Flame Barrier"}],"player_experience":0,"potions_floor_usage":[14,16,24,24,24],"damage_taken":[{"damage":3,"enemies":"Small Slimes","floor":1,"turns":3},{"damage":0,"enemies":"Cultist","floor":3,"turns":4},{"damage":5,"enemies":"Jaw Worm","floor":7,"turns":4},{"damage":4,"enemies":"2 Fungi Beasts","floor":12,"turns":4},{"damage":13,"enemies":"Lots of Slimes","floor":13,"turns":7},{"damage":6,"enemies":"3 Sentries","floor":14,"turns":6},{"damage":40,"enemies":"The Guardian","floor":16,"turns":10},{"damage":48,"enemies":"Spheric Guardian","floor":18,"turns":8},{"damage":7,"enemies":"Shell Parasite","floor":19,"turns":8},{"damage":61,"enemies":"Gremlin Leader","floor":24,"turns":9}],"event_choices":[{"event_name":"Living Wall","player_choice":"Forget","floor":2,"damage_taken":0},{"event_name":"Bonfire Elementals","player_choice":"BASIC","floor":4,"damage_taken":0},{"event_name":"Match and Keep!","player_choice":"2 cards matched","floor":5,"damage_taken":0},{"event_name":"Addict","player_choice":"Obtained Relic","floor":20,"damage_taken":0},{"event_name":"Drug Dealer","player_choice":"Ignored","floor":21,"damage_taken":0},{"event_name":"Duplicator","player_choice":"One dupe","floor":22,"damage_taken":0}],"boss_relics":[{"not_picked":["Runic Pyramid","Eternal Feather"],"picked":"Orrery"}],"potions_floor_spawned":[7,12,13,14,18,19],"seed_played":"795787570580276242","killed_by":"Gremlin Leader","ascension_level":0,"is_trial":false}