{"gold_per_floor":[116,126,144,144,164,164,182,213,213,225,225,30,60,76,76,171,171,190,190,201,54,329,329,355,355,378,410,423,423],"floor_reached":29,"playtime":1174,"items_purged":[],"score":340,"play_id":"769523dc-6221-429c-8e4f-65b94fdf4199","local_time":"20190526012657","is_ascension_mode":false,"campfire_choices":[{"data":"Sucker Punch","floor":6,"key":"SMITH"},{"floor":11,"key":"REST"},{"data":"Footwork","floor":15,"key":"SMITH"},{"data":"Bullet Time","floor":23,"key":"SMITH"},{"data":"A Thousand Cuts","floor":25,"key":"SMITH"}],"neow_cost":"NONE","seed_source_timestamp":325734220547788,"circlet_count":0,"master_deck":["Defend_G","Defend_G","Defend_G","Defend_G","Defend_G","Strike_G","Strike_G","Strike_G","Strike_G","Strike_G","Survivor","Neutralize+1","Poisoned Stab","Sucker Punch+1","Dagger Throw","Bullet Time+1","Slice","Crippling Poison","Footwork+1","Doppelganger+1","Backstab","A Thousand Cuts+1","Predator+1","PiercingWail","Regret","Dagger Spray+1","Dash"],"relics":["Ring of the Snake","Incense Burner","Nunchaku","HandDrill","Odd Mushroom","Philosopher\u0027s Stone","Oddly Smooth Stone","Frozen Egg 2","Happy Flower","Peace Pipe"],"potions_floor_usage":[16,16,18,24,29],"damage_taken":[{"damage":2,"enemies":"Cultist","floor":1,"turns":5},{"damage":0,"enemies":"2 Louse","floor":2,"turns":4},{"damage":3,"enemies":"Jaw Worm","floor":3,"turns":4},{"damage":13,"enemies":"Lots of Slimes","floor":5,"turns":4},{"damage":6,"enemies":"Exordium Thugs","floor":7,"turns":5},{"damage":23,"enemies":"3 Sentries","floor":8,"turns":9},{"damage":0,"enemies":"Red Slaver","floor":10,"turns":3},{"damage":1,"enemies":"The Mushroom Lair","floor":13,"turns":4},{"damage":0,"enemies":"Gremlin Gang","floor":14,"turns":3},{"damage":0,"enemies":"Hexaghost","floor":16,"turns":10},{"damage":6,"enemies":"2 Thieves","floor":18,"turns":4},{"damage":18,"enemies":"Shell Parasite","floor":20,"turns":4},{"damage":0,"enemies":"Gremlin Leader","floor":24,"turns":4},{"damage":32,"enemies":"Slavers","floor":27,"turns":4},{"damage":17,"enemies":"Cultist and Chosen","floor":28,"turns":6},{"damage":4,"enemies":"Book of Stabbing","floor":29,"turns":3}],"seed_played":"-1449694037759741453","potions_obtained":[{"floor":2,"key":"Swift Potion"},{"floor":3,"key":"EssenceOfSteel"},{"floor":8,"key":"SpeedPotion"},{"floor":14,"key":"Strength Potion"},{"floor":16,"key":"AttackPotion"},{"floor":28,"key":"PowerPotion"}],"is_trial":false,"path_per_floor":["M","M","M","?","M","R","M","E","T","M","R","$","?","M","R","B",null,"M","?","M","$","?","R","E","R","T","E","M","E"],"character_chosen":"THE_SILENT","items_purchased":["HandDrill","Oddly Smooth Stone"],"campfire_rested":1,"item_purchase_floors":[12,21],"current_hp_per_floor":[75,75,72,72,59,59,53,30,30,30,53,53,52,52,52,52,77,71,71,53,53,53,53,53,53,53,21,4,0],"gold":423,"neow_bonus":"TEN_PERCENT_HP_BONUS","is_prod":false,"is_daily":false,"chose_seed":false,"campfire_upgraded":4,"win_rate":0.0,"timestamp":1558852017,"path_taken":["M","M","M","?","M","R","M","E","T","?","R","$","?","M","R","BOSS","M","?","?","?","?","R","E","R","T","E","M","E"],"build_version":"2019-01-23","purchased_purges":0,"victory":false,"max_hp_per_floor":[77,77,77,77,77,77,77,77,77,77,77,77,77,77,77,77,77,77,77,77,77,77,77,77,77,77,77,77,77],"card_choices":[{"not_picked":["Eviscerate","Riddle With Holes"],"picked":"Poisoned Stab","floor":1},{"not_picked":["Blur","Poisoned Stab"],"picked":"Sucker Punch","floor":2},{"not_picked":["Prepared","Skewer"],"picked":"Dagger Throw","floor":3},{"not_picked":["Backflip","Calculated Gamble"],"picked":"Bullet Time","floor":5},{"not_picked":["Sucker Punch","Prepared"],"picked":"Slice","floor":7},{"not_picked":["PiercingWail","Quick Slash"],"picked":"Crippling Poison","floor":8},{"not_picked":["Infinite Blades","Outmaneuver"],"picked":"Footwork","floor":10},{"not_picked":["Acrobatics","Dagger Throw"],"picked":"Doppelganger","floor":13},{"not_picked":["Quick Slash","Slice"],"picked":"Backstab","floor":14},{"not_picked":["Night Terror","Bullet Time"],"picked":"A Thousand Cuts","floor":16},{"not_picked":["Quick Slash","Skewer+1"],"picked":"Predator+1","floor":18},{"not_picked":["Crippling Poison+1","Masterful Stab+1"],"picked":"PiercingWail","floor":20},{"not_picked":["Outmaneuver+1","Slice","Choke+1"],"picked":"SKIP","floor":24},{"not_picked":["Flying Knee","Predator"],"picked":"Dagger Spray+1","floor":27},{"not_picked":["Underhanded Strike","Dagger Spray"],"picked":"Dash","floor":28}],"player_experience":2419,"relics_obtained":[{"floor":8,"key":"Incense Burner"},{"floor":9,"key":"Nunchaku"},{"floor":13,"key":"Odd Mushroom"},{"floor":24,"key":"Frozen Egg 2"},{"floor":26,"key":"Happy Flower"},{"floor":27,"key":"Peace Pipe"}],"event_choices":[{"damage_healed":0,"gold_gain":0,"player_choice":"Upgraded","damage_taken":0,"max_hp_gain":0,"max_hp_loss":0,"event_name":"Upgrade Shrine","floor":4,"gold_loss":0,"cards_upgraded":["Neutralize"]},{"damage_healed":0,"gold_gain":0,"player_choice":"Fought Mushrooms","damage_taken":0,"max_hp_gain":0,"max_hp_loss":0,"event_name":"Mushrooms","floor":13,"gold_loss":0},{"damage_healed":0,"gold_gain":0,"player_choice":"Forge","damage_taken":0,"max_hp_gain":0,"max_hp_loss":0,"event_name":"Accursed Blacksmith","floor":19,"gold_loss":0,"cards_upgraded":["Doppelganger"]},{"damage_healed":0,"gold_gain":275,"player_choice":"Desecrate","damage_taken":0,"max_hp_gain":0,"max_hp_loss":0,"event_name":"Golden Shrine","floor":22,"gold_loss":0,"cards_obtained":["Regret"]}],"is_beta":false,"boss_relics":[{"not_picked":["HoveringKite","Busted Crown"],"picked":"Philosopher\u0027s Stone"}],"items_purged_floors":[],"is_endless":false,"potions_floor_spawned":[2,3,8,14,16,28],"killed_by":"Book of Stabbing","ascension_level":0}