{"gold_per_floor":[119,139,154,170,170,198,211,241,265,265,265,265,276,309,309,414,414,431,449,44,58,77,2,29,29,84,9,41,41,41,61,61,159,159,173,186,196,196,216,216,247,263,263,288,288,288,315,332,332,332],"floor_reached":50,"playtime":5357,"items_purged":["Strike_R"],"score":644,"play_id":"4cefebca-df40-4716-9db6-db1e3bb6f3f2","local_time":"20190407154942","is_ascension_mode":false,"campfire_choices":[{"data":"Bludgeon","floor":10,"key":"SMITH"},{"floor":15,"key":"REST"},{"data":"Rampage","floor":30,"key":"SMITH"},{"data":"Flame Barrier","floor":32,"key":"SMITH"},{"data":"Rampage","floor":40,"key":"SMITH"},{"data":"Rage","floor":46,"key":"SMITH"},{"data":"Juggernaut","floor":49,"key":"SMITH"}],"neow_cost":"PERCENT_DAMAGE","seed_source_timestamp":2856530654853659,"circlet_count":0,"master_deck":["Strike_R","Defend_R","Bash+1","Headbutt","Shockwave","Dropkick","Shrug It Off","Rampage+1","Ghostly Armor","Bludgeon+1","Pummel","Shrug It Off+1","Sword Boomerang","Burning Pact+1","Juggernaut+1","Rampage+1","Bandage Up+1","Rage+1","Headbutt","Disarm","Flame Barrier+1","Sever Soul+1","Feed","Entrench+1","Pummel+1","Rampage+1","Headbutt+1","Combust","Bludgeon+1","Iron Wave","Burning Pact+1"],"relics":["Burning Blood","Strawberry","Red Skull","Anchor","Potion Belt","Mark of Pain","FossilizedHelix","PreservedInsect","MutagenicStrength","War Paint","WingedGreaves","Sozu","Paper Frog","Toxic Egg 2","Lantern","Champion Belt"],"potions_floor_usage":[4,6,16,18,50,50,50],"damage_taken":[{"damage":16,"enemies":"2 Louse","floor":1,"turns":3},{"damage":0,"enemies":"Small Slimes","floor":2,"turns":2},{"damage":1,"enemies":"Cultist","floor":3,"turns":3},{"damage":11,"enemies":"Exordium Wildlife","floor":4,"turns":5},{"damage":13,"enemies":"3 Sentries","floor":6,"turns":6},{"damage":0,"enemies":"2 Fungi Beasts","floor":7,"turns":3},{"damage":23,"enemies":"Gremlin Nob","floor":8,"turns":4},{"damage":0,"enemies":"Large Slime","floor":13,"turns":2},{"damage":21,"enemies":"Lagavulin","floor":14,"turns":5},{"damage":37,"enemies":"The Guardian","floor":16,"turns":9},{"damage":22,"enemies":"Spheric Guardian","floor":18,"turns":4},{"damage":13,"enemies":"3 Byrds","floor":19,"turns":7},{"damage":25,"enemies":"3 Cultists","floor":21,"turns":6},{"damage":7,"enemies":"Snake Plant","floor":22,"turns":2},{"damage":16,"enemies":"Book of Stabbing","floor":24,"turns":4},{"damage":17,"enemies":"Gremlin Leader","floor":28,"turns":6},{"damage":0,"enemies":"Snecko","floor":31,"turns":3},{"damage":25,"enemies":"Champ","floor":33,"turns":12},{"damage":0,"enemies":"Orb Walker","floor":35,"turns":3},{"damage":28,"enemies":"3 Shapes","floor":36,"turns":5},{"damage":20,"enemies":"Writhing Mass","floor":37,"turns":6},{"damage":30,"enemies":"Sphere and 2 Shapes","floor":39,"turns":6},{"damage":0,"enemies":"Nemesis","floor":41,"turns":5},{"damage":19,"enemies":"Spire Growth","floor":42,"turns":5},{"damage":21,"enemies":"Giant Head","floor":44,"turns":6},{"damage":23,"enemies":"Nemesis","floor":47,"turns":7},{"damage":8,"enemies":"Maw","floor":48,"turns":6},{"damage":40,"enemies":"Awakened One","floor":50,"turns":4}],"seed_played":"-4110124503840945387","potions_obtained":[{"floor":1,"key":"Fruit Juice"},{"floor":4,"key":"Strength Potion"},{"floor":8,"key":"SneckoOil"},{"floor":16,"key":"PowerPotion"},{"floor":19,"key":"GamblersBrew"},{"floor":22,"key":"Strength Potion"},{"floor":28,"key":"Explosive Potion"},{"floor":33,"key":"Dexterity Potion"}],"is_trial":false,"path_per_floor":["M","M","M","M","?","E","M","E","T","R","?","?","M","E","R","B",null,"M","M","$","M","M","$","E","?","T","?","E","?","R","M","R","B",null,"M","M","M","?","M","R","E","M","T","E","?","R","E","M","R","B"],"character_chosen":"IRONCLAD","items_purchased":["Bandage Up","FossilizedHelix"],"campfire_rested":1,"item_purchase_floors":[20,20],"current_hp_per_floor":[46,52,57,57,50,50,56,39,39,39,39,21,27,12,39,8,92,76,69,69,54,53,53,47,47,47,47,42,42,42,54,54,41,92,92,70,62,62,47,47,59,52,52,43,43,43,32,36,36,0],"gold":332,"neow_bonus":"TRANSFORM_TWO_CARDS","is_prod":false,"is_daily":false,"chose_seed":false,"campfire_upgraded":6,"win_rate":0.0,"timestamp":1554666582,"path_taken":["M","M","M","M","?","E","M","E","T","R","?","?","M","E","R","BOSS","M","M","$","M","M","$","E","?","T","?","E","?","R","M","R","BOSS","M","M","M","?","M","R","E","M","T","E","?","R","E","?","R","BOSS"],"build_version":"2019-01-23","purchased_purges":1,"victory":false,"max_hp_per_floor":[80,80,80,85,85,92,92,92,92,92,92,92,92,92,92,92,92,92,92,92,92,92,92,92,92,92,92,92,92,92,92,92,92,92,92,92,92,92,95,95,95,95,95,95,95,95,95,95,95,98],"card_choices":[{"not_picked":["Dual Wield","Headbutt"],"picked":"Dropkick","floor":1},{"not_picked":["Perfected Strike","Corruption"],"picked":"Shrug It Off","floor":2},{"not_picked":["Armaments","Perfected Strike"],"picked":"Rampage","floor":3},{"not_picked":["Body Slam","Hemokinesis"],"picked":"Ghostly Armor","floor":4},{"not_picked":["Seeing Red","Thunderclap"],"picked":"Bludgeon","floor":6},{"not_picked":["Headbutt","Heavy Blade"],"picked":"Pummel","floor":7},{"not_picked":["Clothesline","Body Slam"],"picked":"Shrug It Off","floor":8},{"not_picked":["True Grit","Flex"],"picked":"Sword Boomerang","floor":13},{"not_picked":["Twin Strike","Warcry"],"picked":"Burning Pact","floor":14},{"not_picked":["Dark Embrace","Barricade"],"picked":"Juggernaut","floor":16},{"not_picked":["Headbutt","Thunderclap"],"picked":"Rampage","floor":18},{"not_picked":["True Grit+1","Twin Strike","Shrug It Off"],"picked":"SKIP","floor":19},{"not_picked":["True Grit","Ghostly Armor"],"picked":"Rage","floor":21},{"not_picked":["Flex","Clothesline"],"picked":"Headbutt","floor":22},{"not_picked":["Uppercut","Anger+1"],"picked":"Disarm","floor":24},{"not_picked":["Thunderclap","Rupture"],"picked":"Flame Barrier","floor":28},{"not_picked":["Thunderclap","Twin Strike"],"picked":"Sever Soul+1","floor":31},{"not_picked":["Reaper","Impervious"],"picked":"Feed","floor":33},{"not_picked":["Thunderclap+1","Whirlwind"],"picked":"Entrench+1","floor":35},{"not_picked":["Shrug It Off","Heavy Blade+1"],"picked":"Pummel+1","floor":36},{"not_picked":["Armaments","Thunderclap"],"picked":"Rampage","floor":37},{"not_picked":["Twin Strike+1","Perfected Strike"],"picked":"Headbutt+1","floor":39},{"not_picked":["Hemokinesis","Burning Pact"],"picked":"Combust","floor":41},{"not_picked":["Headbutt","Heavy Blade+1"],"picked":"Bludgeon","floor":42},{"not_picked":["Shrug It Off+1","Sword Boomerang"],"picked":"Iron Wave","floor":44},{"not_picked":["Warcry+1","Heavy Blade+1"],"picked":"Burning Pact+1","floor":47},{"not_picked":["Pommel Strike","Twin Strike","Headbutt+1"],"picked":"SKIP","floor":48}],"player_experience":8818,"relics_obtained":[{"floor":6,"key":"Strawberry"},{"floor":8,"key":"Red Skull"},{"floor":9,"key":"Anchor"},{"floor":14,"key":"Potion Belt"},{"floor":24,"key":"PreservedInsect"},{"floor":26,"key":"War Paint"},{"floor":28,"key":"WingedGreaves"},{"floor":41,"key":"Paper Frog"},{"floor":43,"key":"Toxic Egg 2"},{"floor":44,"key":"Lantern"},{"floor":47,"key":"Champion Belt"}],"event_choices":[{"cards_removed":["Defend_R"],"damage_healed":0,"gold_gain":0,"player_choice":"Card Removal","damage_taken":7,"max_hp_gain":0,"max_hp_loss":0,"event_name":"Golden Wing","floor":5,"gold_loss":0},{"damage_healed":0,"gold_gain":0,"player_choice":"Grow","damage_taken":0,"max_hp_gain":0,"max_hp_loss":0,"event_name":"Living Wall","floor":11,"gold_loss":0,"cards_upgraded":["Rampage"]},{"damage_healed":0,"gold_gain":0,"player_choice":"Entered Light","damage_taken":18,"max_hp_gain":0,"max_hp_loss":0,"event_name":"Shining Light","floor":12,"gold_loss":0,"cards_upgraded":["Shrug It Off","Bash"]},{"damage_healed":0,"gold_gain":0,"player_choice":"Inject Mutagens","damage_taken":0,"relics_obtained":["MutagenicStrength"],"max_hp_gain":0,"max_hp_loss":0,"event_name":"Drug Dealer","floor":25,"gold_loss":0},{"cards_removed":["Strike_R"],"damage_healed":0,"gold_gain":0,"player_choice":"Gave Gold","damage_taken":0,"max_hp_gain":0,"max_hp_loss":0,"event_name":"Beggar","floor":27,"gold_loss":75},{"cards_removed":["Defend_R"],"damage_healed":0,"gold_gain":0,"player_choice":"Elegance","damage_taken":0,"max_hp_gain":0,"max_hp_loss":0,"event_name":"Back to Basics","floor":29,"gold_loss":0},{"cards_removed":["Strike_R"],"damage_healed":0,"gold_gain":0,"player_choice":"Removed Attack","damage_taken":0,"max_hp_gain":0,"max_hp_loss":0,"event_name":"Falling","floor":38,"gold_loss":0},{"damage_healed":0,"gold_gain":0,"player_choice":"Forge","damage_taken":0,"max_hp_gain":0,"max_hp_loss":0,"event_name":"Accursed Blacksmith","floor":45,"gold_loss":0,"cards_upgraded":["Bludgeon"]}],"is_beta":false,"boss_relics":[{"not_picked":["Runic Dome","Busted Crown"],"picked":"Mark of Pain"},{"not_picked":["Black Blood","White Beast Statue"],"picked":"Sozu"}],"items_purged_floors":[23],"is_endless":false,"potions_floor_spawned":[1,4,8,16,19,22,28,33,35,39,41,42],"killed_by":"Awakened One","ascension_level":0}