{"gold_per_floor":[109,34,46,66,66,93,93,152,152,152,170,170,202,35,35,35],"floor_reached":16,"playtime":582,"items_purged":[],"score":216,"play_id":"82695c3b-e576-4097-9440-daafc61c067b","local_time":"20190515164557","is_ascension_mode":true,"campfire_choices":[{"data":"Zap","floor":7,"key":"SMITH"},{"data":"Glacier","floor":10,"key":"SMITH"},{"data":"Coolheaded","floor":15,"key":"SMITH"}],"neow_cost":"NONE","seed_source_timestamp":94372688273827,"circlet_count":0,"master_deck":["AscendersBane","Strike_B","Strike_B","Strike_B","Defend_B","Defend_B","Defend_B","Defend_B","Zap+1","Dualcast","Cold Snap","Rip and Tear","Leap","Glacier+1","Coolheaded+1","Self Repair"],"relics":["Cracked Core","NeowsBlessing","Meat on the Bone","Question Card","Bottled Lightning","Centennial Puzzle","PreservedInsect"],"potions_floor_usage":[6,13,16],"damage_taken":[{"damage":0,"enemies":"Small Slimes","floor":1,"turns":1},{"damage":0,"enemies":"2 Louse","floor":3,"turns":1},{"damage":0,"enemies":"Jaw Worm","floor":4,"turns":1},{"damage":8,"enemies":"Gremlin Nob","floor":6,"turns":3},{"damage":25,"enemies":"Gremlin Nob","floor":8,"turns":4},{"damage":0,"enemies":"2 Fungi Beasts","floor":11,"turns":3},{"damage":6,"enemies":"3 Sentries","floor":13,"turns":7},{"damage":60,"enemies":"Hexaghost","floor":16,"turns":11}],"seed_played":"6389674289765201236","potions_obtained":[{"floor":1,"key":"Fire Potion"},{"floor":6,"key":"Explosive Potion"},{"floor":13,"key":"Weak Potion"}],"is_trial":false,"path_per_floor":["M","?","M","M","$","E","R","?","T","R","M","?","E","$","R","B"],"character_chosen":"DEFECT","items_purchased":["PreservedInsect"],"campfire_rested":0,"item_purchase_floors":[14],"current_hp_per_floor":[64,64,64,64,64,56,56,43,43,43,43,66,60,60,60,0],"gold":35,"neow_bonus":"THREE_ENEMY_KILL","is_prod":false,"is_daily":false,"chose_seed":false,"campfire_upgraded":3,"win_rate":0,"timestamp":1557953157,"path_taken":["M","?","M","M","$","E","R","?","T","R","M","?","E","$","R","BOSS"],"build_version":"2019-01-23","purchased_purges":0,"victory":false,"max_hp_per_floor":[71,71,71,71,71,71,71,71,71,71,71,71,71,71,71,71],"card_choices":[{"not_picked":["BootSequence","Reprogram"],"picked":"Cold Snap","floor":1},{"not_picked":["Barrage","Consume","Aggregate"],"picked":"SKIP","floor":3},{"not_picked":["Capacitor","Steam"],"picked":"Rip and Tear","floor":4},{"not_picked":["Streamline","Aggregate"],"picked":"Leap","floor":6},{"not_picked":["Scrape","Conserve Battery"],"picked":"Glacier","floor":8},{"not_picked":["Leap","Aggregate","Hello World"],"picked":"Coolheaded","floor":11},{"not_picked":["White Noise","Beam Cell","Go for the Eyes"],"picked":"Self Repair","floor":13}],"player_experience":654587,"relics_obtained":[{"floor":6,"key":"Meat on the Bone"},{"floor":8,"key":"Question Card"},{"floor":9,"key":"Bottled Lightning"},{"floor":13,"key":"Centennial Puzzle"}],"event_choices":[{"cards_removed":["Strike_B"],"damage_healed":0,"gold_gain":0,"player_choice":"Card Removal","damage_taken":0,"max_hp_gain":0,"max_hp_loss":0,"event_name":"The Cleric","floor":2,"gold_loss":75},{"damage_healed":0,"gold_gain":30,"player_choice":"Searched \u00273\u0027 times","damage_taken":0,"max_hp_gain":0,"max_hp_loss":0,"event_name":"Dead Adventurer","floor":8,"gold_loss":0},{"damage_healed":23,"gold_gain":0,"player_choice":"Banana","damage_taken":0,"max_hp_gain":0,"max_hp_loss":0,"event_name":"Big Fish","floor":12,"gold_loss":0}],"is_beta":false,"boss_relics":[],"items_purged_floors":[],"is_endless":false,"potions_floor_spawned":[1,6,13],"killed_by":"Hexaghost","ascension_level":20}