{"gold_per_floor":[218,293,313,323,4,4,34,34,34,34,94,94,128,28,28,126,126,137,62,72,72,90,117,117,136,136,161,36,70,145,156,156,252,252,267,286,300,150,166,166,166],"floor_reached":41,"playtime":3264,"items_purged":["Defend_R","Defend_R","Defend_R","Strike_R"],"score":557,"play_id":"b10aea65-0d2b-4b63-861a-cccd782e7a6a","local_time":"20190415164805","is_ascension_mode":true,"campfire_choices":[{"data":"True Grit","floor":6,"key":"SMITH"},{"data":"Immolate","floor":8,"key":"SMITH"},{"data":"Iron Wave","floor":10,"key":"SMITH"},{"data":"Shrug It Off","floor":12,"key":"SMITH"},{"data":"Shrug It Off","floor":15,"key":"SMITH"},{"data":"True Grit","floor":24,"key":"SMITH"},{"data":"Pommel Strike","floor":32,"key":"SMITH"},{"floor":40,"key":"REST"}],"neow_cost":"NONE","seed_source_timestamp":3553310571823584,"circlet_count":0,"master_deck":["Strike_R","Strike_R","Strike_R","Strike_R","Bash","Shrug It Off+1","True Grit+1","Iron Wave+1","Immolate+1","Shrug It Off+1","Spot Weakness","Dark Embrace+1","True Grit+1","Headbutt","Necronomicurse","Flame Barrier+1","Iron Wave","Pommel Strike+1","Rupture+1","Dual Wield+1","Pommel Strike","Double Tap","Headbutt+1","Body Slam+1","Metallicize+1"],"relics":["Burning Blood","Frozen Egg 2","Sundial","Bronze Scales","Dead Branch","Bird Faced Urn","Mark of Pain","Necronomicon","Paper Frog","Singing Bowl","Mummified Hand","Dream Catcher","Cursed Key"],"potions_floor_usage":[11,27,27,33,33,41,41],"damage_taken":[{"damage":2,"enemies":"2 Louse","floor":1,"turns":4},{"damage":4,"enemies":"Small Slimes","floor":3,"turns":4},{"damage":1,"enemies":"Cultist","floor":4,"turns":4},{"damage":42,"enemies":"Gremlin Nob","floor":7,"turns":6},{"damage":1,"enemies":"Gremlin Nob","floor":11,"turns":3},{"damage":25,"enemies":"Lagavulin","floor":13,"turns":6},{"damage":11,"enemies":"Hexaghost","floor":16,"turns":9},{"damage":0,"enemies":"Chosen","floor":18,"turns":3},{"damage":11,"enemies":"Spheric Guardian","floor":20,"turns":4},{"damage":5,"enemies":"Centurion and Healer","floor":22,"turns":2},{"damage":24,"enemies":"Book of Stabbing","floor":23,"turns":5},{"damage":2,"enemies":"Snecko","floor":25,"turns":3},{"damage":0,"enemies":"Slavers","floor":27,"turns":1},{"damage":21,"enemies":"Book of Stabbing","floor":29,"turns":3},{"damage":13,"enemies":"Snake Plant","floor":31,"turns":2},{"damage":9,"enemies":"Collector","floor":33,"turns":5},{"damage":12,"enemies":"3 Darklings","floor":35,"turns":4},{"damage":0,"enemies":"Orb Walker","floor":36,"turns":2},{"damage":70,"enemies":"Writhing Mass","floor":37,"turns":7},{"damage":23,"enemies":"Spire Growth","floor":39,"turns":4},{"damage":44,"enemies":"Giant Head","floor":41,"turns":7}],"seed_played":"-5017178808941859880","potions_obtained":[{"floor":7,"key":"Poison Potion"},{"floor":11,"key":"GamblersBrew"},{"floor":23,"key":"SteroidPotion"},{"floor":25,"key":"LiquidBronze"},{"floor":29,"key":"Dexterity Potion"},{"floor":31,"key":"SpeedPotion"},{"floor":35,"key":"SpeedPotion"},{"floor":39,"key":"SteroidPotion"}],"is_trial":false,"path_per_floor":["M","?","M","M","$","R","E","R","T","R","?","R","E","$","R","B",null,"M","?","M","?","M","E","R","M","T","E","$","E","?","M","R","B",null,"M","M","M","$","M","R","E"],"character_chosen":"IRONCLAD","items_purchased":["Frozen Egg 2"],"campfire_rested":1,"item_purchase_floors":[5],"current_hp_per_floor":[80,69,71,76,76,76,40,40,40,40,45,45,26,26,26,21,80,80,80,75,59,60,44,44,50,50,56,56,43,35,30,30,31,80,74,82,24,24,9,34,0],"gold":166,"neow_bonus":"HUNDRED_GOLD","is_prod":false,"is_daily":false,"chose_seed":false,"campfire_upgraded":7,"win_rate":0,"timestamp":1555361285,"path_taken":["M","?","M","M","$","R","E","R","T","R","?","R","E","$","R","BOSS","M","?","M","?","M","E","R","M","T","E","$","E","?","M","R","BOSS","M","?","M","$","?","R","E"],"build_version":"2019-01-23","purchased_purges":4,"victory":false,"max_hp_per_floor":[80,80,80,80,80,80,80,80,80,80,80,80,80,80,80,80,80,80,80,80,80,80,80,80,80,80,80,80,80,80,80,80,80,80,80,82,84,84,84,84,84],"card_choices":[{"not_picked":["Havoc","Clothesline"],"picked":"Shrug It Off","floor":1},{"not_picked":["Warcry","Shrug It Off"],"picked":"True Grit","floor":3},{"not_picked":["True Grit","Shrug It Off"],"picked":"Iron Wave","floor":4},{"not_picked":["Thunderclap","Clash"],"picked":"Immolate","floor":7},{"not_picked":["Power Through","Thunderclap"],"picked":"Shrug It Off","floor":11},{"not_picked":["Battle Trance","Flex"],"picked":"Spot Weakness","floor":13},{"not_picked":["Exhume","Barricade+1"],"picked":"Dark Embrace+1","floor":16},{"not_picked":["Clothesline","Shrug It Off"],"picked":"True Grit","floor":18},{"not_picked":["Clash","Carnage"],"picked":"Headbutt","floor":20},{"not_picked":["Body Slam","Rampage"],"picked":"Flame Barrier+1","floor":22},{"not_picked":["Twin Strike","Thunderclap"],"picked":"Iron Wave","floor":23},{"not_picked":["Perfected Strike+1","Ghostly Armor"],"picked":"Pommel Strike","floor":25},{"not_picked":["Cleave+1","Warcry"],"picked":"Rupture+1","floor":27},{"not_picked":["Disarm","Anger"],"picked":"Dual Wield+1","floor":29},{"not_picked":["Bloodletting","Thunderclap+1"],"picked":"Pommel Strike","floor":31},{"not_picked":["Dark Embrace+1","Reaper"],"picked":"Double Tap","floor":33},{"not_picked":["Anger","Cleave"],"picked":"Headbutt+1","floor":35},{"not_picked":["Flex","Havoc","Corruption+1"],"picked":"Singing Bowl","floor":36},{"not_picked":["Burning Pact+1","Dropkick+1","Perfected Strike+1"],"picked":"Singing Bowl","floor":37},{"not_picked":["True Grit+1","Warcry+1"],"picked":"Body Slam+1","floor":39},{"not_picked":["Clash","Warcry+1"],"picked":"Metallicize+1","floor":40}],"player_experience":91847,"relics_obtained":[{"floor":7,"key":"Sundial"},{"floor":9,"key":"Bronze Scales"},{"floor":13,"key":"Bird Faced Urn"},{"floor":21,"key":"Necronomicon"},{"floor":23,"key":"Paper Frog"},{"floor":26,"key":"Singing Bowl"},{"floor":27,"key":"Mummified Hand"},{"floor":29,"key":"Dream Catcher"}],"event_choices":[{"damage_healed":0,"gold_gain":75,"player_choice":"Gather Gold","damage_taken":11,"max_hp_gain":0,"max_hp_loss":0,"event_name":"World of Goop","floor":2,"gold_loss":0},{"damage_healed":0,"gold_gain":30,"player_choice":"Searched \u00273\u0027 times","damage_taken":0,"relics_obtained":["Dead Branch"],"max_hp_gain":0,"max_hp_loss":0,"event_name":"Dead Adventurer","floor":11,"gold_loss":0},{"cards_removed":["Defend_R"],"damage_healed":0,"gold_gain":0,"player_choice":"Gave Gold","damage_taken":0,"max_hp_gain":0,"max_hp_loss":0,"event_name":"Beggar","floor":19,"gold_loss":75},{"damage_healed":0,"gold_gain":0,"player_choice":"Obtained Book","damage_taken":16,"max_hp_gain":0,"max_hp_loss":0,"event_name":"Cursed Tome","floor":21,"gold_loss":0},{"damage_healed":0,"gold_gain":75,"player_choice":"Touch","damage_taken":8,"max_hp_gain":0,"max_hp_loss":0,"event_name":"FaceTrader","floor":30,"gold_loss":0}],"is_beta":false,"boss_relics":[{"not_picked":["Sozu","Philosopher\u0027s Stone"],"picked":"Mark of Pain"},{"not_picked":["Astrolabe","Black Blood"],"picked":"Cursed Key"}],"items_purged_floors":[5,14,28,38],"is_endless":false,"potions_floor_spawned":[7,11,23,25,29,31,35,39],"killed_by":"Giant Head","ascension_level":3}