{"gold_per_floor":[113,113,188,203,220,220,238,249,320,320,320,330,363,425,425,500,550,560,610],"floor_reached":19,"playtime":1006,"items_purged":[],"score":392,"play_id":"68058f75-7c4c-4010-88eb-1b865b2584ba","local_time":"20190519224608","is_ascension_mode":true,"campfire_choices":[{"data":"Zap","floor":6.0,"key":"SMITH"},{"data":"Sweeping Beam","floor":10.0,"key":"SMITH"},{"data":"Defragment","floor":15.0,"key":"SMITH"}],"neow_cost":"NONE","seed_source_timestamp":461065194294546,"circlet_count":0,"master_deck":["AscendersBane","Strike_B","Strike_B","Strike_B","Strike_B","Defend_B","Defend_B","Defend_B","Defend_B","Zap+1","Dualcast","Reinforced Body","FTL","Glacier","Sweeping Beam+1","BootSequence","Go for the Eyes+1","Multi-Cast","Defragment+1","Core Surge","Reprogram"],"special_seed":0,"relics":["Cracked Core","Turnip","Bottled Lightning","SsserpentHead","Happy Flower","Tiny House"],"potions_floor_usage":[16,16],"damage_taken":[{"damage":10.0,"enemies":"Small Slimes","floor":1.0,"turns":4.0},{"damage":0.0,"enemies":"2 Louse","floor":4.0,"turns":2.0},{"damage":0.0,"enemies":"Cultist","floor":5.0,"turns":3.0},{"damage":1.0,"enemies":"Large Slime","floor":7.0,"turns":7.0},{"damage":0.0,"enemies":"Blue Slaver","floor":8.0,"turns":4.0},{"damage":0.0,"enemies":"Looter","floor":12.0,"turns":4.0},{"damage":0.0,"enemies":"3 Sentries","floor":13.0,"turns":2.0},{"damage":5.0,"enemies":"Exordium Thugs","floor":14.0,"turns":3.0},{"damage":11,"enemies":"The Guardian","floor":16,"turns":10},{"damage":12,"enemies":"Chosen","floor":18,"turns":7},{"damage":65,"enemies":"Masked Bandits","floor":19,"turns":5}],"seed_played":"4499930476590691395","potions_obtained":[{"floor":4.0,"key":"AttackPotion"},{"floor":5.0,"key":"Ancient Potion"},{"floor":13.0,"key":"PowerPotion"},{"floor":17,"key":"Ancient Potion"},{"floor":18,"key":"Swift Potion"}],"is_trial":false,"path_per_floor":["M","?","?","M","M","R","M","M","T","R","?","M","E","M","R","B",null,"M","?"],"character_chosen":"DEFECT","items_purchased":[],"campfire_rested":0,"item_purchase_floors":[],"current_hp_per_floor":[61,50,39,39,39,39,38,38,38,38,38,38,38,33,33,22,69,57,0],"gold":610,"neow_bonus":"TEN_PERCENT_HP_BONUS","is_prod":false,"is_daily":false,"chose_seed":false,"campfire_upgraded":3,"win_rate":0,"timestamp":1558320368,"path_taken":["M","?","?","M","M","R","M","M","T","R","?","M","E","?","R","BOSS","M","?"],"build_version":"2019-01-23","purchased_purges":0,"victory":false,"max_hp_per_floor":[78,78,78,78,78,78,78,78,78,78,78,78,78,78,78,78,83,83,83],"card_choices":[{"not_picked":["Conserve Battery","Beam Cell"],"picked":"Reinforced Body","floor":1.0},{"not_picked":["Turbo","Hello World"],"picked":"FTL","floor":4.0},{"not_picked":["Sunder","Barrage"],"picked":"Glacier","floor":5.0},{"not_picked":["Blizzard","Coolheaded"],"picked":"Sweeping Beam","floor":7.0},{"not_picked":["Barrage","Redo"],"picked":"BootSequence","floor":8.0},{"not_picked":["Cold Snap","Conserve Battery"],"picked":"Go for the Eyes","floor":12.0},{"not_picked":["Beam Cell","Go for the Eyes"],"picked":"Multi-Cast","floor":13.0},{"not_picked":["Gash","Compile Driver"],"picked":"Defragment","floor":14.0},{"not_picked":["Hyperbeam","Buffer"],"picked":"Core Surge","floor":16},{"not_picked":["Streamline","Force Field"],"picked":"Reprogram","floor":18}],"player_experience":712252,"relics_obtained":[{"floor":9.0,"key":"Bottled Lightning"},{"floor":13.0,"key":"Happy Flower"}],"event_choices":[{"damage_healed":0.0,"max_hp_gain":0.0,"max_hp_loss":0.0,"gold_gain":0.0,"event_name":"Scrap Ooze","player_choice":"Success","floor":2.0,"gold_loss":0.0,"damage_taken":11.0,"relics_obtained":["Turnip"]},{"damage_healed":0.0,"max_hp_gain":0.0,"max_hp_loss":0.0,"gold_gain":75.0,"event_name":"World of Goop","player_choice":"Gather Gold","floor":3.0,"gold_loss":0.0,"damage_taken":11.0},{"damage_healed":0.0,"max_hp_gain":0.0,"max_hp_loss":0.0,"gold_gain":0.0,"event_name":"FaceTrader","player_choice":"Trade","floor":11.0,"gold_loss":0.0,"damage_taken":0.0,"relics_obtained":["SsserpentHead"]},{"damage_healed":0,"gold_gain":0,"player_choice":"Fought Bandits","damage_taken":0,"max_hp_gain":0,"max_hp_loss":0,"event_name":"Masked Bandits","floor":19,"gold_loss":0}],"is_beta":false,"boss_relics":[{"not_picked":["Runic Pyramid","Sozu"],"picked":"Tiny House"}],"items_purged_floors":[],"is_endless":false,"potions_floor_spawned":[4,5,13,18],"killed_by":"Masked Bandits","ascension_level":20}