{"gold_per_floor":[114,17,32,32,47,47,62,62,87,102,138,138,153,183,183,283,283,298,313,328,328,343,343,258,258,283,313,313,328,193,208,208,308,308,323,338,353,368,383,383,413,413,413,428,428,28,28,28,28,28],"floor_reached":51,"playtime":5143,"items_purged":["Body Slam","Juggernaut"],"score":701,"play_id":"d9ef7c69-12b4-4d07-92fb-76fd41033ea2","local_time":"20181230123152","daily_mods":["Draft","Uncertain Future","Lethality"],"is_ascension_mode":false,"campfire_choices":[{"data":"Whirlwind","floor":6.0,"key":"SMITH"},{"data":"Sword Boomerang","floor":8.0,"key":"SMITH"},{"data":"Flame Barrier","floor":15.0,"key":"SMITH"},{"data":"Blood for Blood","floor":23.0,"key":"SMITH"},{"data":"Madness","floor":28.0,"key":"SMITH"},{"data":"Shockwave","floor":32.0,"key":"SMITH"},{"data":"Sword Boomerang","floor":40,"key":"SMITH"},{"floor":42,"key":"REST"},{"data":"Bludgeon","floor":49,"key":"SMITH"}],"neow_cost":"","seed_source_timestamp":0,"circlet_count":0,"master_deck":["Whirlwind+1","Shrug It Off","Power Through","Body Slam","Pommel Strike","Iron Wave","Sword Boomerang+1","Carnage","Shrug It Off","Anger","Flame Barrier+1","Shockwave+1","Iron Wave","Thunderclap","Reckless Charge","Madness+1","Headbutt","Pummel","Rage","Sword Boomerang+1","Sever Soul","Blood for Blood+1","Seeing Red+1","Bludgeon+1","Heavy Blade+1","Cleave+1","Warcry+1"],"special_seed":17895,"relics":["Burning Blood","Sundial","Anchor","Pantograph","Bag of Marbles","Busted Crown","Nloth\u0027s Gift","Smiling Mask","Mango","Runic Cube","Molten Egg 2","Art of War","FaceOfCleric","Red Skull","Brimstone"],"potions_floor_usage":[50,50],"damage_taken":[{"damage":11.0,"enemies":"Small Slimes","floor":1.0,"turns":2.0},{"damage":0.0,"enemies":"2 Louse","floor":3.0,"turns":1.0},{"damage":0.0,"enemies":"Cultist","floor":5.0,"turns":2.0},{"damage":7.0,"enemies":"Exordium Thugs","floor":7.0,"turns":3.0},{"damage":0.0,"enemies":"Large Slime","floor":10.0,"turns":2.0},{"damage":12.0,"enemies":"Gremlin Nob","floor":11.0,"turns":3.0},{"damage":0.0,"enemies":"Red Slaver","floor":13.0,"turns":1.0},{"damage":3.0,"enemies":"3 Sentries","floor":14.0,"turns":3.0},{"damage":62.0,"enemies":"Hexaghost","floor":16.0,"turns":6.0},{"damage":0.0,"enemies":"Shell Parasite","floor":18.0,"turns":2.0},{"damage":6.0,"enemies":"Chosen","floor":19.0,"turns":3.0},{"damage":8.0,"enemies":"Snake Plant","floor":20.0,"turns":3.0},{"damage":0.0,"enemies":"Centurion and Healer","floor":22.0,"turns":2.0},{"damage":17.0,"enemies":"Gremlin Leader","floor":27.0,"turns":3.0},{"damage":0.0,"enemies":"Chosen and Byrds","floor":29.0,"turns":2.0},{"damage":13.0,"enemies":"Snecko","floor":31.0,"turns":3.0},{"damage":43.0,"enemies":"Automaton","floor":33.0,"turns":7.0},{"damage":0.0,"enemies":"Orb Walker","floor":35.0,"turns":2.0},{"damage":19.0,"enemies":"3 Shapes","floor":36.0,"turns":3.0},{"damage":4.0,"enemies":"Transient","floor":37.0,"turns":5.0},{"damage":4.0,"enemies":"Spire Growth","floor":38.0,"turns":2.0},{"damage":11,"enemies":"Jaw Worm Horde","floor":39,"turns":4},{"damage":39,"enemies":"Giant Head","floor":41,"turns":7},{"damage":13,"enemies":"Sphere and 2 Shapes","floor":44,"turns":3},{"damage":92,"enemies":"Donu and Deca","floor":50,"turns":5}],"seed_played":"4116191872151590988","potions_obtained":[{"floor":1.0,"key":"Weak Potion"},{"floor":3.0,"key":"Energy Potion"},{"floor":11.0,"key":"GamblersBrew"},{"floor":33.0,"key":"BloodPotion"},{"floor":39,"key":"BloodPotion"}],"is_trial":false,"path_per_floor":["M","$","M","?","M","R","M","R","T","M","?","?","M","E","R","B",null,"M","M","M","?","M","R","?","?","T","E","R","M","$","M","M","R","B",null,"M","M","M","M","M","M","R","E","R","T","M","?","$","?","$","R","B",null],"character_chosen":"IRONCLAD","items_purchased":["Madness","Bandage Up","Red Skull","Brimstone"],"campfire_rested":1,"item_purchase_floors":[2,30,46,46],"current_hp_per_floor":[75,75,80,73,79,79,78,78,78,80,74,79,85,85,85,29,85,85,85,83,83,85,85,85,85,85,88,88,94,94,91,91,66,99,99,90,96,99,94,94,65,94,94,91,91,91,99,99,99,32],"gold":28,"neow_bonus":"","is_prod":false,"is_daily":true,"chose_seed":false,"campfire_upgraded":8,"win_rate":0.0,"timestamp":1546194712,"path_taken":["M","$","M","?","M","R","M","R","T","M","?","?","M","E","R","BOSS","M","M","M","?","M","R","?","?","T","E","R","M","$","M","R","BOSS","M","M","M","M","M","R","E","R","T","M","?","?","?","$","R","BOSS"],"build_version":"2018-12-20","purchased_purges":2,"victory":true,"max_hp_per_floor":[80,80,80,80,80,80,80,80,80,80,80,85,85,85,85,85,85,85,85,85,85,85,85,85,85,85,99,99,99,99,99,99,99,99,99,99,99,99,99,99,99,99,99,99,99,99,99,99,99,100],"card_choices":[{"not_picked":["Bloodletting","Pummel"],"picked":"Whirlwind","floor":0.0},{"not_picked":["Disarm","Searing Blow"],"picked":"Shrug It Off","floor":0.0},{"not_picked":["Shrug It Off","Havoc"],"picked":"Power Through","floor":0.0},{"not_picked":["Iron Wave","Rupture"],"picked":"Body Slam","floor":0.0},{"not_picked":["Disarm","Fire Breathing"],"picked":"Pommel Strike","floor":0.0},{"not_picked":["Perfected Strike","Heavy Blade"],"picked":"Iron Wave","floor":0.0},{"not_picked":["Cleave","Bloodletting"],"picked":"Sword Boomerang","floor":0.0},{"not_picked":["Rupture","Havoc"],"picked":"Body Slam","floor":0.0},{"not_picked":["Twin Strike","Clash"],"picked":"Carnage","floor":0.0},{"not_picked":["Corruption","Battle Trance"],"picked":"Shrug It Off","floor":0.0},{"not_picked":["Twin Strike","Burning Pact"],"picked":"Anger","floor":0.0},{"not_picked":["Flex","Cleave"],"picked":"Flame Barrier","floor":0.0},{"not_picked":["Feel No Pain","Body Slam"],"picked":"Shockwave","floor":0.0},{"not_picked":["Heavy Blade","Clash"],"picked":"Iron Wave","floor":0.0},{"not_picked":["Anger","Hemokinesis"],"picked":"Thunderclap","floor":0.0},{"not_picked":["Heavy Blade","Headbutt"],"picked":"Reckless Charge","floor":1.0},{"not_picked":["Cleave","Hemokinesis"],"picked":"Headbutt","floor":3.0},{"not_picked":["Pommel Strike","Twin Strike"],"picked":"Pummel","floor":5.0},{"not_picked":["Sentinel","Clothesline"],"picked":"Rage","floor":7.0},{"not_picked":["Heavy Blade","Warcry","Flame Barrier"],"picked":"SKIP","floor":10.0},{"not_picked":["Flame Barrier","Twin Strike"],"picked":"Sword Boomerang","floor":11.0},{"not_picked":["Sever Soul","Armaments","Cleave"],"picked":"SKIP","floor":13.0},{"not_picked":["Corruption","Clothesline","Offering"],"picked":"SKIP","floor":14.0},{"not_picked":["Impervious","Bludgeon"],"picked":"Juggernaut","floor":16.0},{"not_picked":["Armaments"],"picked":"SKIP","floor":18.0},{"not_picked":[],"picked":"Sever Soul","floor":19.0},{"not_picked":["Thunderclap"],"picked":"SKIP","floor":20.0},{"not_picked":[],"picked":"Seeing Red+1","floor":22.0},{"not_picked":["Warcry"],"picked":"SKIP","floor":27.0},{"not_picked":["Carnage"],"picked":"SKIP","floor":29.0},{"not_picked":["Shrug It Off"],"picked":"SKIP","floor":31.0},{"not_picked":[],"picked":"Bludgeon","floor":33.0},{"not_picked":[],"picked":"Heavy Blade+1","floor":35.0},{"not_picked":[],"picked":"Cleave+1","floor":36.0},{"not_picked":["Havoc+1"],"picked":"SKIP","floor":37.0},{"not_picked":["Burning Pact+1"],"picked":"SKIP","floor":38},{"not_picked":["Perfected Strike+1"],"picked":"SKIP","floor":39},{"not_picked":[],"picked":"Warcry+1","floor":41},{"not_picked":["Spot Weakness+1"],"picked":"SKIP","floor":44}],"player_experience":28014,"relics_obtained":[{"floor":9.0,"key":"Anchor"},{"floor":11.0,"key":"Pantograph"},{"floor":14.0,"key":"Bag of Marbles"},{"floor":26.0,"key":"Smiling Mask"},{"floor":27.0,"key":"Mango"},{"floor":41,"key":"Molten Egg 2"},{"floor":43,"key":"Art of War"}],"event_choices":[{"damage_healed":0.0,"max_hp_gain":0.0,"max_hp_loss":0.0,"gold_gain":0.0,"event_name":"Scrap Ooze","player_choice":"Success","floor":4.0,"gold_loss":0.0,"damage_taken":7.0,"relics_obtained":["Sundial"]},{"damage_healed":0.0,"max_hp_gain":0.0,"max_hp_loss":0.0,"gold_gain":0.0,"event_name":"Dead Adventurer","player_choice":"Searched \u00271\u0027 times","floor":11.0,"gold_loss":0.0,"damage_taken":0.0},{"damage_healed":0.0,"max_hp_gain":5.0,"max_hp_loss":0.0,"gold_gain":0.0,"event_name":"Big Fish","player_choice":"Donut","floor":12.0,"gold_loss":0.0,"damage_taken":0.0},{"damage_healed":0.0,"max_hp_gain":0.0,"max_hp_loss":0.0,"gold_gain":0.0,"event_name":"The Library","player_choice":"Read","floor":21.0,"gold_loss":0.0,"damage_taken":0.0,"cards_obtained":["Blood for Blood"]},{"damage_healed":0.0,"max_hp_gain":0.0,"max_hp_loss":0.0,"gold_gain":0.0,"event_name":"Addict","player_choice":"Obtained Relic","floor":24.0,"gold_loss":85.0,"damage_taken":0.0,"relics_obtained":["Blue Candle"]},{"damage_healed":0.0,"max_hp_gain":0.0,"max_hp_loss":0.0,"gold_gain":0.0,"event_name":"N\u0027loth","player_choice":"Traded Relic","floor":25.0,"relics_lost":["Blue Candle"],"gold_loss":0.0,"damage_taken":0.0,"relics_obtained":["Nloth\u0027s Gift"]},{"damage_healed":0,"gold_gain":0,"player_choice":"Trade","damage_taken":0,"relics_obtained":["FaceOfCleric"],"max_hp_gain":0,"max_hp_loss":0,"event_name":"FaceTrader","floor":45,"gold_loss":0},{"cards_removed":["Bandage Up"],"damage_healed":8,"gold_gain":0,"player_choice":"Offered Uncommon","damage_taken":0,"max_hp_gain":0,"max_hp_loss":0,"event_name":"Bonfire Elementals","floor":47,"gold_loss":0}],"is_beta":false,"boss_relics":[{"not_picked":["Ectoplasm","Orrery"],"picked":"Busted Crown"},{"not_picked":["Black Star","Runic Dome"],"picked":"Runic Cube"}],"items_purged_floors":[30,46],"is_endless":false,"potions_floor_spawned":[1,3,11,13,16,18,27,31,33,35,36,39],"ascension_level":0}