{"gold_per_floor":[114,114,139,139,116,160,125,141,141,38,76,76,96,114,114,239,239,253,271,285,308,25,25,25,43,43,43,43,57,57,57,57,187,187,206,539,556,556,569,589,604,604,627,627,641,65,83,96,96,96],"floor_reached":51,"playtime":3206,"items_purged":[],"score":876,"play_id":"20e4c83d-b213-4615-bbf7-d04dd8f52f33","local_time":"20181112203704","is_ascension_mode":true,"campfire_choices":[{"floor":12.0,"key":"REST"},{"data":"Deadly Poison","floor":15.0,"key":"SMITH"},{"floor":23.0,"key":"REST"},{"floor":27.0,"key":"REST"},{"data":"Catalyst","floor":32.0,"key":"SMITH"},{"floor":42.0,"key":"REST"},{"data":"Crippling Poison","floor":44.0,"key":"SMITH"},{"data":"Sucker Punch","floor":49.0,"key":"SMITH"}],"neow_cost":"NONE","seed_source_timestamp":0,"circlet_count":0,"master_deck":["Defend_G","Defend_G","Defend_G","Defend_G","Defend_G","Strike_G","Strike_G","Strike_G","Strike_G","Strike_G","Survivor","Neutralize","PiercingWail","Catalyst+1","Dagger Spray","Terror","Deadly Poison","Deadly Poison+1","Dash","PiercingWail","Corpse Explosion","Dodge and Roll","Die Die Die","Poisoned Stab+1","Backstab","Noxious Fumes+1","Poisoned Stab+1","Sucker Punch+1","Deadly Poison+1","Crippling Poison+1","Cloak And Dagger","Parasite","Leg Sweep+1","Deadly Poison","PiercingWail","Dash+1"],"special_seed":0,"relics":["Ring of the Snake","Regal Pillow","Bronze Scales","Lantern","Odd Mushroom","Lizard Tail","Toolbox","FossilizedHelix","Sozu","Bag of Marbles","Lee\u0027s Waffle","Bottled Flame"],"potions_floor_usage":[50,50,50],"damage_taken":[{"damage":0.0,"enemies":"Small Slimes","floor":1.0,"turns":3.0},{"damage":39.0,"enemies":"3 Sentries","floor":6.0,"turns":9.0},{"damage":2.0,"enemies":"Jaw Worm","floor":8.0,"turns":4.0},{"damage":12.0,"enemies":"The Mushroom Lair","floor":11.0,"turns":5.0},{"damage":0.0,"enemies":"2 Louse","floor":13.0,"turns":2.0},{"damage":0.0,"enemies":"Blue Slaver","floor":14.0,"turns":2.0},{"damage":28.0,"enemies":"Hexaghost","floor":16.0,"turns":7.0},{"damage":24.0,"enemies":"Shell Parasite","floor":18.0,"turns":6.0},{"damage":22.0,"enemies":"Spheric Guardian","floor":19.0,"turns":4.0},{"damage":4.0,"enemies":"Chosen and Byrds","floor":20.0,"turns":5.0},{"damage":17.0,"enemies":"Snake Plant","floor":21.0,"turns":3.0},{"damage":1.0,"enemies":"Snecko","floor":25.0,"turns":4.0},{"damage":0.0,"enemies":"Sentry and Sphere","floor":29.0,"turns":5.0},{"damage":64.0,"enemies":"Champ","floor":33.0,"turns":9.0},{"damage":0.0,"enemies":"3 Darklings","floor":35.0,"turns":5.0},{"damage":24.0,"enemies":"3 Shapes","floor":37.0,"turns":5.0},{"damage":10.0,"enemies":"Jaw Worm Horde","floor":39.0,"turns":3.0},{"damage":0.0,"enemies":"Writhing Mass","floor":40.0,"turns":4.0},{"damage":21.0,"enemies":"Sphere and 2 Shapes","floor":41.0,"turns":6.0},{"damage":27.0,"enemies":"Maw","floor":45.0,"turns":7.0},{"damage":0.0,"enemies":"4 Shapes","floor":47.0,"turns":3.0},{"damage":0.0,"enemies":"Jaw Worm Horde","floor":48.0,"turns":1.0},{"damage":88,"enemies":"Awakened One","floor":50,"turns":15}],"seed_played":"-5211092002888325544","potions_obtained":[{"floor":1.0,"key":"PowerPotion"},{"floor":8.0,"key":"SpeedPotion"},{"floor":11.0,"key":"Explosive Potion"},{"floor":14.0,"key":"Strength Potion"},{"floor":20.0,"key":"GhostInAJar"},{"floor":33.0,"key":"Explosive Potion"}],"is_trial":false,"path_per_floor":["M","?","T","?","$","E","?","M","T","$","?","R","M","M","R","B",null,"M","M","M","M","$","R","?","M","T","R","?","M","?","?","R","B",null,"M","?","M","?","M","M","M","R","T","R","M","$","M","M","R","B",null],"character_chosen":"THE_SILENT","items_purchased":["Dagger Spray","Deadly Poison","Dash","GhostInAJar","Toolbox","Lee\u0027s Waffle","Bottled Flame","Deadly Poison","PiercingWail"],"campfire_rested":4,"item_purchase_floors":[5,10,10,22,22,46,46,46,46],"current_hp_per_floor":[70,53,53,70,70,31,48,46,46,46,34,70,70,70,70,42,70,46,24,20,3,3,39,39,38,38,70,70,70,70,70,70,6,70,70,70,46,46,36,36,15,51,51,51,24,77,77,77,77,29],"gold":96,"neow_bonus":"THREE_CARDS","is_prod":false,"is_daily":false,"chose_seed":false,"campfire_upgraded":4,"win_rate":0,"timestamp":1542073024,"path_taken":["M","?","?","?","?","E","?","M","T","$","?","R","M","M","R","BOSS","M","M","M","M","$","R","?","?","T","R","?","M","?","?","R","BOSS","M","?","M","?","M","M","?","R","T","R","M","$","?","M","R","BOSS"],"build_version":"2018-11-08","purchased_purges":0,"victory":true,"max_hp_per_floor":[70,70,70,70,70,70,70,70,70,70,70,70,70,70,70,70,70,70,70,70,70,70,70,70,70,70,70,70,70,70,70,70,70,70,70,70,70,70,70,70,70,70,70,70,70,77,77,77,77,77],"card_choices":[{"not_picked":["Backflip","Caltrops"],"picked":"PiercingWail","floor":0.0},{"not_picked":["Endless Agony","Finisher"],"picked":"Catalyst","floor":1.0},{"not_picked":["Riddle With Holes","Prepared"],"picked":"Terror","floor":6.0},{"not_picked":["Dodge and Roll","Dash"],"picked":"Deadly Poison","floor":8.0},{"not_picked":["Dodge and Roll","Flying Knee"],"picked":"PiercingWail","floor":11.0},{"not_picked":["Quick Slash","Flechettes"],"picked":"Corpse Explosion","floor":13.0},{"not_picked":["Slice","Blade Dance"],"picked":"Dodge and Roll","floor":14.0},{"not_picked":["Corpse Explosion","Phantasmal Killer"],"picked":"Die Die Die","floor":16.0},{"not_picked":["Heel Hook+1","Infinite Blades","Reflex+1"],"picked":"SKIP","floor":18.0},{"not_picked":["PiercingWail","Prepared"],"picked":"Poisoned Stab+1","floor":19.0},{"not_picked":["Slice","Choke+1"],"picked":"Backstab","floor":20.0},{"not_picked":["Concentrate+1","Cloak And Dagger"],"picked":"Noxious Fumes","floor":21.0},{"not_picked":["Deadly Poison","Venomology"],"picked":"Poisoned Stab+1","floor":25.0},{"not_picked":["Prepared","Predator"],"picked":"Sucker Punch","floor":29.0},{"not_picked":["Night Terror","Wraith Form v2"],"picked":"Venomology","floor":33.0},{"not_picked":["Dodge and Roll+1","Backflip+1"],"picked":"Deadly Poison+1","floor":35.0},{"not_picked":["Escape Plan","Sucker Punch+1"],"picked":"Crippling Poison","floor":37.0},{"not_picked":["Masterful Stab","Predator"],"picked":"Cloak And Dagger","floor":39.0},{"not_picked":["Riddle With Holes","Unload","Calculated Gamble"],"picked":"SKIP","floor":40.0},{"not_picked":["Flying Knee","Slice+1","Dagger Spray"],"picked":"SKIP","floor":41.0},{"not_picked":["Endless Agony","Concentrate"],"picked":"Leg Sweep+1","floor":45.0},{"not_picked":["Flechettes","Outmaneuver","Expertise"],"picked":"SKIP","floor":47.0},{"not_picked":["Deadly Poison","Dagger Spray"],"picked":"Dash+1","floor":48.0}],"player_experience":148006,"relics_obtained":[{"floor":3.0,"key":"Regal Pillow"},{"floor":6.0,"key":"Bronze Scales"},{"floor":9.0,"key":"Lantern"},{"floor":11.0,"key":"Odd Mushroom"},{"floor":26.0,"key":"FossilizedHelix"},{"floor":43.0,"key":"Bag of Marbles"}],"event_choices":[{"damage_healed":0.0,"max_hp_gain":0.0,"max_hp_loss":0.0,"gold_gain":0.0,"event_name":"Golden Idol","player_choice":"Take Damage","floor":2.0,"gold_loss":0.0,"damage_taken":17.0,"relics_obtained":["Golden Idol"]},{"damage_healed":23.0,"max_hp_gain":0.0,"max_hp_loss":0.0,"gold_gain":0.0,"event_name":"Big Fish","player_choice":"Banana","floor":4.0,"gold_loss":0.0,"damage_taken":0.0},{"damage_healed":17.0,"max_hp_gain":0.0,"max_hp_loss":0.0,"gold_gain":0.0,"event_name":"The Cleric","player_choice":"Healed","floor":7.0,"gold_loss":35.0,"damage_taken":0.0},{"damage_healed":0.0,"max_hp_gain":0.0,"max_hp_loss":0.0,"gold_gain":0.0,"event_name":"Mushrooms","player_choice":"Fought Mushrooms","floor":11.0,"gold_loss":0.0,"damage_taken":0.0},{"damage_healed":0.0,"max_hp_gain":0.0,"max_hp_loss":0.0,"gold_gain":0.0,"event_name":"Accursed Blacksmith","player_choice":"Forge","floor":24.0,"gold_loss":0.0,"damage_taken":0.0,"cards_upgraded":["Noxious Fumes"]},{"damage_healed":0.0,"max_hp_gain":0.0,"max_hp_loss":0.0,"gold_gain":0.0,"event_name":"Ghosts","player_choice":"Ignored","floor":28.0,"gold_loss":0.0,"damage_taken":0.0},{"damage_healed":0.0,"max_hp_gain":0.0,"max_hp_loss":0.0,"gold_gain":0.0,"event_name":"Beggar","player_choice":"Ignored","floor":31.0,"gold_loss":0.0,"damage_taken":0.0},{"damage_healed":0.0,"max_hp_gain":0.0,"max_hp_loss":0.0,"gold_gain":333.0,"event_name":"The Moai Head","player_choice":"Gave Idol","floor":36.0,"relics_lost":["Golden Idol"],"gold_loss":0.0,"damage_taken":0.0},{"cards_removed":["Venomology"],"damage_healed":0.0,"max_hp_gain":0.0,"max_hp_loss":0.0,"gold_gain":0.0,"event_name":"Purifier","player_choice":"Purged","floor":38.0,"gold_loss":0.0,"damage_taken":0.0}],"is_beta":false,"boss_relics":[{"not_picked":["Snecko Eye","Coffee Dripper"],"picked":"Lizard Tail"},{"not_picked":["Tiny House","Orrery"],"picked":"Sozu"}],"items_purged_floors":[],"is_endless":false,"potions_floor_spawned":[1,8,11,14,18,20,33,35,39,45,48],"ascension_level":4}