{"gold_per_floor":[117,117,190,190,200,200,200,213,264,264,280,297,326,342,342,413,413,429,33,33,44,44,44,77,77,77,77,97,127,139,165,165,238,238,257,274,496,513,438,438,456,10,10,21,21,48,148,176,176,176,176,176,57,91,91],"floor_reached":56,"playtime":2586,"items_purged":["Barrage","Lockon","Sweeping Beam+1"],"score":2373,"play_id":"ee3f8a68-52df-4978-a949-f247d6b3f554","local_time":"20190524153543","is_ascension_mode":true,"campfire_choices":[{"data":"Sweeping Beam","floor":6,"key":"SMITH"},{"data":"Zap","floor":10,"key":"SMITH"},{"floor":15,"key":"REST"},{"data":"Loop","floor":23,"key":"SMITH"},{"data":"Biased Cognition","floor":25,"key":"SMITH"},{"data":"Dualcast","floor":32,"key":"SMITH"},{"floor":40,"key":"RECALL"},{"data":"Defend_B","floor":45,"key":"SMITH"},{"data":"Defend_B","floor":49,"key":"SMITH"},{"floor":52,"key":"REST"}],"neow_cost":"NONE","seed_source_timestamp":397255141907744,"circlet_count":0,"master_deck":["AscendersBane","Defend_B+1","Defend_B+1","Defend_B","Zap+1","Dualcast+1","Compile Driver","Cold Snap","Doom and Gloom","Multi-Cast+1","Hologram+1","Reboot+1","Steam+1","Glacier+1","Loop+1","Ghostly+1","Ghostly+1","Ghostly+1","Biased Cognition+1","Buffer+1","Conserve Battery+1","Chill+1","Turbo+1","Hologram+1","Recycle+1","Darkness+1"],"relics":["Cracked Core","Whetstone","Toxic Egg 2","Du-Vu Doll","Dream Catcher","Letter Opener","Empty Cage","Chemical X","Happy Flower","Red Mask","Mango","Sundial","Bag of Preparation","Frozen Egg 2","Runic Pyramid","OrangePellets","Art of War","Smiling Mask","FossilizedHelix","PreservedInsect","Shuriken"],"potions_floor_usage":[55],"damage_taken":[{"damage":0,"enemies":"Small Slimes","floor":1,"turns":2},{"damage":0,"enemies":"Jaw Worm","floor":5,"turns":3},{"damage":0,"enemies":"2 Louse","floor":8,"turns":2},{"damage":9,"enemies":"Blue Slaver","floor":11,"turns":3},{"damage":0,"enemies":"2 Fungi Beasts","floor":12,"turns":2},{"damage":21,"enemies":"Lagavulin","floor":13,"turns":4},{"damage":12,"enemies":"Looter","floor":14,"turns":3},{"damage":24,"enemies":"The Guardian","floor":16,"turns":8},{"damage":7,"enemies":"Chosen","floor":18,"turns":4},{"damage":4,"enemies":"Shell Parasite","floor":21,"turns":3},{"damage":0,"enemies":"Masked Bandits","floor":24,"turns":7},{"damage":4,"enemies":"Shelled Parasite and Fungi","floor":28,"turns":4},{"damage":0,"enemies":"Slavers","floor":29,"turns":4},{"damage":0,"enemies":"Snake Plant","floor":30,"turns":2},{"damage":0,"enemies":"Book of Stabbing","floor":31,"turns":4},{"damage":3,"enemies":"Champ","floor":33,"turns":6},{"damage":2,"enemies":"3 Darklings","floor":35,"turns":4},{"damage":0,"enemies":"3 Shapes","floor":36,"turns":3},{"damage":0,"enemies":"Transient","floor":38,"turns":5},{"damage":0,"enemies":"Maw","floor":41,"turns":5},{"damage":0,"enemies":"Spire Growth","floor":44,"turns":7},{"damage":0,"enemies":"Nemesis","floor":46,"turns":5},{"damage":0,"enemies":"Mind Bloom Boss Battle","floor":47,"turns":4},{"damage":0,"enemies":"Reptomancer","floor":48,"turns":5},{"damage":0,"enemies":"Time Eater","floor":50,"turns":6},{"damage":0,"enemies":"Shield and Spear","floor":54,"turns":5},{"damage":0,"enemies":"The Heart","floor":55,"turns":11}],"seed_played":"-5359680004833097849","potions_obtained":[{"floor":8,"key":"SkillPotion"},{"floor":12,"key":"Ancient Potion"},{"floor":13,"key":"SpeedPotion"}],"is_trial":false,"path_per_floor":["M","?","T","?","M","R","?","M","T","R","M","M","E","M","R","B",null,"M","$","?","M","?","R","?","R","T","T","M","E","M","E","R","B",null,"M","M","?","M","$","R","M","$","T","M","R","E","?","E","R","B",null,"R","$","E","B",null],"character_chosen":"DEFECT","items_purchased":["Chemical X","Glacier+1","Happy Flower","OrangePellets","Art of War","Darkness+1"],"campfire_rested":2,"item_purchase_floors":[19,19,19,42,42,53],"current_hp_per_floor":[64,69,69,62,62,62,51,51,51,51,42,42,21,9,31,7,59,52,52,52,48,38,38,38,38,52,52,48,48,48,48,48,45,50,48,48,48,48,48,48,48,48,48,48,48,48,48,48,48,48,51,52,52,52,52],"gold":91,"neow_bonus":"RANDOM_COMMON_RELIC","is_prod":false,"is_daily":false,"chose_seed":false,"campfire_upgraded":7,"win_rate":0,"timestamp":1558726543,"path_taken":["M","?","?","?","?","R","?","M","T","R","M","M","E","M","R","BOSS","M","$","?","M","?","R","?","R","T","?","?","E","M","E","R","BOSS","M","M","?","M","$","R","M","$","T","M","R","E","?","E","R","BOSS","R","$","E","BOSS"],"build_version":"2019-01-23","purchased_purges":3,"victory":true,"max_hp_per_floor":[71,76,76,76,76,76,76,76,76,76,76,76,76,76,76,76,76,76,76,76,76,38,38,38,38,52,52,52,52,52,52,52,52,52,52,52,52,52,52,52,52,52,52,52,52,52,52,52,52,52,52,52,52,52,52],"card_choices":[{"not_picked":["Stack","Melter"],"picked":"Sweeping Beam","floor":1},{"not_picked":["Storm","Streamline"],"picked":"Compile Driver","floor":5},{"not_picked":["Stack+1","Steam Power+1"],"picked":"Cold Snap","floor":8},{"not_picked":["Genetic Algorithm+1","Beam Cell"],"picked":"Doom and Gloom","floor":11},{"not_picked":["Rebound","Compile Driver","Doom and Gloom"],"picked":"SKIP","floor":12},{"not_picked":["Stack+1","Beam Cell"],"picked":"Multi-Cast+1","floor":13},{"not_picked":["Static Discharge","Rebound","Cold Snap"],"picked":"SKIP","floor":14},{"not_picked":["Compile Driver","Go for the Eyes"],"picked":"Hologram+1","floor":15},{"not_picked":["Machine Learning","Creative AI"],"picked":"Reboot+1","floor":16},{"not_picked":["Beam Cell","Turbo+1"],"picked":"Steam+1","floor":18},{"not_picked":["Conserve Battery+1","Stack+1"],"picked":"Loop","floor":21},{"not_picked":["Leap+1","FTL"],"picked":"Biased Cognition","floor":24},{"not_picked":["Hello World","Ball Lightning+1","Beam Cell+1"],"picked":"SKIP","floor":28},{"not_picked":["Fusion+1","Leap+1","Rebound"],"picked":"SKIP","floor":29},{"not_picked":["Melter","Compile Driver","Rebound"],"picked":"SKIP","floor":30},{"not_picked":["Stack+1","Barrage","Reprogram+1"],"picked":"SKIP","floor":31},{"not_picked":["Meteor Strike","All For One"],"picked":"Buffer+1","floor":33},{"not_picked":["Loop+1","Auto Shields+1"],"picked":"Conserve Battery+1","floor":35},{"not_picked":["Scrape+1","Doom and Gloom"],"picked":"Chill+1","floor":36},{"not_picked":["Streamline","Blizzard"],"picked":"Turbo+1","floor":38},{"not_picked":["Glacier+1","Barrage"],"picked":"Hologram+1","floor":41},{"not_picked":["Ball Lightning","Skim+1","Steam+1"],"picked":"SKIP","floor":44},{"not_picked":["Scrape","Ball Lightning","Cold Snap"],"picked":"SKIP","floor":46},{"not_picked":["Force Field+1","Aggregate+1"],"picked":"Recycle+1","floor":48},{"not_picked":["Hologram+1","Force Field+1","Stack+1"],"picked":"SKIP","floor":54}],"player_experience":1311580,"relics_obtained":[{"floor":3,"key":"Toxic Egg 2"},{"floor":9,"key":"Dream Catcher"},{"floor":13,"key":"Letter Opener"},{"floor":24,"key":"Red Mask"},{"floor":26,"key":"Mango"},{"floor":27,"key":"Sundial"},{"floor":29,"key":"Bag of Preparation"},{"floor":31,"key":"Frozen Egg 2"},{"floor":46,"key":"Smiling Mask"},{"floor":47,"key":"FossilizedHelix"},{"floor":48,"key":"PreservedInsect"},{"floor":54,"key":"Shuriken"}],"event_choices":[{"damage_healed":0,"gold_gain":0,"player_choice":"Donut","damage_taken":0,"max_hp_gain":5,"max_hp_loss":0,"event_name":"Big Fish","floor":2,"gold_loss":0},{"cards_removed":["Strike_B"],"damage_healed":0,"gold_gain":0,"player_choice":"Card Removal","damage_taken":7,"max_hp_gain":0,"max_hp_loss":0,"event_name":"Golden Wing","floor":4,"gold_loss":0},{"damage_healed":0,"gold_gain":0,"player_choice":"Success","damage_taken":11,"relics_obtained":["Du-Vu Doll"],"max_hp_gain":0,"max_hp_loss":0,"event_name":"Scrap Ooze","floor":7,"gold_loss":0},{"damage_healed":0,"gold_gain":0,"cards_transformed":["Strike_B","Defend_B"],"player_choice":"Became Test Subject","damage_taken":0,"max_hp_gain":0,"max_hp_loss":0,"event_name":"Drug Dealer","floor":20,"gold_loss":0,"cards_obtained":["Lockon","Barrage"]},{"damage_healed":0,"gold_gain":0,"player_choice":"Became a Ghost","damage_taken":0,"max_hp_gain":0,"max_hp_loss":38,"event_name":"Ghosts","floor":22,"gold_loss":0,"cards_obtained":["Ghostly","Ghostly","Ghostly"]},{"damage_healed":0,"gold_gain":0,"player_choice":"Fought Bandits","damage_taken":0,"max_hp_gain":0,"max_hp_loss":0,"event_name":"Masked Bandits","floor":24,"gold_loss":0},{"damage_healed":0,"gold_gain":222,"player_choice":"Wore Mask","damage_taken":0,"max_hp_gain":0,"max_hp_loss":0,"event_name":"Tomb of Lord Red Mask","floor":37,"gold_loss":0},{"damage_healed":0,"gold_gain":0,"player_choice":"Fight","damage_taken":0,"max_hp_gain":0,"max_hp_loss":0,"event_name":"MindBloom","floor":47,"gold_loss":0}],"is_beta":false,"boss_relics":[{"not_picked":["Lizard Tail","Orrery"],"picked":"Empty Cage"},{"not_picked":["Pandora\u0027s Box","Astrolabe"],"picked":"Runic Pyramid"}],"items_purged_floors":[39,42,53],"is_endless":false,"potions_floor_spawned":[8,12,13,28,29,31,33,35,41,44,47,48,54],"ascension_level":15}