{"gold_per_floor":[110,110,110,128,143,143,156,156,156,168,183,198,198,213,213,315,315,333,333,349,361,389,389,407,407,455,380,380,390,406,419,419,419],"floor_reached":33,"playtime":2283,"items_purged":[],"score":245,"play_id":"b6fda1cf-1b42-4256-9b40-e8b66720bf8c","local_time":"20190523145925","is_ascension_mode":false,"campfire_choices":[{"data":"Neutralize","floor":6.0,"key":"SMITH"},{"data":"Leg Sweep","floor":8.0,"key":"SMITH"},{"data":"Backflip","floor":13.0,"key":"SMITH"},{"data":"Well Laid Plans","floor":15.0,"key":"SMITH"},{"floor":23,"key":"REST"},{"floor":25,"key":"REST"},{"floor":32,"key":"REST"}],"neow_cost":"NONE","seed_source_timestamp":610882867479787,"circlet_count":0,"master_deck":["Defend_G","Defend_G","Defend_G","Defend_G","Strike_G","Strike_G","Strike_G","Strike_G","Survivor","Neutralize+1","PiercingWail","Leg Sweep+1","Well Laid Plans+1","Backflip+1","Escape Plan","PiercingWail","Malaise","Dagger Spray+1","Flechettes+1","Noxious Fumes","PiercingWail+1","Flying Knee+1"],"special_seed":0,"relics":["Ring of the Snake"],"potions_floor_usage":[28,33,33],"damage_taken":[{"damage":4.0,"enemies":"Cultist","floor":1.0,"turns":5.0},{"damage":0.0,"enemies":"Small Slimes","floor":4.0,"turns":6.0},{"damage":0.0,"enemies":"2 Louse","floor":5.0,"turns":3.0},{"damage":3.0,"enemies":"Gremlin Gang","floor":7.0,"turns":8.0},{"damage":2.0,"enemies":"Large Slime","floor":10.0,"turns":12.0},{"damage":0.0,"enemies":"2 Fungi Beasts","floor":11.0,"turns":6.0},{"damage":2.0,"enemies":"Looter","floor":12.0,"turns":3.0},{"damage":2.0,"enemies":"Large Slime","floor":14.0,"turns":10.0},{"damage":41.0,"enemies":"Hexaghost","floor":16.0,"turns":17.0},{"damage":2.0,"enemies":"3 Byrds","floor":18.0,"turns":12.0},{"damage":19.0,"enemies":"2 Thieves","floor":20.0,"turns":5.0},{"damage":5.0,"enemies":"Shelled Parasite and Fungi","floor":21.0,"turns":9.0},{"damage":36.0,"enemies":"Masked Bandits","floor":22.0,"turns":6.0},{"damage":1,"enemies":"Cultist and Chosen","floor":24,"turns":7},{"damage":1,"enemies":"Colosseum Slavers","floor":28,"turns":5},{"damage":9,"enemies":"Snake Plant","floor":29,"turns":7},{"damage":0,"enemies":"Snecko","floor":30,"turns":7},{"damage":17,"enemies":"3 Cultists","floor":31,"turns":6},{"damage":53,"enemies":"Collector","floor":33,"turns":8}],"seed_played":"-9002932599026357351","potions_obtained":[{"floor":1.0,"key":"Strength Potion"},{"floor":4.0,"key":"Poison Potion"},{"floor":10.0,"key":"AttackPotion"},{"floor":11.0,"key":"AttackPotion"},{"floor":12.0,"key":"FearPotion"},{"floor":18.0,"key":"AttackPotion"},{"floor":22,"key":"Fire Potion"},{"floor":29,"key":"FearPotion"},{"floor":30,"key":"PowerPotion"}],"is_trial":false,"path_per_floor":["M","T","?","M","M","R","M","R","T","M","M","M","R","M","R","B",null,"M","?","M","M","?","R","M","R","T","?","?","M","M","M","R","B"],"character_chosen":"THE_SILENT","items_purchased":[],"campfire_rested":3,"item_purchase_floors":[],"current_hp_per_floor":[66,66,66,66,66,66,63,63,63,61,61,59,59,57,57,16,70,68,68,49,44,8,29,28,49,49,49,48,39,39,22,43,0],"gold":419,"neow_bonus":"THREE_CARDS","is_prod":false,"is_daily":false,"chose_seed":false,"campfire_upgraded":4,"win_rate":0,"timestamp":1558594765,"path_taken":["M","?","?","M","M","R","M","R","T","M","M","M","R","M","R","BOSS","M","?","M","?","?","R","M","R","T","?","?","M","M","M","R","BOSS"],"build_version":"2019-01-23","purchased_purges":0,"victory":false,"max_hp_per_floor":[70,70,70,70,70,70,70,70,70,70,70,70,70,70,70,70,70,70,70,70,70,70,70,70,70,70,70,70,70,70,70,70,70],"card_choices":[{"not_picked":["Prepared","Dagger Spray"],"picked":"PiercingWail","floor":0.0},{"not_picked":["Prepared","Cloak And Dagger"],"picked":"Leg Sweep","floor":1.0},{"not_picked":["Terror","Dagger Spray","Prepared"],"picked":"SKIP","floor":4.0},{"not_picked":["Sucker Punch","Tactician","Endless Agony"],"picked":"SKIP","floor":5.0},{"not_picked":["Backflip","Riddle With Holes"],"picked":"Well Laid Plans","floor":7.0},{"not_picked":["Reflex","Masterful Stab"],"picked":"Backflip","floor":10.0},{"not_picked":["Sucker Punch","Tactician"],"picked":"Escape Plan","floor":11.0},{"not_picked":["Deflect","Blade Dance","Tactician"],"picked":"SKIP","floor":12.0},{"not_picked":["All Out Attack","Underhanded Strike"],"picked":"PiercingWail","floor":14.0},{"not_picked":["Grand Finale","Phantasmal Killer"],"picked":"Malaise","floor":16.0},{"not_picked":["Dagger Throw","Deflect"],"picked":"Dagger Spray+1","floor":18.0},{"not_picked":["Blade Dance+1","Poisoned Stab"],"picked":"Flechettes+1","floor":20.0},{"not_picked":["Poisoned Stab+1","Blade Dance","Masterful Stab"],"picked":"SKIP","floor":21.0},{"not_picked":["Backflip","Deflect"],"picked":"Noxious Fumes","floor":22},{"not_picked":["Endless Agony+1","Quick Slash+1"],"picked":"PiercingWail+1","floor":24},{"not_picked":["Dodge and Roll","Prepared","Dagger Throw"],"picked":"SKIP","floor":29},{"not_picked":["Dagger Spray","Quick Slash","Choke"],"picked":"SKIP","floor":30},{"not_picked":["Endless Agony","Calculated Gamble"],"picked":"Flying Knee+1","floor":31}],"player_experience":576839,"relics_obtained":[],"event_choices":[{"damage_healed":0.0,"max_hp_gain":0.0,"max_hp_loss":0.0,"gold_gain":0.0,"event_name":"Golden Idol","player_choice":"Ignored","floor":3.0,"gold_loss":0.0,"damage_taken":0.0},{"cards_removed":["Strike_G"],"damage_healed":0.0,"max_hp_gain":0.0,"max_hp_loss":0.0,"gold_gain":0.0,"event_name":"Purifier","player_choice":"Purged","floor":19.0,"gold_loss":0.0,"damage_taken":0.0},{"damage_healed":0.0,"max_hp_gain":0.0,"max_hp_loss":0.0,"gold_gain":0.0,"event_name":"Masked Bandits","player_choice":"Fought Bandits","floor":22.0,"gold_loss":0.0,"damage_taken":0.0},{"cards_removed":["Defend_G"],"damage_healed":0,"gold_gain":0,"player_choice":"Gave Gold","damage_taken":0,"max_hp_gain":0,"max_hp_loss":0,"event_name":"Beggar","floor":27,"gold_loss":75},{"damage_healed":0,"gold_gain":0,"player_choice":"Fight","damage_taken":0,"max_hp_gain":0,"max_hp_loss":0,"event_name":"Colosseum","floor":28,"gold_loss":0},{"damage_healed":0,"gold_gain":0,"player_choice":"Fled From Nobs","damage_taken":0,"max_hp_gain":0,"max_hp_loss":0,"event_name":"Colosseum","floor":28,"gold_loss":0}],"is_beta":false,"boss_relics":[{"not_picked":["Cursed Key","Snecko Eye","Orrery"]}],"items_purged_floors":[],"is_endless":false,"potions_floor_spawned":[1,4,10,11,12,18,22,28,29,30],"killed_by":"Collector","ascension_level":0}