{"gold_per_floor":[369,381,10,21,40,40,58,58,58,8,36,55,124,23,23,124,124,135,135,149,163,163,163,163,176,176,43,58,58,58],"floor_reached":30,"playtime":2809,"items_purged":["Strike_G"],"score":373,"play_id":"71d08da8-ad92-4823-b38a-1632daf07fc0","local_time":"20190502191318","is_ascension_mode":true,"campfire_choices":[{"data":"Envenom","floor":6,"key":"SMITH"},{"data":"Neutralize","floor":8,"key":"SMITH"},{"floor":15,"key":"REST"},{"data":"Prepared","floor":23,"key":"SMITH"},{"floor":29,"key":"REST"}],"neow_cost":"PERCENT_DAMAGE","seed_source_timestamp":5031254531165052,"circlet_count":0,"master_deck":["AscendersBane","Survivor","Neutralize+1","Bouncing Flask","Prepared+1","Envenom+1","Bandage Up","Blur","Blur","Well Laid Plans","Bane","Noxious Fumes","Bane+1","Envenom+1","Cloak And Dagger","Glass Knife+1","Deflect","Deadly Poison","Flechettes+1","Expertise","Tools of the Trade","Dodge and Roll","Outmaneuver","Deflect","Flying Knee+1","RitualDagger+1","Flying Knee+1","Bite+1","Bite+1","Bite+1","Bite+1","Bite+1","Caltrops"],"relics":["Ring of the Snake","Membership Card","Molten Egg 2","The Courier","DollysMirror","Pandora\u0027s Box","Girya","Pantograph"],"potions_floor_usage":[11,11,16,28,30],"damage_taken":[{"damage":2,"enemies":"2 Louse","floor":1,"turns":4},{"damage":2,"enemies":"Small Slimes","floor":2,"turns":5},{"damage":0,"enemies":"Jaw Worm","floor":4,"turns":5},{"damage":1,"enemies":"Large Slime","floor":5,"turns":8},{"damage":1,"enemies":"Blue Slaver","floor":7,"turns":5},{"damage":31,"enemies":"Gremlin Nob","floor":11,"turns":5},{"damage":7,"enemies":"Looter","floor":12,"turns":4},{"damage":16,"enemies":"Slime Boss","floor":16,"turns":8},{"damage":18,"enemies":"3 Byrds","floor":18,"turns":5},{"damage":29,"enemies":"2 Thieves","floor":20,"turns":5},{"damage":3,"enemies":"Centurion and Healer","floor":21,"turns":6},{"damage":43,"enemies":"Chosen and Byrds","floor":25,"turns":6},{"damage":47,"enemies":"Sentry and Sphere","floor":28,"turns":7},{"damage":30,"enemies":"Snake Plant","floor":30,"turns":2}],"seed_played":"8977585460716792191","potions_obtained":[{"floor":1,"key":"LiquidBronze"},{"floor":2,"key":"Dexterity Potion"},{"floor":12,"key":"Energy Potion"},{"floor":16,"key":"GamblersBrew"},{"floor":18,"key":"GamblersBrew"},{"floor":21,"key":"Strength Potion"}],"is_trial":false,"path_per_floor":["M","M","$","M","M","R","M","R","T","?","E","M","?","$","R","B",null,"M","?","M","M","?","R","?","M","T","$","M","R","M"],"character_chosen":"THE_SILENT","items_purchased":["Membership Card","Envenom","Bandage Up","Blur","DollysMirror","Cloak And Dagger","Pantograph","Regen Potion"],"campfire_rested":2,"item_purchase_floors":[3,3,3,3,14,14,27,27],"current_hp_per_floor":[43,41,41,45,48,48,51,51,51,51,24,21,21,21,42,30,60,46,40,15,16,39,39,39,12,12,12,5,19,0],"gold":58,"neow_bonus":"TWO_FIFTY_GOLD","is_prod":false,"is_daily":false,"chose_seed":false,"campfire_upgraded":3,"win_rate":0,"timestamp":1556838798,"path_taken":["M","M","$","M","M","R","M","R","T","?","E","M","?","$","R","BOSS","M","?","M","M","?","R","?","M","T","?","M","R","M"],"build_version":"2019-01-23","purchased_purges":1,"victory":false,"max_hp_per_floor":[70,70,70,70,70,70,70,70,70,70,70,70,70,70,70,70,70,70,70,70,70,70,70,49,49,49,49,49,49,49],"card_choices":[{"not_picked":["Reflex","Sucker Punch"],"picked":"Bouncing Flask","floor":1},{"not_picked":["Slice","Dagger Throw"],"picked":"Prepared","floor":2},{"not_picked":["Outmaneuver","Sucker Punch"],"picked":"Blur","floor":4},{"not_picked":["Dagger Throw","Backstab"],"picked":"Well Laid Plans","floor":5},{"not_picked":["Quick Slash","Acrobatics"],"picked":"Bane","floor":7},{"not_picked":["Underhanded Strike+1","Calculated Gamble"],"picked":"Noxious Fumes","floor":11},{"not_picked":["Poisoned Stab+1","Masterful Stab+1"],"picked":"Bane+1","floor":12},{"not_picked":["Wraith Form v2","Venomology"],"picked":"Glass Knife+1","floor":16},{"not_picked":["Expertise","Accuracy+1"],"picked":"Flying Knee+1","floor":18},{"not_picked":["Well Laid Plans","Accuracy"],"picked":"Flying Knee+1","floor":20},{"not_picked":["Prepared","Blade Dance","Dodge and Roll"],"picked":"SKIP","floor":21},{"not_picked":["Choke+1","Venomology"],"picked":"Caltrops","floor":25},{"not_picked":["Acrobatics","Deadly Poison","All Out Attack+1"],"picked":"SKIP","floor":28}],"player_experience":240202,"relics_obtained":[{"floor":9,"key":"Molten Egg 2"},{"floor":11,"key":"The Courier"},{"floor":26,"key":"Girya"}],"event_choices":[{"cards_removed":["Defend_G"],"damage_healed":0,"gold_gain":0,"player_choice":"Card Removal","damage_taken":0,"max_hp_gain":0,"max_hp_loss":0,"event_name":"The Cleric","floor":10,"gold_loss":50},{"damage_healed":0,"gold_gain":69,"player_choice":"Gained Gold","damage_taken":0,"max_hp_gain":0,"max_hp_loss":0,"event_name":"Golden Wing","floor":13,"gold_loss":0},{"damage_healed":0,"gold_gain":0,"player_choice":"Joined the Cult","damage_taken":6,"max_hp_gain":0,"max_hp_loss":0,"event_name":"Nest","floor":19,"gold_loss":0,"cards_obtained":["RitualDagger"]},{"damage_healed":23,"gold_gain":0,"player_choice":"Heal","damage_taken":0,"max_hp_gain":0,"max_hp_loss":0,"event_name":"The Library","floor":22,"gold_loss":0},{"damage_healed":0,"gold_gain":0,"player_choice":"Became a vampire","damage_taken":0,"max_hp_gain":0,"max_hp_loss":21,"event_name":"Vampires","floor":24,"gold_loss":0,"cards_obtained":["Bite","Bite","Bite","Bite","Bite"]}],"is_beta":false,"boss_relics":[{"not_picked":["Black Star","Runic Pyramid"],"picked":"Pandora\u0027s Box"}],"items_purged_floors":[3],"is_endless":false,"potions_floor_spawned":[1,2,12,16,18,21],"killed_by":"Snake Plant","ascension_level":10}