{"gold_per_floor":[216,233,252,25,41,69,69,94,120,135,154,185,185,199,199,273,273,273,273,228,228,228,228],"floor_reached":23,"playtime":1578,"items_purged":[],"score":387,"play_id":"4c528d88-154a-4b43-b0c5-db578fa1f96c","local_time":"20190508220906","is_ascension_mode":true,"campfire_choices":[{"floor":7.0,"key":"REST"},{"data":"Uppercut","floor":13.0,"key":"SMITH"},{"data":"Whirlwind","floor":15.0,"key":"SMITH"}],"neow_cost":"NONE","seed_source_timestamp":359706037584614,"circlet_count":0,"master_deck":["AscendersBane","Defend_R","Defend_R+1","Defend_R+1","Defend_R","Bash","Metallicize","Anger","Rampage","Uppercut+1","Headbutt","Cleave","Sword Boomerang","Offering","Rupture","Inflame","Whirlwind+1","Reaper","Armaments+1","Bite","Bite","Bite","Bite","Bite","Evolve+1","True Grit"],"special_seed":0,"relics":["Burning Blood","War Paint","Champion Belt","Anchor","Dream Catcher","Regal Pillow","Ectoplasm","Calipers","Ornamental Fan"],"potions_floor_usage":[],"damage_taken":[{"damage":12.0,"enemies":"Small Slimes","floor":1.0,"turns":4.0},{"damage":2.0,"enemies":"2 Louse","floor":2.0,"turns":4.0},{"damage":9.0,"enemies":"Jaw Worm","floor":3.0,"turns":3.0},{"damage":21.0,"enemies":"Large Slime","floor":5.0,"turns":6.0},{"damage":33.0,"enemies":"3 Sentries","floor":6.0,"turns":8.0},{"damage":32.0,"enemies":"Gremlin Nob","floor":8.0,"turns":5.0},{"damage":0.0,"enemies":"Exordium Thugs","floor":10.0,"turns":6.0},{"damage":6.0,"enemies":"Lots of Slimes","floor":11.0,"turns":3.0},{"damage":7.0,"enemies":"Lagavulin","floor":12.0,"turns":6.0},{"damage":0.0,"enemies":"Large Slime","floor":14.0,"turns":5.0},{"damage":23.0,"enemies":"The Guardian","floor":16.0,"turns":13.0},{"damage":16.0,"enemies":"Shell Parasite","floor":18.0,"turns":4.0},{"damage":9.0,"enemies":"2 Thieves","floor":20.0,"turns":3.0},{"damage":20.0,"enemies":"Colosseum Slavers","floor":22.0,"turns":3.0},{"damage":25.0,"enemies":"Colosseum Nobs","floor":22.0,"turns":5.0},{"damage":35,"enemies":"Slavers","floor":23,"turns":3}],"seed_played":"-6230195571818341067","potions_obtained":[{"floor":1.0,"key":"AttackPotion"},{"floor":10.0,"key":"Block Potion"},{"floor":11.0,"key":"AttackPotion"},{"floor":12.0,"key":"Fire Potion"},{"floor":18.0,"key":"FearPotion"},{"floor":20.0,"key":"PowerPotion"}],"is_trial":false,"path_per_floor":["M","M","M","$","M","E","R","E","T","M","M","E","R","M","R","B",null,"M","?","M","?","?","E"],"character_chosen":"IRONCLAD","items_purchased":["War Paint","Uppercut"],"campfire_rested":1,"item_purchase_floors":[4,4],"current_hp_per_floor":[62,66,63,63,48,21,43,17,17,23,23,22,22,28,28,11,59,58,52,52,44,19,0],"gold":228,"neow_bonus":"HUNDRED_GOLD","is_prod":false,"is_daily":false,"chose_seed":false,"campfire_upgraded":2,"win_rate":0,"timestamp":1557367746,"path_taken":["M","M","M","$","M","E","R","E","T","M","M","E","R","M","R","BOSS","M","?","M","?","?","E"],"build_version":"2019-01-23","purchased_purges":0,"victory":false,"max_hp_per_floor":[75,75,75,75,75,75,75,75,75,75,75,75,75,75,75,75,75,75,52,52,57,57,57],"card_choices":[{"not_picked":["Pommel Strike","Body Slam"],"picked":"Metallicize","floor":1.0},{"not_picked":["Thunderclap","Shrug It Off"],"picked":"Anger","floor":2.0},{"not_picked":["Headbutt","Heavy Blade"],"picked":"Rampage","floor":3.0},{"not_picked":["Flex","Second Wind"],"picked":"Headbutt","floor":5.0},{"not_picked":["Havoc","Entrench"],"picked":"Cleave","floor":6.0},{"not_picked":["Carnage","Blood for Blood"],"picked":"Sword Boomerang","floor":8.0},{"not_picked":["Sword Boomerang","Warcry"],"picked":"Offering","floor":10.0},{"not_picked":["Headbutt","Clothesline"],"picked":"Rupture","floor":11.0},{"not_picked":["Entrench","Dropkick"],"picked":"Inflame","floor":12.0},{"not_picked":["Headbutt","Carnage"],"picked":"Whirlwind","floor":14.0},{"not_picked":["Exhume","Offering"],"picked":"Reaper","floor":16.0},{"not_picked":["Headbutt+1","Shrug It Off"],"picked":"Armaments+1","floor":18.0},{"not_picked":["Warcry","Rage"],"picked":"Evolve+1","floor":20.0},{"not_picked":["Clash","Entrench"],"picked":"True Grit","floor":22.0}],"player_experience":435239,"relics_obtained":[{"floor":6.0,"key":"Champion Belt"},{"floor":8.0,"key":"Anchor"},{"floor":9.0,"key":"Dream Catcher"},{"floor":12.0,"key":"Regal Pillow"},{"floor":22.0,"key":"Calipers"},{"floor":22.0,"key":"Ornamental Fan"}],"event_choices":[{"damage_healed":0.0,"max_hp_gain":0.0,"max_hp_loss":23.0,"gold_gain":0.0,"event_name":"Vampires","player_choice":"Became a vampire","floor":19.0,"gold_loss":0.0,"damage_taken":0.0,"cards_obtained":["Bite","Bite","Bite","Bite","Bite"]},{"damage_healed":0.0,"max_hp_gain":5.0,"max_hp_loss":0.0,"gold_gain":0.0,"event_name":"Forgotten Altar","player_choice":"Shed Blood","floor":21.0,"gold_loss":0.0,"damage_taken":13.0},{"damage_healed":0.0,"max_hp_gain":0.0,"max_hp_loss":0.0,"gold_gain":0.0,"event_name":"Colosseum","player_choice":"Fight","floor":22.0,"gold_loss":0.0,"damage_taken":0.0},{"damage_healed":0.0,"max_hp_gain":0.0,"max_hp_loss":0.0,"gold_gain":0.0,"event_name":"Colosseum","player_choice":"Fought Nobs","floor":22.0,"gold_loss":0.0,"damage_taken":0.0}],"is_beta":false,"boss_relics":[{"not_picked":["Lizard Tail","Runic Dome"],"picked":"Ectoplasm"}],"items_purged_floors":[],"is_endless":false,"potions_floor_spawned":[1,10,11,12,18,20],"killed_by":"Slavers","ascension_level":14}