{"gold_per_floor":[117,137,147,157,174,174,188,223,223,153,168,168],"floor_reached":12,"playtime":1613,"items_purged":[],"score":84,"play_id":"7db89cf5-2da5-4664-97b8-61816d0be243","local_time":"20190407230331","is_ascension_mode":false,"campfire_choices":[{"data":"Unload","floor":6,"key":"SMITH"}],"neow_cost":"NONE","seed_source_timestamp":2886307501839730,"circlet_count":0,"master_deck":["Defend_G","Defend_G","Defend_G","Defend_G","Defend_G","Strike_G","Strike_G","Strike_G","Strike_G","Strike_G","Survivor","Neutralize","Blade Dance","Deadly Poison","Prepared","Choke","Unload+1","Deflect","Burst","Terror","Dodge and Roll"],"relics":["Ring of the Snake","Frozen Egg 2","Molten Egg 2"],"potions_floor_usage":[],"damage_taken":[{"damage":6,"enemies":"Jaw Worm","floor":1,"turns":8},{"damage":0,"enemies":"2 Louse","floor":2,"turns":3},{"damage":0,"enemies":"Small Slimes","floor":3,"turns":3},{"damage":8,"enemies":"Exordium Thugs","floor":4,"turns":5},{"damage":11,"enemies":"Large Slime","floor":5,"turns":7},{"damage":11,"enemies":"3 Louse","floor":7,"turns":3},{"damage":23,"enemies":"3 Sentries","floor":8,"turns":10},{"damage":9,"enemies":"Lots of Slimes","floor":11,"turns":5},{"damage":14,"enemies":"Gremlin Nob","floor":12,"turns":2}],"seed_played":"-6922019375022195579","potions_obtained":[{"floor":7,"key":"SteroidPotion"},{"floor":8,"key":"Strength Potion"}],"is_trial":false,"path_per_floor":["M","M","M","M","M","R","M","E","T","$","M","E"],"character_chosen":"THE_SILENT","items_purchased":["Terror"],"campfire_rested":0,"item_purchase_floors":[10],"current_hp_per_floor":[71,71,71,63,52,52,41,18,18,18,9,0],"gold":168,"neow_bonus":"TEN_PERCENT_HP_BONUS","is_prod":false,"is_daily":false,"chose_seed":false,"campfire_upgraded":1,"win_rate":0.0,"timestamp":1554692611,"path_taken":["M","M","M","M","M","R","M","E","T","$","M","E"],"build_version":"2019-01-23","purchased_purges":0,"victory":false,"max_hp_per_floor":[77,77,77,77,77,77,77,77,77,77,77,77],"card_choices":[{"not_picked":["Underhanded Strike","Quick Slash"],"picked":"Blade Dance","floor":1},{"not_picked":["Blade Dance","Wraith Form v2"],"picked":"Deadly Poison","floor":2},{"not_picked":["Underhanded Strike","Tactician"],"picked":"Prepared","floor":3},{"not_picked":["Backflip","Dagger Spray"],"picked":"Choke","floor":4},{"not_picked":["Backflip","Masterful Stab"],"picked":"Unload","floor":5},{"not_picked":["Prepared","Outmaneuver"],"picked":"Deflect","floor":7},{"not_picked":["Skewer","Heel Hook"],"picked":"Burst","floor":8},{"not_picked":["Flying Knee+1","Well Laid Plans+1"],"picked":"Dodge and Roll","floor":11}],"player_experience":37249,"relics_obtained":[{"floor":8,"key":"Frozen Egg 2"},{"floor":9,"key":"Molten Egg 2"}],"event_choices":[],"is_beta":false,"boss_relics":[],"items_purged_floors":[],"is_endless":false,"potions_floor_spawned":[7,8],"killed_by":"Gremlin Nob","ascension_level":0}