{"gold_per_floor":[215,215,265,285,33,33,96,96,123,134,134,209,239,239,239,310,310,323,342,356,0,14,43,43,43,43,43,43,69,86,101,101,178,178,190,208,223,193,211,211],"floor_reached":40,"playtime":3088,"items_purged":[],"score":763,"play_id":"6564dbe9-7a62-4bbe-9106-9177dc391cba","local_time":"20190526170754","is_ascension_mode":true,"campfire_choices":[{"data":"Noxious Fumes","floor":6,"key":"SMITH"},{"data":"Footwork","floor":8,"key":"SMITH"},{"data":"Predator","floor":11,"key":"SMITH"},{"floor":15,"key":"REST"},{"data":"Malaise","floor":24,"key":"SMITH"},{"data":"After Image","floor":28,"key":"SMITH"},{"floor":32,"key":"REST"}],"neow_cost":"NONE","seed_source_timestamp":575098500561059,"circlet_count":0,"master_deck":["AscendersBane","Defend_G","Defend_G","Defend_G","Defend_G","Defend_G","Strike_G","Survivor","Neutralize+1","Noxious Fumes+1","Flechettes+1","Footwork+1","Adrenaline","Predator+1","After Image+1","Deflect","PiercingWail","Malaise+1","Backflip","Cloak And Dagger","Cloak And Dagger","Backflip","Backflip","PiercingWail","Cloak And Dagger+1","Night Terror"],"relics":["Ring of the Snake","Tiny Chest","Bottled Tornado","Empty Cage","Meat on the Bone","Snake Skull","Bottled Flame","Blood Vial","Whetstone","Busted Crown"],"potions_floor_usage":[16,23,29,40],"damage_taken":[{"damage":0,"enemies":"Small Slimes","floor":1,"turns":5},{"damage":2,"enemies":"Jaw Worm","floor":4,"turns":5},{"damage":17,"enemies":"3 Sentries","floor":7,"turns":7},{"damage":0,"enemies":"Cultist","floor":10,"turns":3},{"damage":2,"enemies":"Lagavulin","floor":13,"turns":6},{"damage":26,"enemies":"The Guardian","floor":16,"turns":13},{"damage":0,"enemies":"Chosen","floor":18,"turns":6},{"damage":16,"enemies":"3 Byrds","floor":19,"turns":7},{"damage":4,"enemies":"Centurion and Healer","floor":20,"turns":8},{"damage":9,"enemies":"Sentry and Sphere","floor":22,"turns":7},{"damage":3,"enemies":"Book of Stabbing","floor":23,"turns":10},{"damage":14,"enemies":"Colosseum Slavers","floor":25,"turns":7},{"damage":16,"enemies":"Gremlin Leader","floor":29,"turns":9},{"damage":0,"enemies":"Chosen and Byrds","floor":30,"turns":8},{"damage":13,"enemies":"Snecko","floor":31,"turns":8},{"damage":33,"enemies":"Collector","floor":33,"turns":13},{"damage":0,"enemies":"Orb Walker","floor":35,"turns":5},{"damage":0,"enemies":"3 Shapes","floor":36,"turns":4},{"damage":16,"enemies":"Jaw Worm Horde","floor":37,"turns":6},{"damage":8,"enemies":"Sphere and 2 Shapes","floor":39,"turns":6},{"damage":49,"enemies":"Giant Head","floor":40,"turns":9}],"seed_played":"5259078251413374352","potions_obtained":[{"floor":1,"key":"LiquidBronze"},{"floor":4,"key":"AttackPotion"},{"floor":19,"key":"Swift Potion"},{"floor":20,"key":"Energy Potion"},{"floor":23,"key":"Block Potion"},{"floor":29,"key":"AttackPotion"},{"floor":37,"key":"Dexterity Potion"},{"floor":38,"key":"Ancient Potion"}],"is_trial":false,"path_per_floor":["M","?","?","M","$","R","E","R","T","M","R","?","E","?","R","B",null,"M","M","M","$","M","E","R","?","T","?","R","E","M","M","R","B",null,"M","M","M","?","M","E"],"character_chosen":"THE_SILENT","items_purchased":["Footwork","Adrenaline","Predator","Meat on the Bone","Cloak And Dagger","Backflip"],"campfire_rested":2,"item_purchase_floors":[5,5,5,21,21,21],"current_hp_per_floor":[59,59,53,51,51,51,34,34,34,34,34,23,21,14,33,7,51,51,35,31,31,34,43,43,41,41,41,41,39,41,42,61,42,60,62,64,50,50,44,0],"gold":211,"neow_bonus":"HUNDRED_GOLD","is_prod":false,"is_daily":false,"chose_seed":false,"campfire_upgraded":5,"win_rate":0,"timestamp":1558904874,"path_taken":["M","?","?","M","$","R","E","R","T","?","R","?","E","?","R","BOSS","M","M","M","$","M","E","R","?","T","?","R","E","M","M","R","BOSS","M","M","?","?","?","E"],"build_version":"2019-01-23","purchased_purges":0,"victory":false,"max_hp_per_floor":[66,66,66,66,66,66,66,66,66,66,66,66,66,66,66,66,66,66,66,66,66,66,66,66,66,66,66,66,66,66,66,66,66,66,66,66,66,66,66,66],"card_choices":[{"not_picked":["Riddle With Holes","Prepared"],"picked":"Noxious Fumes","floor":1},{"not_picked":["Expertise","Blur"],"picked":"Flechettes","floor":4},{"not_picked":["Deadly Poison","Escape Plan"],"picked":"After Image","floor":7},{"not_picked":["Flying Knee","Expertise"],"picked":"Deflect","floor":10},{"not_picked":["Expertise","Sucker Punch"],"picked":"PiercingWail","floor":13},{"not_picked":["Burst","Glass Knife"],"picked":"Malaise","floor":16},{"not_picked":["Finisher","Acrobatics","Underhanded Strike"],"picked":"SKIP","floor":18},{"not_picked":["Concentrate","Dagger Throw"],"picked":"Backflip","floor":19},{"not_picked":["Quick Slash","Bane"],"picked":"Cloak And Dagger","floor":20},{"not_picked":["Flying Knee+1","Prepared","Poisoned Stab"],"picked":"SKIP","floor":22},{"not_picked":["Slice","Prepared"],"picked":"Backflip","floor":23},{"not_picked":["Sucker Punch","Tactician+1"],"picked":"PiercingWail","floor":29},{"not_picked":["Crippling Poison","Poisoned Stab","Bane"],"picked":"SKIP","floor":30},{"not_picked":["Crippling Poison","Poisoned Stab","Bane"],"picked":"SKIP","floor":30},{"not_picked":["Die Die Die","Accuracy"],"picked":"Cloak And Dagger+1","floor":31},{"not_picked":["Corpse Explosion","Tools of the Trade"],"picked":"Night Terror","floor":33},{"not_picked":["PiercingWail"],"picked":"SKIP","floor":35},{"not_picked":["Bane"],"picked":"SKIP","floor":36},{"not_picked":["Choke"],"picked":"SKIP","floor":37},{"not_picked":["Bane"],"picked":"SKIP","floor":39}],"player_experience":1343266,"relics_obtained":[{"floor":7,"key":"Tiny Chest"},{"floor":13,"key":"Bottled Tornado"},{"floor":23,"key":"Snake Skull"},{"floor":26,"key":"Bottled Flame"},{"floor":29,"key":"Whetstone"}],"event_choices":[{"cards_removed":["Strike_G"],"damage_healed":0,"gold_gain":0,"player_choice":"Forget","damage_taken":0,"max_hp_gain":0,"max_hp_loss":0,"event_name":"Living Wall","floor":2,"gold_loss":0},{"damage_healed":0,"gold_gain":50,"player_choice":"Touch","damage_taken":6,"max_hp_gain":0,"max_hp_loss":0,"event_name":"FaceTrader","floor":3,"gold_loss":0},{"damage_healed":0,"gold_gain":75,"player_choice":"Gather Gold","damage_taken":11,"max_hp_gain":0,"max_hp_loss":0,"event_name":"World of Goop","floor":12,"gold_loss":0},{"cards_removed":["Strike_G"],"damage_healed":0,"gold_gain":0,"player_choice":"Card Removal","damage_taken":7,"max_hp_gain":0,"max_hp_loss":0,"event_name":"Golden Wing","floor":14,"gold_loss":0},{"damage_healed":0,"gold_gain":0,"player_choice":"Fight","damage_taken":0,"max_hp_gain":0,"max_hp_loss":0,"event_name":"Colosseum","floor":25,"gold_loss":0},{"damage_healed":0,"gold_gain":0,"player_choice":"Fled From Nobs","damage_taken":0,"max_hp_gain":0,"max_hp_loss":0,"event_name":"Colosseum","floor":25,"gold_loss":0},{"damage_healed":0,"gold_gain":0,"player_choice":"Gave Potion","damage_taken":0,"relics_obtained":["Blood Vial"],"max_hp_gain":0,"max_hp_loss":0,"event_name":"WeMeetAgain","floor":27,"gold_loss":0},{"damage_healed":0,"gold_gain":0,"player_choice":"Bought 2 Potions","damage_taken":0,"max_hp_gain":0,"max_hp_loss":0,"event_name":"The Woman in Blue","floor":38,"gold_loss":0}],"is_beta":false,"boss_relics":[{"not_picked":["Calling Bell","White Beast Statue"],"picked":"Empty Cage"},{"not_picked":["Fusion Hammer","Runic Dome"],"picked":"Busted Crown"}],"items_purged_floors":[],"is_endless":false,"potions_floor_spawned":[1,4,10,19,20,23,29,37],"killed_by":"Giant Head","ascension_level":15}