{"gold_per_floor":[211,222,222,222,172,172,199,213,239,253,268,284,98,111,111,216,216,230,243,253,253,268,268,268],"floor_reached":24,"playtime":2394,"items_purged":[],"score":323,"play_id":"b09f4fe7-9c43-4616-9e8e-9005f5d7f448","local_time":"20190503132622","is_ascension_mode":true,"campfire_choices":[{"data":"Leg Sweep","floor":6,"key":"SMITH"},{"data":"Backflip","floor":15,"key":"SMITH"},{"floor":23,"key":"REST"}],"neow_cost":"NONE","seed_source_timestamp":5097259921421199,"circlet_count":0,"master_deck":["AscendersBane","Defend_G","Defend_G","Defend_G","Defend_G","Strike_G","Strike_G","Strike_G","Strike_G","Strike_G","Survivor","Neutralize+1","Leg Sweep+1","Cloak And Dagger","PiercingWail","Noxious Fumes","Backflip+1","Envenom","Catalyst","Terror","Backflip"],"relics":["Ring of the Serpent","Blood Vial","Dream Catcher","Bag of Preparation","Bronze Scales"],"potions_floor_usage":[7,12,16,20],"damage_taken":[{"damage":2,"enemies":"Jaw Worm","floor":1,"turns":6},{"damage":1,"enemies":"2 Louse","floor":2,"turns":6},{"damage":15,"enemies":"Gremlin Nob","floor":7,"turns":5},{"damage":0,"enemies":"Small Slimes","floor":8,"turns":3},{"damage":3,"enemies":"Gremlin Gang","floor":10,"turns":9},{"damage":5,"enemies":"3 Louse","floor":11,"turns":5},{"damage":1,"enemies":"Blue Slaver","floor":12,"turns":5},{"damage":0,"enemies":"2 Fungi Beasts","floor":14,"turns":4},{"damage":32,"enemies":"The Guardian","floor":16,"turns":14},{"damage":4,"enemies":"Shell Parasite","floor":18,"turns":10},{"damage":7,"enemies":"3 Byrds","floor":19,"turns":5},{"damage":25,"enemies":"Sentry and Sphere","floor":20,"turns":8},{"damage":2,"enemies":"Centurion and Healer","floor":22,"turns":10},{"damage":40,"enemies":"Gremlin Leader","floor":24,"turns":6}],"seed_played":"-6410308327524375454","potions_obtained":[{"floor":1,"key":"AttackPotion"},{"floor":7,"key":"Strength Potion"},{"floor":11,"key":"Regen Potion"},{"floor":18,"key":"Energy Potion"}],"is_trial":false,"path_per_floor":["M","M","?","?","?","R","E","M","T","M","M","M","$","M","R","B",null,"M","M","M","?","M","R","E"],"character_chosen":"THE_SILENT","items_purchased":["Noxious Fumes","Bronze Scales"],"campfire_rested":1,"item_purchase_floors":[13,13],"current_hp_per_floor":[61,60,60,57,57,57,44,46,46,45,42,57,57,59,59,29,60,58,53,30,17,17,39,1],"gold":268,"neow_bonus":"HUNDRED_GOLD","is_prod":false,"is_daily":false,"chose_seed":false,"campfire_upgraded":2,"win_rate":0,"timestamp":1556904382,"path_taken":["M","M","?","?","?","R","E","M","T","M","?","M","$","M","R","BOSS","M","M","M","?","M","R","E"],"build_version":"2019-01-23","purchased_purges":0,"victory":false,"max_hp_per_floor":[70,70,70,70,70,70,70,70,70,70,70,70,70,70,70,70,70,70,70,70,75,75,75,75],"card_choices":[{"not_picked":["Well Laid Plans","Skewer"],"picked":"Leg Sweep","floor":1},{"not_picked":["Tactician","Finisher","Quick Slash"],"picked":"SKIP","floor":2},{"not_picked":["Flying Knee","Poisoned Stab"],"picked":"Cloak And Dagger","floor":7},{"not_picked":["Prepared","Skewer","Poisoned Stab"],"picked":"SKIP","floor":8},{"not_picked":["Accuracy","Prepared"],"picked":"PiercingWail","floor":10},{"not_picked":["Dagger Throw","Setup","Outmaneuver"],"picked":"SKIP","floor":11},{"not_picked":["Bane","Storm of Steel","Prepared"],"picked":"SKIP","floor":12},{"not_picked":["Dagger Spray","Choke"],"picked":"Backflip","floor":14},{"not_picked":["A Thousand Cuts","Burst"],"picked":"Envenom","floor":16},{"not_picked":["Bouncing Flask","Dagger Spray"],"picked":"Catalyst","floor":18},{"not_picked":["Blade Dance","Deflect"],"picked":"Terror","floor":19},{"not_picked":["Dagger Throw","Underhanded Strike"],"picked":"Backflip","floor":20},{"not_picked":["Tactician","Quick Slash","Poisoned Stab"],"picked":"SKIP","floor":22}],"player_experience":267088,"relics_obtained":[{"floor":7,"key":"Dream Catcher"},{"floor":9,"key":"Bag of Preparation"}],"event_choices":[{"damage_healed":0,"gold_gain":0,"player_choice":"Grow","damage_taken":0,"max_hp_gain":0,"max_hp_loss":0,"event_name":"Living Wall","floor":3,"gold_loss":0,"cards_upgraded":["Neutralize"]},{"damage_healed":0,"gold_gain":0,"player_choice":"Success","damage_taken":3,"relics_obtained":["Blood Vial"],"max_hp_gain":0,"max_hp_loss":0,"event_name":"Scrap Ooze","floor":4,"gold_loss":0},{"cards_removed":["Defend_G"],"damage_healed":0,"gold_gain":0,"player_choice":"Card Removal","damage_taken":0,"max_hp_gain":0,"max_hp_loss":0,"event_name":"The Cleric","floor":5,"gold_loss":50},{"damage_healed":0,"gold_gain":0,"player_choice":"Shed Blood","damage_taken":18,"max_hp_gain":5,"max_hp_loss":0,"event_name":"Forgotten Altar","floor":21,"gold_loss":0}],"is_beta":false,"boss_relics":[{"not_picked":["Fusion Hammer","WristBlade"],"picked":"Ring of the Serpent"}],"items_purged_floors":[],"is_endless":false,"potions_floor_spawned":[1,7,11,18],"killed_by":"Gremlin Leader","ascension_level":12}