{"gold_per_floor":[117,132,143,25,42,42,7,36,36,70,87,87,87,387,387,466,466,485,497,516,516,14,14,44,57,57,69,98,98,115,134,134,134],"floor_reached":33,"playtime":2377,"items_purged":["Strike_G","Writhe"],"score":598,"play_id":"b33912e2-48a6-4c58-8cbb-3d1c62a8052a","local_time":"20190506205442","is_ascension_mode":true,"campfire_choices":[{"data":"Neutralize","floor":6.0,"key":"SMITH"},{"data":"Sucker Punch","floor":12.0,"key":"SMITH"},{"floor":15.0,"key":"REST"},{"data":"Dagger Spray","floor":23.0,"key":"SMITH"},{"data":"Noxious Fumes","floor":29.0,"key":"SMITH"},{"floor":32.0,"key":"REST"}],"neow_cost":"NONE","seed_source_timestamp":181544471372241,"circlet_count":0,"master_deck":["AscendersBane","Defend_G","Defend_G+1","Defend_G","Defend_G","Defend_G","Strike_G","Strike_G","Strike_G","Strike_G","Survivor","Neutralize+1","Finesse","Backstab","Slice","Poisoned Stab","Noxious Fumes+1","Dodge and Roll+1","Sucker Punch+1","Quick Slash","Terror","Corpse Explosion","Heel Hook","Prepared+1","Well Laid Plans+1","Dagger Spray+1","Underhanded Strike","Deadly Poison","Backstab","Poisoned Stab+1","Terror","Escape Plan","Infinite Blades+1"],"special_seed":0,"relics":["Ring of the Snake","Paper Crane","Frozen Egg 2","Meat on the Bone","Old Coin","Busted Crown","Pen Nib","War Paint","Mummified Hand","Snake Skull","Question Card"],"potions_floor_usage":[33],"damage_taken":[{"damage":0.0,"enemies":"Cultist","floor":1.0,"turns":4.0},{"damage":0.0,"enemies":"2 Louse","floor":2.0,"turns":4.0},{"damage":14.0,"enemies":"Jaw Worm","floor":3.0,"turns":7.0},{"damage":1.0,"enemies":"Large Slime","floor":5.0,"turns":5.0},{"damage":44.0,"enemies":"Gremlin Nob","floor":8.0,"turns":6.0},{"damage":15.0,"enemies":"Lagavulin","floor":10.0,"turns":8.0},{"damage":0.0,"enemies":"Blue Slaver","floor":11.0,"turns":4.0},{"damage":7.0,"enemies":"Hexaghost","floor":16.0,"turns":9.0},{"damage":16.0,"enemies":"Shell Parasite","floor":18.0,"turns":6.0},{"damage":30.0,"enemies":"Spheric Guardian","floor":19.0,"turns":6.0},{"damage":16.0,"enemies":"3 Cultists","floor":20.0,"turns":5.0},{"damage":9.0,"enemies":"Gremlin Leader","floor":24.0,"turns":6.0},{"damage":1.0,"enemies":"Centurion and Healer","floor":25.0,"turns":6.0},{"damage":2.0,"enemies":"Snecko","floor":27.0,"turns":4.0},{"damage":15.0,"enemies":"Slavers","floor":28.0,"turns":6.0},{"damage":24.0,"enemies":"Snake Plant","floor":30.0,"turns":2.0},{"damage":15.0,"enemies":"Centurion and Healer","floor":31.0,"turns":4.0},{"damage":49,"enemies":"Champ","floor":33,"turns":7}],"seed_played":"-362165317368493125","potions_obtained":[{"floor":1.0,"key":"SteroidPotion"},{"floor":3.0,"key":"Explosive Potion"},{"floor":8.0,"key":"SpeedPotion"},{"floor":11.0,"key":"Poison Potion"},{"floor":20.0,"key":"SteroidPotion"},{"floor":24.0,"key":"Weak Potion"},{"floor":28.0,"key":"PowerPotion"},{"floor":31.0,"key":"Swift Potion"}],"is_trial":false,"path_per_floor":["M","M","M","$","M","R","?","E","T","E","M","R","?","?","R","B",null,"M","M","M","?","$","R","E","M","T","M","E","R","M","M","R","B"],"character_chosen":"THE_SILENT","items_purchased":["Noxious Fumes","Well Laid Plans+1","War Paint","Dagger Spray","EssenceOfSteel","Underhanded Strike"],"campfire_rested":2,"item_purchase_floors":[4,22,22,22,22,22],"current_hp_per_floor":[59,59,45,45,44,44,60,16,16,1,13,13,13,13,32,37,59,43,25,21,21,21,21,24,35,35,45,42,42,30,27,46,0],"gold":134,"neow_bonus":"RANDOM_COLORLESS","is_prod":false,"is_daily":false,"chose_seed":false,"campfire_upgraded":4,"win_rate":0,"timestamp":1557190482,"path_taken":["M","M","M","$","M","R","?","E","T","E","M","R","?","?","R","BOSS","M","M","M","?","$","R","E","M","T","M","E","R","M","M","R","BOSS"],"build_version":"2019-01-23","purchased_purges":2,"victory":false,"max_hp_per_floor":[66,66,66,66,66,66,66,66,66,66,66,66,66,66,66,66,66,66,66,66,66,66,66,66,66,66,66,66,66,66,66,66,66],"card_choices":[{"not_picked":["Slice","Cloak And Dagger"],"picked":"Backstab","floor":1.0},{"not_picked":["Underhanded Strike","Concentrate"],"picked":"Slice","floor":2.0},{"not_picked":["Concentrate","Escape Plan"],"picked":"Poisoned Stab","floor":3.0},{"not_picked":["Blade Dance","Slice"],"picked":"Dodge and Roll","floor":5.0},{"not_picked":["Dodge and Roll","Catalyst"],"picked":"Sucker Punch","floor":8.0},{"not_picked":["Bane","Riddle With Holes"],"picked":"Quick Slash","floor":10.0},{"not_picked":["Quick Slash","Flechettes"],"picked":"Terror","floor":11.0},{"not_picked":["Burst","Unload"],"picked":"Corpse Explosion","floor":16.0},{"not_picked":[],"picked":"Heel Hook","floor":18.0},{"not_picked":["Outmaneuver"],"picked":"SKIP","floor":19.0},{"not_picked":[],"picked":"Prepared+1","floor":20.0},{"not_picked":[],"picked":"Deadly Poison","floor":24.0},{"not_picked":[],"picked":"Backstab","floor":25.0},{"not_picked":[],"picked":"Poisoned Stab+1","floor":27.0},{"not_picked":[],"picked":"Terror","floor":28.0},{"not_picked":["Expertise"],"picked":"Escape Plan","floor":30.0},{"not_picked":["Sucker Punch"],"picked":"Infinite Blades+1","floor":31.0}],"player_experience":387853,"relics_obtained":[{"floor":8.0,"key":"Paper Crane"},{"floor":9.0,"key":"Frozen Egg 2"},{"floor":10.0,"key":"Meat on the Bone"},{"floor":14.0,"key":"Old Coin"},{"floor":24.0,"key":"Mummified Hand"},{"floor":26.0,"key":"Snake Skull"},{"floor":28.0,"key":"Question Card"}],"event_choices":[{"damage_healed":16.0,"max_hp_gain":0.0,"max_hp_loss":0.0,"gold_gain":0.0,"event_name":"The Cleric","player_choice":"Healed","floor":7.0,"gold_loss":35.0,"damage_taken":0.0},{"damage_healed":0.0,"max_hp_gain":0.0,"max_hp_loss":0.0,"gold_gain":0.0,"event_name":"Liars Game","player_choice":"Ignored","floor":13.0,"gold_loss":0.0,"damage_taken":0.0},{"damage_healed":0.0,"max_hp_gain":0.0,"max_hp_loss":0.0,"gold_gain":0.0,"event_name":"Wheel of Change","player_choice":"Relic","floor":14.0,"gold_loss":0.0,"damage_taken":0.0},{"damage_healed":0.0,"max_hp_gain":0.0,"max_hp_loss":0.0,"gold_gain":0.0,"event_name":"The Mausoleum","player_choice":"Opened","floor":21.0,"gold_loss":0.0,"damage_taken":0.0,"relics_obtained":["Pen Nib"],"cards_obtained":["Writhe"]}],"is_beta":false,"boss_relics":[{"not_picked":["Ring of the Serpent","Pandora\u0027s Box"],"picked":"Busted Crown"}],"items_purged_floors":[4,22],"is_endless":false,"potions_floor_spawned":[1,3,8,11,20,24,28,31],"killed_by":"Champ","ascension_level":20}