{"gold_per_floor":[115,290,290,115,115,115,150,150,175,194,223,243,258,293,293,389,389,406,425,445,445,370,370,395,409,432,461,461,271,271,106,106,202,202,221,71,81,7,18,18,31,31,31,47,75,75,87,102,102,102,102,102,1,32,32],"floor_reached":55,"playtime":6095,"items_purged":["Defend_R","Normality","Strike_R","Strike_R"],"score":790,"play_id":"3c8f5a5c-f8ab-49fa-82e1-d5974e70d140","local_time":"20190414183628","is_ascension_mode":true,"campfire_choices":[{"floor":6,"key":"RECALL"},{"data":"Armaments","floor":8,"key":"SMITH"},{"data":"Double Tap","floor":15,"key":"SMITH"},{"data":"Pommel Strike","floor":23,"key":"SMITH"},{"data":"Blind","floor":30,"key":"SMITH"},{"data":"Body Slam","floor":32,"key":"SMITH"},{"data":"Double Tap","floor":40,"key":"SMITH"},{"data":"Impervious","floor":42,"key":"SMITH"},{"floor":46,"key":"REST"},{"floor":49,"key":"REST"},{"data":"Body Slam","floor":52,"key":"SMITH"}],"neow_cost":"NONE","seed_source_timestamp":3470547647247174,"circlet_count":0,"master_deck":["Strike_R+1","Defend_R","Defend_R","Bash+1","Shrug It Off","Body Slam+1","Headbutt","Armaments+1","Shrug It Off","Double Tap+1","Pommel Strike+1","Flex","Shrug It Off","Impervious+1","Anger","Headbutt+1","Rampage","Spot Weakness","Pommel Strike+1","Armaments+1","Corruption","Blind+1","Rampage","Double Tap+1","Metallicize+1","Body Slam+1","Flame Barrier","Parasite","Rampage+1","Doubt","Metallicize","Body Slam+1","Iron Wave+1","Infernal Blade","Iron Wave"],"relics":["Burning Blood","Whetstone","Orichalcum","Bag of Preparation","Question Card","Cursed Key","Lantern","Ancient Tea Set","Matryoshka","Lizard Tail","Mango","Oddly Smooth Stone","Mummified Hand","Kunai","Happy Flower"],"potions_floor_usage":[14,16,16,16,33,33,33,48,50,50,50,54],"damage_taken":[{"damage":6,"enemies":"Cultist","floor":1,"turns":3},{"damage":40,"enemies":"3 Sentries","floor":7,"turns":12},{"damage":1,"enemies":"Small Slimes","floor":10,"turns":3},{"damage":10,"enemies":"Gremlin Nob","floor":11,"turns":4},{"damage":1,"enemies":"Jaw Worm","floor":12,"turns":4},{"damage":0,"enemies":"2 Fungi Beasts","floor":13,"turns":3},{"damage":8,"enemies":"3 Sentries","floor":14,"turns":7},{"damage":33,"enemies":"Hexaghost","floor":16,"turns":7},{"damage":0,"enemies":"Spheric Guardian","floor":18,"turns":2},{"damage":19,"enemies":"3 Byrds","floor":19,"turns":5},{"damage":7,"enemies":"Centurion and Healer","floor":20,"turns":6},{"damage":23,"enemies":"Slavers","floor":24,"turns":6},{"damage":2,"enemies":"Cultist and Chosen","floor":25,"turns":3},{"damage":3,"enemies":"Book of Stabbing","floor":27,"turns":5},{"damage":55,"enemies":"Collector","floor":33,"turns":8},{"damage":9,"enemies":"3 Darklings","floor":35,"turns":5},{"damage":6,"enemies":"Orb Walker","floor":37,"turns":3},{"damage":4,"enemies":"3 Darklings","floor":39,"turns":5},{"damage":0,"enemies":"Writhing Mass","floor":41,"turns":5},{"damage":22,"enemies":"Sphere and 2 Shapes","floor":44,"turns":6},{"damage":70,"enemies":"Nemesis","floor":45,"turns":9},{"damage":9,"enemies":"4 Shapes","floor":47,"turns":5},{"damage":5,"enemies":"3 Darklings","floor":48,"turns":8},{"damage":47,"enemies":"Donu and Deca","floor":50,"turns":10},{"damage":79,"enemies":"Shield and Spear","floor":54,"turns":11},{"damage":103,"enemies":"The Heart","floor":55,"turns":8}],"seed_played":"-8174681284820501006","potions_obtained":[{"floor":1,"key":"GamblersBrew"},{"floor":10,"key":"Dexterity Potion"},{"floor":12,"key":"Fruit Juice"},{"floor":13,"key":"AttackPotion"},{"floor":14,"key":"PowerPotion"},{"floor":20,"key":"Poison Potion"},{"floor":25,"key":"Fire Potion"},{"floor":27,"key":"Fire Potion"},{"floor":35,"key":"Energy Potion"},{"floor":39,"key":"BloodPotion"},{"floor":41,"key":"Block Potion"},{"floor":48,"key":"GamblersBrew"}],"is_trial":false,"path_per_floor":["M","?","?","$","?","R","E","R","T","M","E","M","M","E","R","B",null,"M","M","M","?","?","R","E","M","T","E","?","$","R","$","R","B",null,"M","$","M","?","M","R","M","R","T","M","E","R","M","M","R","B",null,"R","$","E","B"],"character_chosen":"IRONCLAD","items_purchased":["Body Slam","Headbutt","Blind","Rampage","SpeedPotion","Weak Potion"],"campfire_rested":2,"item_purchase_floors":[4,4,29,31,53,53],"current_hp_per_floor":[80,80,80,80,80,80,46,46,46,51,47,52,58,61,61,34,85,85,72,71,71,71,71,54,58,58,61,61,61,61,61,61,12,85,82,82,82,96,98,98,99,99,99,83,19,48,45,55,84,43,99,99,99,26,0],"gold":32,"neow_bonus":"RANDOM_COMMON_RELIC","is_prod":false,"is_daily":false,"chose_seed":false,"campfire_upgraded":8,"win_rate":0,"timestamp":1555281388,"path_taken":["M","?","?","$","?","R","E","R","T","M","E","M","M","E","R","BOSS","M","M","?","?","?","R","E","M","T","E","?","$","R","$","R","BOSS","M","$","M","?","M","R","?","R","T","?","E","R","M","M","R","BOSS","R","$","E","BOSS"],"build_version":"2019-01-23","purchased_purges":4,"victory":false,"max_hp_per_floor":[80,80,80,80,80,80,80,80,80,80,80,80,80,85,85,85,85,85,85,85,85,85,85,85,85,85,85,85,85,85,85,85,85,85,85,85,85,99,99,99,99,99,99,99,99,99,99,99,99,99,99,99,99,99,99],"card_choices":[{"not_picked":["Second Wind","Shockwave"],"picked":"Shrug It Off","floor":1},{"not_picked":["Sentinel","Clash"],"picked":"Armaments","floor":7},{"not_picked":["Thunderclap","Twin Strike"],"picked":"Shrug It Off","floor":10},{"not_picked":["Headbutt","Fire Breathing"],"picked":"Double Tap","floor":11},{"not_picked":["Body Slam","Perfected Strike"],"picked":"Pommel Strike","floor":12},{"not_picked":["Clash","Whirlwind"],"picked":"Flex","floor":13},{"not_picked":["Second Wind","Brutality"],"picked":"Shrug It Off","floor":14},{"not_picked":["Dark Embrace","Limit Break","Brutality"],"picked":"Impervious","floor":16},{"not_picked":["Wild Strike","Havoc","Clothesline"],"picked":"Anger","floor":18},{"not_picked":["Warcry","Limit Break","Cleave"],"picked":"Headbutt+1","floor":19},{"not_picked":["Combust","Dropkick","Reckless Charge"],"picked":"Rampage","floor":20},{"not_picked":["Spot Weakness","Corruption","Flex"],"picked":"Pommel Strike+1","floor":24},{"not_picked":["Headbutt","Sword Boomerang+1","Flex+1"],"picked":"Armaments+1","floor":25},{"not_picked":["Offering","Blood for Blood","Corruption","Searing Blow"],"picked":"SKIP","floor":27},{"not_picked":["Reaper","Feed","Juggernaut"],"picked":"Double Tap","floor":33},{"not_picked":["Pummel+1","Flex","Rampage"],"picked":"Metallicize+1","floor":35},{"not_picked":["Sever Soul+1","Spot Weakness","Twin Strike"],"picked":"Body Slam+1","floor":37},{"not_picked":["Wild Strike+1","Headbutt","Carnage"],"picked":"Flame Barrier","floor":39},{"not_picked":["Ghostly Armor","Dual Wield","Thunderclap"],"picked":"Rampage+1","floor":41},{"not_picked":["Heavy Blade","Anger","Perfected Strike+1"],"picked":"Metallicize","floor":44},{"not_picked":["True Grit+1","Anger","Double Tap"],"picked":"Body Slam","floor":45},{"not_picked":["Armaments","Clash+1","Corruption"],"picked":"Iron Wave+1","floor":47},{"not_picked":["Cleave+1","Anger+1","Thunderclap+1"],"picked":"Infernal Blade","floor":48},{"not_picked":["Limit Break","Rampage+1","Burning Pact+1"],"picked":"Iron Wave","floor":54}],"player_experience":66732,"relics_obtained":[{"floor":7,"key":"Orichalcum"},{"floor":11,"key":"Bag of Preparation"},{"floor":14,"key":"Question Card"},{"floor":24,"key":"Lantern"},{"floor":26,"key":"Ancient Tea Set"},{"floor":27,"key":"Matryoshka"},{"floor":43,"key":"Oddly Smooth Stone"},{"floor":43,"key":"Mummified Hand"},{"floor":45,"key":"Kunai"},{"floor":54,"key":"Happy Flower"}],"event_choices":[{"damage_healed":0,"gold_gain":175,"player_choice":"AGREE","damage_taken":0,"max_hp_gain":0,"max_hp_loss":0,"event_name":"Liars Game","floor":2,"gold_loss":0,"cards_obtained":["Doubt"]},{"cards_removed":["Doubt"],"damage_healed":0,"gold_gain":0,"player_choice":"Forget","damage_taken":0,"max_hp_gain":0,"max_hp_loss":0,"event_name":"Living Wall","floor":3,"gold_loss":0},{"cards_removed":["Strike_R"],"damage_healed":0,"gold_gain":0,"player_choice":"Offered Basic","damage_taken":0,"max_hp_gain":0,"max_hp_loss":0,"event_name":"Bonfire Elementals","floor":5,"gold_loss":0},{"damage_healed":0,"gold_gain":0,"player_choice":"Read","damage_taken":0,"max_hp_gain":0,"max_hp_loss":0,"event_name":"The Library","floor":21,"gold_loss":0,"cards_obtained":["Spot Weakness"]},{"cards_removed":["Defend_R"],"damage_healed":0,"gold_gain":0,"player_choice":"Gave Gold","damage_taken":0,"max_hp_gain":0,"max_hp_loss":0,"event_name":"Beggar","floor":22,"gold_loss":75},{"damage_healed":0,"gold_gain":0,"cards_transformed":["Strike_R"],"player_choice":"Transformed","damage_taken":0,"max_hp_gain":0,"max_hp_loss":0,"event_name":"Transmorgrifier","floor":28,"gold_loss":0,"cards_obtained":["Corruption"]},{"damage_healed":0,"gold_gain":0,"player_choice":"Paid Gold","damage_taken":0,"relics_obtained":["Mango"],"max_hp_gain":0,"max_hp_loss":0,"event_name":"WeMeetAgain","floor":38,"gold_loss":74}],"is_beta":false,"boss_relics":[{"not_picked":["Philosopher\u0027s Stone","Astrolabe"],"picked":"Cursed Key"},{"not_picked":["Runic Pyramid","Black Blood"],"picked":"Lizard Tail"}],"items_purged_floors":[4,29,31,36],"is_endless":false,"potions_floor_spawned":[1,10,12,13,14,20,25,27,35,39,41,48],"killed_by":"The Heart","ascension_level":1}