{"gold_per_floor":[369,122,134,134,84,114,132,151,151,151,165,165,165,181,181,281,281,299,311,311,322,322,322,350,365,365,391,391,409,425,442,442,540,590,606,43,43,43,143,143,173,173,173,173,204,204,232,0,0,0],"floor_reached":50,"playtime":1985,"items_purged":["Writhe","Regret"],"score":700,"play_id":"3dc20397-49bb-41f6-a18c-bb80f8887490","local_time":"20190526192845","is_ascension_mode":true,"campfire_choices":[{"floor":10,"key":"REST"},{"floor":13,"key":"REST"},{"data":"Neutralize","floor":15,"key":"SMITH"},{"floor":23,"key":"REST"},{"floor":28,"key":"REST"},{"floor":32,"key":"REST"},{"floor":40,"key":"REST"},{"floor":42,"key":"REST"},{"floor":44,"key":"REST"},{"floor":46,"key":"REST"},{"floor":49,"key":"REST"}],"neow_cost":"CURSE","seed_source_timestamp":389827977643476,"circlet_count":0,"master_deck":["Defend_G+1","Defend_G","Defend_G","Defend_G","Defend_G","Strike_G","Strike_G+1","Strike_G","Strike_G","Survivor","Neutralize+1","Deadly Poison","Dash","Noxious Fumes+1","Poisoned Stab+1","Finisher+1","Slice","Sucker Punch","Backflip","Dagger Throw","Quick Slash","Glass Knife","Dagger Spray+1","Dagger Spray+1","Slice+1","Glass Knife","Corpse Explosion","Dodge and Roll","Malaise","Prepared+1","PiercingWail","Glass Knife","Prepared+1","Bouncing Flask+1","After Image","Swift Strike","Panache","Madness","Madness","Skewer+1","Skewer+1","Injury","Crippling Poison+1","PiercingWail+1"],"relics":["Ring of the Snake","Bottled Tornado","Ice Cream","Cursed Key","Enchiridion","Mango","Tough Bandages","Mercury Hourglass","Tiny House","Vajra","Whetstone","Girya","Bottled Flame","Ninja Scroll","Juzu Bracelet","Regal Pillow","Red Mask"],"potions_floor_usage":[16,24,27,27,30,33,47,50],"damage_taken":[{"damage":6,"enemies":"Small Slimes","floor":1,"turns":5},{"damage":1,"enemies":"2 Louse","floor":3,"turns":3},{"damage":16,"enemies":"3 Sentries","floor":6,"turns":9},{"damage":0,"enemies":"Cultist","floor":7,"turns":3},{"damage":9,"enemies":"2 Fungi Beasts","floor":8,"turns":3},{"damage":1,"enemies":"Looter","floor":11,"turns":3},{"damage":2,"enemies":"Gremlin Gang","floor":14,"turns":4},{"damage":33,"enemies":"The Guardian","floor":16,"turns":9},{"damage":7,"enemies":"Chosen","floor":18,"turns":3},{"damage":3,"enemies":"3 Byrds","floor":19,"turns":3},{"damage":28,"enemies":"Snake Plant","floor":21,"turns":4},{"damage":15,"enemies":"Gremlin Leader","floor":24,"turns":5},{"damage":13,"enemies":"Snecko","floor":25,"turns":4},{"damage":11,"enemies":"Slavers","floor":27,"turns":3},{"damage":1,"enemies":"Centurion and Healer","floor":29,"turns":4},{"damage":4,"enemies":"Cultist and Chosen","floor":30,"turns":4},{"damage":2,"enemies":"Shelled Parasite and Fungi","floor":31,"turns":5},{"damage":25,"enemies":"Automaton","floor":33,"turns":8},{"damage":11,"enemies":"3 Darklings","floor":35,"turns":3},{"damage":15,"enemies":"Mind Bloom Boss Battle","floor":39,"turns":6},{"damage":60,"enemies":"Giant Head","floor":41,"turns":9},{"damage":23,"enemies":"Reptomancer","floor":45,"turns":5},{"damage":57,"enemies":"Giant Head","floor":47,"turns":9},{"damage":57,"enemies":"Donu and Deca","floor":50,"turns":4}],"seed_played":"9020401624116819361","potions_obtained":[{"floor":1,"key":"Dexterity Potion"},{"floor":11,"key":"Weak Potion"},{"floor":16,"key":"Regen Potion"},{"floor":18,"key":"Fire Potion"},{"floor":24,"key":"EssenceOfSteel"},{"floor":29,"key":"SpeedPotion"},{"floor":34,"key":"FearPotion"},{"floor":41,"key":"SpeedPotion"},{"floor":45,"key":"GamblersBrew"}],"is_trial":false,"path_per_floor":["M","$","M","?","?","E","M","M","T","R","M","?","R","M","R","B",null,"M","M","?","M","?","R","E","M","T","E","R","M","M","M","R","B",null,"M","$","?","?","?","R","E","R","T","R","E","R","E","?","R","B"],"character_chosen":"THE_SILENT","items_purchased":["Dash","Noxious Fumes","Poisoned Stab","Vajra","Whetstone","After Image"],"campfire_rested":10,"item_purchase_floors":[2,2,2,36,36,36],"current_hp_per_floor":[64,64,63,49,49,33,33,24,24,45,44,44,65,63,63,30,70,63,60,44,16,16,37,51,38,38,27,52,51,47,45,70,45,89,78,78,73,62,47,73,13,39,39,65,42,68,11,11,52,0],"gold":0,"neow_bonus":"TWO_FIFTY_GOLD","is_prod":false,"is_daily":false,"chose_seed":false,"campfire_upgraded":1,"win_rate":0,"timestamp":1558916925,"path_taken":["M","$","M","?","?","E","M","M","T","R","M","?","R","M","R","BOSS","M","?","?","M","?","R","E","M","T","E","R","M","M","?","R","BOSS","M","$","?","?","?","R","E","R","T","R","E","R","E","?","R","BOSS"],"build_version":"2019-01-23","purchased_purges":2,"victory":false,"max_hp_per_floor":[70,70,70,70,70,70,70,70,70,70,70,70,70,70,70,70,70,70,70,70,70,70,70,84,84,84,84,84,84,84,84,84,84,89,89,89,89,89,89,89,89,89,89,89,89,89,89,89,89,89],"card_choices":[{"not_picked":["Acrobatics","Underhanded Strike"],"picked":"Deadly Poison","floor":1},{"not_picked":["Acrobatics","Backflip"],"picked":"Finisher","floor":3},{"not_picked":["Outmaneuver","Distraction"],"picked":"Slice","floor":6},{"not_picked":["Underhanded Strike","Prepared"],"picked":"Sucker Punch","floor":7},{"not_picked":["Phantasmal Killer","Underhanded Strike"],"picked":"Backflip","floor":8},{"not_picked":["Infinite Blades","Dash"],"picked":"Dagger Throw","floor":11},{"not_picked":["Poisoned Stab","Leg Sweep"],"picked":"Quick Slash","floor":14},{"not_picked":["Phantasmal Killer","Tools of the Trade"],"picked":"Glass Knife","floor":16},{"not_picked":["Masterful Stab+1","Catalyst"],"picked":"Dagger Spray","floor":18},{"not_picked":["Bane","Sucker Punch+1"],"picked":"Dagger Spray+1","floor":19},{"not_picked":["Backflip","Outmaneuver"],"picked":"Slice+1","floor":21},{"not_picked":["Quick Slash","Deadly Poison+1"],"picked":"Corpse Explosion","floor":24},{"not_picked":["Backflip","Noxious Fumes"],"picked":"Dodge and Roll","floor":25},{"not_picked":["All Out Attack+1","Night Terror"],"picked":"Malaise","floor":27},{"not_picked":["Deflect","Flying Knee","Acrobatics"],"picked":"SKIP","floor":29},{"not_picked":["Poisoned Stab+1","PiercingWail"],"picked":"Prepared+1","floor":30},{"not_picked":["Flying Knee","Masterful Stab"],"picked":"PiercingWail","floor":31},{"not_picked":["A Thousand Cuts","Bullet Time"],"picked":"Glass Knife","floor":33},{"not_picked":["Dodge and Roll","Well Laid Plans"],"picked":"Prepared+1","floor":34},{"not_picked":["Masterful Stab","Dagger Throw"],"picked":"Bouncing Flask+1","floor":35},{"not_picked":["Impatience","Magnetism"],"picked":"Swift Strike","floor":37},{"not_picked":["Sadistic Nature","PanicButton"],"picked":"Panache","floor":37},{"not_picked":["Flying Knee+1","Quick Slash+1"],"picked":"Skewer+1","floor":39},{"not_picked":["Quick Slash+1","Dash+1"],"picked":"Skewer+1","floor":41},{"not_picked":["Cloak And Dagger+1","Footwork+1"],"picked":"Crippling Poison+1","floor":45},{"not_picked":["Glass Knife","Cloak And Dagger"],"picked":"PiercingWail+1","floor":47}],"player_experience":32187,"relics_obtained":[{"floor":6,"key":"Bottled Tornado"},{"floor":9,"key":"Ice Cream"},{"floor":20,"key":"Enchiridion"},{"floor":24,"key":"Mango"},{"floor":26,"key":"Tough Bandages"},{"floor":27,"key":"Mercury Hourglass"},{"floor":39,"key":"Girya"},{"floor":41,"key":"Bottled Flame"},{"floor":43,"key":"Ninja Scroll"},{"floor":45,"key":"Juzu Bracelet"},{"floor":47,"key":"Regal Pillow"}],"event_choices":[{"damage_healed":0,"gold_gain":0,"player_choice":"Entered Light","damage_taken":14,"max_hp_gain":0,"max_hp_loss":0,"event_name":"Shining Light","floor":4,"gold_loss":0,"cards_upgraded":["Finisher","Defend_G"]},{"cards_removed":["Strike_G"],"damage_healed":0,"gold_gain":0,"player_choice":"Card Removal","damage_taken":0,"max_hp_gain":0,"max_hp_loss":0,"event_name":"The Cleric","floor":5,"gold_loss":50},{"damage_healed":0,"gold_gain":0,"player_choice":"Upgraded","damage_taken":0,"max_hp_gain":0,"max_hp_loss":0,"event_name":"Upgrade Shrine","floor":12,"gold_loss":0,"cards_upgraded":["Noxious Fumes"]},{"damage_healed":0,"gold_gain":0,"player_choice":"Obtained Book","damage_taken":16,"max_hp_gain":0,"max_hp_loss":0,"event_name":"Cursed Tome","floor":20,"gold_loss":0},{"damage_healed":0,"gold_gain":0,"player_choice":"Copied","damage_taken":0,"max_hp_gain":0,"max_hp_loss":0,"event_name":"Duplicator","floor":22,"gold_loss":0,"cards_obtained":["Glass Knife"]},{"damage_healed":0,"gold_gain":0,"player_choice":"Memory 2","damage_taken":5,"max_hp_gain":0,"max_hp_loss":0,"event_name":"SensoryStone","floor":37,"gold_loss":0},{"damage_healed":0,"gold_gain":0,"player_choice":"Embrace Madness","damage_taken":11,"max_hp_gain":0,"max_hp_loss":0,"event_name":"Winding Halls","floor":38,"gold_loss":0,"cards_obtained":["Madness","Madness"]},{"damage_healed":0,"gold_gain":0,"player_choice":"Fight","damage_taken":0,"max_hp_gain":0,"max_hp_loss":0,"event_name":"MindBloom","floor":39,"gold_loss":0},{"damage_healed":0,"gold_gain":0,"player_choice":"Paid","damage_taken":0,"relics_obtained":["Red Mask"],"max_hp_gain":0,"max_hp_loss":0,"event_name":"Tomb of Lord Red Mask","floor":48,"gold_loss":232}],"is_beta":false,"boss_relics":[{"not_picked":["Eternal Feather","Snecko Eye"],"picked":"Cursed Key"},{"not_picked":["Busted Crown","Calling Bell"],"picked":"Tiny House"}],"items_purged_floors":[2,36],"is_endless":false,"potions_floor_spawned":[1,11,16,18,19,21,24,29,41,45],"killed_by":"Donu and Deca","ascension_level":2}