{"gold_per_floor":[369,389,407,423,14,49,49,84,84,384,53,115,127,127,127,198,198,211,231,247,265,265],"floor_reached":22,"playtime":1299,"items_purged":["Injury"],"score":374,"play_id":"c7089eea-fb4d-4318-8bbb-0a35b4d26f30","local_time":"20190509141819","is_ascension_mode":true,"campfire_choices":[{"data":"True Grit","floor":7.0,"key":"SMITH"},{"floor":10.0,"key":"DIG"},{"floor":15,"key":"DIG"}],"neow_cost":"CURSE","seed_source_timestamp":418354636205587,"circlet_count":0,"master_deck":["AscendersBane","Strike_R","Strike_R","Strike_R","Strike_R","Strike_R","Defend_R","Defend_R","Defend_R","Defend_R","Bash","Sword Boomerang","Anger","Rage","True Grit+1","Reckless Charge","Feel No Pain","Juggernaut","Pommel Strike","Iron Wave","Parasite","Immolate","Spot Weakness+1","Warcry","Iron Wave","Armaments"],"special_seed":0,"relics":["Burning Blood","Pen Nib","Shovel","Peace Pipe","Champion Belt","Old Coin","Incense Burner","Tiny Chest","Red Skull","Philosopher\u0027s Stone"],"potions_floor_usage":[20],"damage_taken":[{"damage":2.0,"enemies":"2 Louse","floor":1.0,"turns":2.0},{"damage":0.0,"enemies":"Small Slimes","floor":2.0,"turns":4.0},{"damage":1.0,"enemies":"Cultist","floor":3.0,"turns":4.0},{"damage":12.0,"enemies":"Blue Slaver","floor":4.0,"turns":3.0},{"damage":23.0,"enemies":"Gremlin Nob","floor":6.0,"turns":5.0},{"damage":31.0,"enemies":"3 Sentries","floor":8.0,"turns":6.0},{"damage":20,"enemies":"Lagavulin","floor":12,"turns":7},{"damage":5,"enemies":"3 Louse","floor":13,"turns":4},{"damage":2,"enemies":"Hexaghost","floor":16,"turns":8},{"damage":11,"enemies":"Chosen","floor":18,"turns":4},{"damage":13,"enemies":"3 Byrds","floor":19,"turns":4},{"damage":15,"enemies":"Sentry and Sphere","floor":20,"turns":6},{"damage":24,"enemies":"Centurion and Healer","floor":21,"turns":4},{"damage":29,"enemies":"Snecko","floor":22,"turns":4}],"seed_played":"3890695237976204843","potions_obtained":[{"floor":2.0,"key":"EssenceOfSteel"},{"floor":6.0,"key":"Explosive Potion"},{"floor":13,"key":"Ancient Potion"},{"floor":16,"key":"Fire Potion"}],"is_trial":false,"path_per_floor":["M","M","M","M","$","E","R","E","T","R","$","E","M","?","R","B",null,"M","M","M","M","M"],"character_chosen":"IRONCLAD","items_purchased":["Reckless Charge","Feel No Pain","Pen Nib","Incense Burner"],"campfire_rested":0,"item_purchase_floors":[5,5,5,11],"current_hp_per_floor":[72,75,75,69,69,52,52,27,27,27,27,13,14,32,32,36,65,60,53,44,26,0],"gold":265,"neow_bonus":"TWO_FIFTY_GOLD","is_prod":false,"is_daily":false,"chose_seed":false,"campfire_upgraded":1,"win_rate":0,"timestamp":1557425899,"path_taken":["M","M","M","M","$","E","R","E","T","R","$","E","M","?","R","BOSS","M","M","M","M","M"],"build_version":"2019-01-23","purchased_purges":1,"victory":false,"max_hp_per_floor":[75,75,75,75,75,75,75,75,75,75,75,75,75,75,75,75,75,75,75,75,75,75],"card_choices":[{"not_picked":["Power Through","Flex"],"picked":"Sword Boomerang","floor":1.0},{"not_picked":["Combust","Dual Wield"],"picked":"Anger","floor":2.0},{"not_picked":["Headbutt","Iron Wave"],"picked":"Rage","floor":3.0},{"not_picked":["Clash","Headbutt"],"picked":"True Grit","floor":4.0},{"not_picked":["Sword Boomerang","Reckless Charge"],"picked":"Juggernaut","floor":6.0},{"not_picked":["Sword Boomerang","Feel No Pain"],"picked":"Pommel Strike","floor":8.0},{"not_picked":["Searing Blow","Battle Trance"],"picked":"Iron Wave","floor":12},{"not_picked":["Sentinel","Sword Boomerang","Twin Strike"],"picked":"SKIP","floor":13},{"not_picked":["Fiend Fire","Reaper"],"picked":"Immolate","floor":16},{"not_picked":["Rupture","Headbutt"],"picked":"Spot Weakness+1","floor":18},{"not_picked":["Thunderclap","Rupture"],"picked":"Warcry","floor":19},{"not_picked":["Rampage","Battle Trance"],"picked":"Iron Wave","floor":20},{"not_picked":["Hemokinesis","Sword Boomerang"],"picked":"Armaments","floor":21}],"player_experience":458984,"relics_obtained":[{"floor":6.0,"key":"Shovel"},{"floor":8.0,"key":"Peace Pipe"},{"floor":9.0,"key":"Champion Belt"},{"floor":10.0,"key":"Old Coin"},{"floor":12,"key":"Tiny Chest"},{"floor":15,"key":"Red Skull"}],"event_choices":[{"damage_healed":18,"gold_gain":0,"player_choice":"Healed and dodged fight","damage_taken":0,"max_hp_gain":0,"max_hp_loss":0,"event_name":"Mushrooms","floor":14,"gold_loss":0,"cards_obtained":["Parasite"]}],"is_beta":false,"boss_relics":[{"not_picked":["Runic Cube","Runic Pyramid"],"picked":"Philosopher\u0027s Stone"}],"items_purged_floors":[5],"is_endless":false,"potions_floor_spawned":[2,6,13,16,18],"killed_by":"Snecko","ascension_level":16}