{"gold_per_floor":[214,231,249,37,57,57,83,100,125,125,145,145],"floor_reached":12,"playtime":476,"items_purged":["Strike_B"],"score":214,"play_id":"daada7c5-ead7-4c2f-9cad-1714d5527fd4","local_time":"20190521234258","is_ascension_mode":true,"campfire_choices":[{"data":"Lockon","floor":6,"key":"SMITH"},{"floor":10,"key":"REST"}],"neow_cost":"NONE","seed_source_timestamp":108749470966782,"circlet_count":0,"master_deck":["AscendersBane","Strike_B","Strike_B","Strike_B","Defend_B","Defend_B","Defend_B","Defend_B","Zap","Dualcast","Lockon+1","Doom and Gloom","Compile Driver","Coolheaded","Coolheaded","Conserve Battery"],"relics":["Cracked Core","Sundial","Potion Belt"],"potions_floor_usage":[7,7,12],"damage_taken":[{"damage":6,"enemies":"Cultist","floor":1,"turns":4},{"damage":6,"enemies":"Small Slimes","floor":2,"turns":3},{"damage":9,"enemies":"2 Louse","floor":3,"turns":3},{"damage":9,"enemies":"Blue Slaver","floor":5,"turns":3},{"damage":0,"enemies":"3 Sentries","floor":7,"turns":2},{"damage":29,"enemies":"Gremlin Gang","floor":8,"turns":6},{"damage":14,"enemies":"3 Louse","floor":11,"turns":2},{"damage":30,"enemies":"Gremlin Nob","floor":12,"turns":3}],"seed_played":"-2658330341488781776","potions_obtained":[{"floor":3,"key":"AttackPotion"},{"floor":11,"key":"Regen Potion"}],"is_trial":false,"path_per_floor":["M","M","M","$","M","R","E","M","T","R","M","E"],"character_chosen":"DEFECT","items_purchased":["Coolheaded","Regen Potion"],"campfire_rested":1,"item_purchase_floors":[4,4],"current_hp_per_floor":[58,52,43,43,34,34,39,10,10,31,17,0],"gold":145,"neow_bonus":"HUNDRED_GOLD","is_prod":false,"is_daily":false,"chose_seed":false,"campfire_upgraded":1,"win_rate":0,"timestamp":1558496578,"path_taken":["M","M","?","$","M","R","E","M","T","R","M","E"],"build_version":"2019-01-23","purchased_purges":1,"victory":false,"max_hp_per_floor":[71,71,71,71,71,71,71,71,71,71,71,71],"card_choices":[{"not_picked":["Rebound","BootSequence"],"picked":"Lockon","floor":1},{"not_picked":["Turbo","Lockon"],"picked":"Doom and Gloom","floor":2},{"not_picked":["Turbo","Beam Cell"],"picked":"Compile Driver","floor":3},{"not_picked":["Turbo","Hologram"],"picked":"Coolheaded","floor":5},{"not_picked":["Steam","Chaos","Blizzard"],"picked":"SKIP","floor":7},{"not_picked":["Redo","Go for the Eyes","Streamline"],"picked":"SKIP","floor":8},{"not_picked":["Thunder Strike","Stack"],"picked":"Conserve Battery","floor":11}],"player_experience":731391,"relics_obtained":[{"floor":7,"key":"Sundial"},{"floor":9,"key":"Potion Belt"}],"event_choices":[],"is_beta":false,"boss_relics":[],"items_purged_floors":[4],"is_endless":false,"potions_floor_spawned":[3,5,11],"killed_by":"Gremlin Nob","ascension_level":20}