{"gold_per_floor":[109,10,10,23,23,57,69,104,104,115,1,1,1,58,58,154,154,170,187,187,187,202,202,233,250,274,80,80,80,103,136,136,240,240,260,270,270,370,370,404,404,418,418,418,429,439,439,8,8,8],"floor_reached":51,"playtime":4462,"items_purged":["Defend_G"],"score":1097,"play_id":"a9bf5b19-e70d-4500-893c-b26d9eb3806e","local_time":"20190502214101","is_ascension_mode":true,"campfire_choices":[{"floor":12,"key":"REST"},{"floor":15,"key":"REST"},{"data":"Footwork","floor":23,"key":"SMITH"},{"floor":28,"key":"REST"},{"data":"Apotheosis","floor":32,"key":"SMITH"},{"data":"Backflip","floor":41,"key":"SMITH"},{"data":"Adrenaline","floor":44,"key":"SMITH"},{"data":"Adrenaline","floor":49,"key":"SMITH"}],"neow_cost":"NONE","seed_source_timestamp":5038452263195935,"circlet_count":0,"master_deck":["AscendersBane","Defend_G","Defend_G","Defend_G+1","Strike_G","Strike_G","Strike_G","Strike_G+1","Strike_G","Survivor","Neutralize+1","Backstab","Cloak And Dagger","Crippling Poison+1","Terror","Footwork+1","Well Laid Plans","Crippling Poison","Backflip+1","Adrenaline+1","Backflip+1","Flying Knee+1","Malaise","Heel Hook+1","Apotheosis+1","Quick Slash+1","Adrenaline+1","Finesse","Terror+1","Bouncing Flask+1","Dodge and Roll+1","Noxious Fumes","Deadly Poison"],"relics":["Ring of the Snake","NeowsBlessing","Vajra","Nunchaku","War Paint","Letter Opener","Tiny Chest","Eternal Feather","Boot","Art of War","Juzu Bracelet","FossilizedHelix","Sozu","Bird Faced Urn","Smiling Mask","Bronze Scales","The Courier","Membership Card","Snake Skull","Whetstone","Shuriken"],"potions_floor_usage":[14,25,25,33],"damage_taken":[{"damage":0,"enemies":"Jaw Worm","floor":1,"turns":1},{"damage":0,"enemies":"2 Louse","floor":4,"turns":1},{"damage":0,"enemies":"Lagavulin","floor":6,"turns":1},{"damage":0,"enemies":"Small Slimes","floor":7,"turns":3},{"damage":14,"enemies":"3 Sentries","floor":8,"turns":9},{"damage":1,"enemies":"Red Slaver","floor":10,"turns":3},{"damage":5,"enemies":"Lagavulin","floor":14,"turns":6},{"damage":18,"enemies":"The Guardian","floor":16,"turns":12},{"damage":8,"enemies":"Shell Parasite","floor":18,"turns":6},{"damage":11,"enemies":"Spheric Guardian","floor":19,"turns":7},{"damage":14,"enemies":"Centurion and Healer","floor":22,"turns":13},{"damage":31,"enemies":"Slavers","floor":24,"turns":5},{"damage":0,"enemies":"3 Cultists","floor":25,"turns":5},{"damage":23,"enemies":"Gremlin Leader","floor":31,"turns":7},{"damage":22,"enemies":"Collector","floor":33,"turns":9},{"damage":0,"enemies":"3 Shapes","floor":35,"turns":5},{"damage":0,"enemies":"Orb Walker","floor":36,"turns":3},{"damage":0,"enemies":"Mind Bloom Boss Battle","floor":38,"turns":6},{"damage":0,"enemies":"Giant Head","floor":40,"turns":9},{"damage":0,"enemies":"Spire Growth","floor":42,"turns":4},{"damage":9,"enemies":"3 Darklings","floor":45,"turns":4},{"damage":0,"enemies":"4 Shapes","floor":46,"turns":4},{"damage":45,"enemies":"Time Eater","floor":50,"turns":10}],"seed_played":"5226982386363372521","potions_obtained":[{"floor":4,"key":"Swift Potion"},{"floor":7,"key":"FearPotion"},{"floor":8,"key":"Strength Potion"},{"floor":24,"key":"SteroidPotion"},{"floor":33,"key":"Swift Potion"}],"is_trial":false,"path_per_floor":["M","$","?","M","?","E","M","E","T","M","$","R","?","E","R","B",null,"M","M","?","?","M","R","E","M","T","$","R","?","T","E","R","B",null,"M","M","?","?","?","E","R","M","T","R","M","M","?","$","R","B",null],"character_chosen":"THE_SILENT","items_purchased":["Cloak And Dagger","Well Laid Plans","Crippling Poison","Apotheosis","Membership Card","Snake Skull","Whetstone","Shuriken","Noxious Fumes","Deadly Poison"],"campfire_rested":3,"item_purchase_floors":[2,11,11,27,48,48,48,48,48,48],"current_hp_per_floor":[63,63,63,63,38,38,38,24,24,23,23,44,44,39,60,42,63,55,44,67,67,53,65,34,34,34,34,70,70,70,47,62,40,63,63,63,63,63,63,67,70,70,70,70,61,65,65,65,70,29],"gold":8,"neow_bonus":"THREE_ENEMY_KILL","is_prod":false,"is_daily":false,"chose_seed":false,"campfire_upgraded":5,"win_rate":0,"timestamp":1556847661,"path_taken":["M","$","?","M","?","E","M","E","T","M","?","R","?","E","R","BOSS","M","M","?","?","?","R","E","M","T","?","R","?","?","E","R","BOSS","M","M","?","?","?","E","R","M","T","R","M","M","?","$","R","BOSS"],"build_version":"2019-01-23","purchased_purges":1,"victory":true,"max_hp_per_floor":[70,70,70,70,70,70,70,70,70,70,70,70,70,70,70,70,70,70,70,70,70,70,70,70,70,70,70,70,70,70,70,70,70,70,70,70,70,70,70,70,70,70,70,70,70,70,70,70,70,70],"card_choices":[{"not_picked":["Underhanded Strike","Escape Plan"],"picked":"Backstab","floor":1},{"not_picked":["Poisoned Stab","Dagger Throw"],"picked":"Crippling Poison","floor":4},{"not_picked":["Outmaneuver","Quick Slash","Underhanded Strike"],"picked":"SKIP","floor":6},{"not_picked":["Dagger Throw","Catalyst"],"picked":"Terror","floor":7},{"not_picked":["Sucker Punch","Slice"],"picked":"Footwork","floor":8},{"not_picked":["Flechettes","Catalyst","Tools of the Trade"],"picked":"SKIP","floor":10},{"not_picked":["Dodge and Roll","Underhanded Strike"],"picked":"Backflip","floor":14},{"not_picked":["Unload","Wraith Form v2"],"picked":"Adrenaline","floor":16},{"not_picked":["Deflect","Bane"],"picked":"Backflip+1","floor":18},{"not_picked":["Blade Dance","Well Laid Plans+1","Reflex"],"picked":"SKIP","floor":19},{"not_picked":["Dagger Spray","Sucker Punch"],"picked":"Flying Knee+1","floor":22},{"not_picked":["Crippling Poison","All Out Attack"],"picked":"Malaise","floor":24},{"not_picked":["Masterful Stab","Slice"],"picked":"Heel Hook+1","floor":25},{"not_picked":["Distraction","Accuracy"],"picked":"Quick Slash+1","floor":31},{"not_picked":["Wraith Form v2","Bullet Time"],"picked":"Adrenaline","floor":33},{"not_picked":["Poisoned Stab+1","Acrobatics","Slice+1"],"picked":"SKIP","floor":35},{"not_picked":["Setup+1","Underhanded Strike","Bane"],"picked":"SKIP","floor":36},{"not_picked":["Dark Shackles","Deep Breath"],"picked":"Finesse","floor":37},{"not_picked":["Dagger Spray","Flying Knee"],"picked":"Terror+1","floor":38},{"not_picked":["Flying Knee","Well Laid Plans+1","Acrobatics"],"picked":"SKIP","floor":40},{"not_picked":["Dagger Spray+1","Deadly Poison","Distraction"],"picked":"SKIP","floor":42},{"not_picked":["Noxious Fumes","Finisher"],"picked":"Bouncing Flask+1","floor":45},{"not_picked":["Underhanded Strike+1","Backflip"],"picked":"Dodge and Roll+1","floor":46}],"player_experience":247219,"relics_obtained":[{"floor":6,"key":"Nunchaku"},{"floor":8,"key":"War Paint"},{"floor":9,"key":"Letter Opener"},{"floor":14,"key":"Tiny Chest"},{"floor":24,"key":"Boot"},{"floor":26,"key":"Art of War"},{"floor":30,"key":"Juzu Bracelet"},{"floor":31,"key":"FossilizedHelix"},{"floor":38,"key":"Bird Faced Urn"},{"floor":40,"key":"Bronze Scales"},{"floor":43,"key":"The Courier"}],"event_choices":[{"damage_healed":0,"gold_gain":0,"player_choice":"Leave","damage_taken":0,"max_hp_gain":0,"max_hp_loss":0,"event_name":"The Cleric","floor":3,"gold_loss":0},{"damage_healed":0,"gold_gain":0,"player_choice":"Success","damage_taken":25,"relics_obtained":["Vajra"],"max_hp_gain":0,"max_hp_loss":0,"event_name":"Scrap Ooze","floor":5,"gold_loss":0},{"damage_healed":0,"gold_gain":0,"player_choice":"Ignored","damage_taken":0,"max_hp_gain":0,"max_hp_loss":0,"event_name":"Golden Idol","floor":13,"gold_loss":0},{"damage_healed":23,"gold_gain":0,"player_choice":"Heal","damage_taken":0,"max_hp_gain":0,"max_hp_loss":0,"event_name":"The Library","floor":20,"gold_loss":0},{"damage_healed":0,"gold_gain":0,"player_choice":"Bought 0 Potions","damage_taken":0,"max_hp_gain":0,"max_hp_loss":0,"event_name":"The Woman in Blue","floor":21,"gold_loss":0},{"damage_healed":0,"gold_gain":0,"player_choice":"Memory 1","damage_taken":0,"max_hp_gain":0,"max_hp_loss":0,"event_name":"SensoryStone","floor":37,"gold_loss":0},{"damage_healed":0,"gold_gain":0,"player_choice":"Fight","damage_taken":0,"max_hp_gain":0,"max_hp_loss":0,"event_name":"MindBloom","floor":38,"gold_loss":0},{"damage_healed":0,"gold_gain":0,"player_choice":"Gave Potion","damage_taken":0,"relics_obtained":["Smiling Mask"],"max_hp_gain":0,"max_hp_loss":0,"event_name":"WeMeetAgain","floor":39,"gold_loss":0},{"cards_removed":["Defend_G"],"damage_healed":0,"gold_gain":0,"player_choice":"Removed Skill","damage_taken":0,"max_hp_gain":0,"max_hp_loss":0,"event_name":"Falling","floor":47,"gold_loss":0}],"is_beta":false,"boss_relics":[{"not_picked":["Velvet Choker","White Beast Statue"],"picked":"Eternal Feather"},{"not_picked":["Runic Dome","HoveringKite"],"picked":"Sozu"}],"items_purged_floors":[2],"is_endless":false,"potions_floor_spawned":[4,7,8,24,33,35,38,46],"ascension_level":10}