{"gold_per_floor":[130,155,184,212,224,266,278,305,317,329,366,392,404,427,439,528,540,570,582,606,618,644,682,694,716,728,775,584,584,600,600,600,677,677,697,710,722,360,714,714,714,714,714,12,12,31,41,55,55,55,55],"floor_reached":52,"playtime":3776,"items_purged":["Writhe","Shame"],"score":1887,"play_id":"f3206ed4-d20c-424c-9f44-aea14f820ad1","local_time":"20190523225940","is_ascension_mode":true,"campfire_choices":[{"data":"1","floor":7.0,"key":"LIFT"},{"data":"2","floor":10.0,"key":"LIFT"},{"floor":13.0,"key":"REST"},{"data":"Static Discharge","floor":15.0,"key":"SMITH"},{"data":"3","floor":24.0,"key":"LIFT"},{"data":"Chill","floor":29.0,"key":"SMITH"},{"floor":32.0,"key":"REST"},{"floor":40.0,"key":"REST"},{"data":"Reinforced Body","floor":45.0,"key":"SMITH"},{"data":"Reinforced Body","floor":49.0,"key":"SMITH"}],"neow_cost":"NONE","seed_source_timestamp":275015251889216,"circlet_count":0,"master_deck":["AscendersBane","Defend_B","Defend_B","Defend_B","Defend_B","Zap","FTL","Reinforced Body","Chill+1","Static Discharge+1","Defragment","Go for the Eyes","Reprogram","Biased Cognition","Sweeping Beam","Thunder Strike","Coolheaded+1","Bite","Bite","Bite","Bite","Bite","Reinforced Body+1","Coolheaded","FTL","Loop","Ball Lightning","All For One","Gash+1","Reinforced Body+1","Undo","Hologram","Mayhem","Doom and Gloom","Rebound+1","Hologram+1","Gash"],"special_seed":0,"relics":["Cracked Core","MawBank","Girya","FossilizedHelix","Cables","Cursed Key","Nunchaku","Shuriken","Happy Flower","Sozu","Bottled Lightning","Old Coin","Letter Opener","Pear"],"potions_floor_usage":[],"damage_taken":[{"damage":3.0,"enemies":"2 Louse","floor":1.0,"turns":2.0},{"damage":4.0,"enemies":"Small Slimes","floor":2.0,"turns":3.0},{"damage":1.0,"enemies":"Cultist","floor":3.0,"turns":3.0},{"damage":0.0,"enemies":"2 Fungi Beasts","floor":4.0,"turns":4.0},{"damage":12.0,"enemies":"Lagavulin","floor":6.0,"turns":8.0},{"damage":6.0,"enemies":"Looter","floor":8.0,"turns":4.0},{"damage":18.0,"enemies":"Gremlin Nob","floor":11.0,"turns":4.0},{"damage":0.0,"enemies":"Large Slime","floor":12.0,"turns":4.0},{"damage":0.0,"enemies":"Blue Slaver","floor":14.0,"turns":3.0},{"damage":0.0,"enemies":"Slime Boss","floor":16.0,"turns":7.0},{"damage":0.0,"enemies":"2 Thieves","floor":18.0,"turns":5.0},{"damage":12.0,"enemies":"3 Byrds","floor":20.0,"turns":4.0},{"damage":6.0,"enemies":"Snecko","floor":22.0,"turns":5.0},{"damage":19.0,"enemies":"Book of Stabbing","floor":23.0,"turns":3.0},{"damage":6.0,"enemies":"3 Cultists","floor":25.0,"turns":4.0},{"damage":31.0,"enemies":"Slavers","floor":27.0,"turns":6.0},{"damage":13.0,"enemies":"Chosen and Byrds","floor":30.0,"turns":6.0},{"damage":8.0,"enemies":"Champ","floor":33.0,"turns":10.0},{"damage":0.0,"enemies":"Orb Walker","floor":35.0,"turns":3.0},{"damage":3.0,"enemies":"3 Shapes","floor":36.0,"turns":8.0},{"damage":0.0,"enemies":"3 Darklings","floor":37.0,"turns":5.0},{"damage":42.0,"enemies":"2 Orb Walkers","floor":39.0,"turns":4.0},{"damage":0.0,"enemies":"Jaw Worm Horde","floor":46.0,"turns":3.0},{"damage":0.0,"enemies":"4 Shapes","floor":47.0,"turns":5.0},{"damage":9.0,"enemies":"Maw","floor":48.0,"turns":6.0},{"damage":6.0,"enemies":"Time Eater","floor":50.0,"turns":11.0},{"damage":49,"enemies":"Donu and Deca","floor":51,"turns":8}],"seed_played":"4805243031311810246","potions_obtained":[{"floor":2.0,"key":"PowerPotion"},{"floor":3.0,"key":"GamblersBrew"},{"floor":8.0,"key":"AttackPotion"},{"floor":14.0,"key":"Strength Potion"},{"floor":18.0,"key":"Swift Potion"},{"floor":19.0,"key":"Regen Potion"},{"floor":25.0,"key":"Explosive Potion"},{"floor":27.0,"key":"Weak Potion"},{"floor":30.0,"key":"Dexterity Potion"}],"is_trial":false,"path_per_floor":["M","M","M","M","?","E","R","M","T","R","E","M","R","M","R","B",null,"M","?","M","?","M","E","R","M","T","E","$","R","M","?","R","B",null,"M","M","M","$","?","R","?","?","T","$","R","M","M","M","R","B","B",null],"character_chosen":"DEFECT","items_purchased":["FTL","Loop","Bottled Lightning","Undo","Pear","Hologram","Mayhem","Doom and Gloom"],"campfire_rested":3,"item_purchase_floors":[28,28,38,38,44,44,44,44],"current_hp_per_floor":[61,57,56,56,56,44,44,38,38,38,20,20,41,41,41,41,64,64,64,52,49,43,42,42,47,47,28,28,28,27,27,41,49,49,49,46,49,49,13,27,27,27,27,37,37,43,53,50,50,58,12],"gold":55,"neow_bonus":"RANDOM_COMMON_RELIC","is_prod":false,"is_daily":false,"chose_seed":false,"campfire_upgraded":4,"win_rate":0,"timestamp":1558666780,"path_taken":["M","M","M","M","?","E","R","M","T","R","E","M","R","M","R","BOSS","M","?","?","?","M","E","R","M","T","E","$","R","M","?","R","BOSS","M","M","M","$","?","R","?","?","T","$","R","M","M","M","R","BOSS","BOSS"],"build_version":"2019-01-23","purchased_purges":2,"victory":true,"max_hp_per_floor":[71,71,71,71,71,71,71,71,71,71,71,71,71,71,71,71,71,71,71,71,49,49,49,49,49,49,49,49,49,49,49,49,49,49,49,49,49,49,49,49,49,49,49,59,59,59,59,59,59,59,59],"card_choices":[{"not_picked":["Turbo","Hello World"],"picked":"FTL","floor":1.0},{"not_picked":["Aggregate","Gash"],"picked":"Reinforced Body","floor":2.0},{"not_picked":["Hologram","Recycle"],"picked":"Chill","floor":3.0},{"not_picked":["Leap","Go for the Eyes"],"picked":"Static Discharge","floor":4.0},{"not_picked":["Aggregate","Tempest"],"picked":"Defragment","floor":6.0},{"not_picked":["Sweeping Beam","Leap"],"picked":"Go for the Eyes","floor":8.0},{"not_picked":["Turbo","Conserve Battery"],"picked":"Reprogram","floor":11.0},{"not_picked":["Gash","Cold Snap"],"picked":"Biased Cognition","floor":12.0},{"not_picked":["Streamline","Barrage"],"picked":"Sweeping Beam","floor":14.0},{"not_picked":["Core Surge","Multi-Cast"],"picked":"Thunder Strike","floor":16.0},{"not_picked":["Hologram","Sweeping Beam","Hello World"],"picked":"SKIP","floor":18.0},{"not_picked":["Hologram","Recycle"],"picked":"Coolheaded+1","floor":20.0},{"not_picked":["Steam","Streamline","Leap"],"picked":"SKIP","floor":22.0},{"not_picked":["Redo","Conserve Battery"],"picked":"Reinforced Body","floor":23.0},{"not_picked":["Seek","Auto Shields"],"picked":"Coolheaded","floor":25.0},{"not_picked":["Sweeping Beam+1","Melter","Conserve Battery"],"picked":"SKIP","floor":27.0},{"not_picked":["Steam","Hologram"],"picked":"Ball Lightning","floor":30.0},{"not_picked":["Buffer","Meteor Strike"],"picked":"All For One","floor":33.0},{"not_picked":["Steam","Rebound"],"picked":"Gash+1","floor":35.0},{"not_picked":["Force Field","Conserve Battery+1"],"picked":"Reinforced Body","floor":36.0},{"not_picked":["Tempest","Streamline","Ball Lightning"],"picked":"SKIP","floor":37.0},{"not_picked":["Turbo","Chill+1"],"picked":"Rebound+1","floor":46.0},{"not_picked":["Double Energy+1","Darkness"],"picked":"Hologram+1","floor":47.0},{"not_picked":["Lockon","Undo+1"],"picked":"Gash","floor":48.0}],"player_experience":784500,"relics_obtained":[{"floor":6.0,"key":"Girya"},{"floor":9.0,"key":"FossilizedHelix"},{"floor":11.0,"key":"Cables"},{"floor":23.0,"key":"Nunchaku"},{"floor":26.0,"key":"Shuriken"},{"floor":27.0,"key":"Happy Flower"},{"floor":39.0,"key":"Old Coin"},{"floor":43.0,"key":"Letter Opener"}],"event_choices":[{"damage_healed":0.0,"max_hp_gain":0.0,"max_hp_loss":0.0,"gold_gain":0.0,"event_name":"Liars Game","player_choice":"Ignored","floor":5.0,"gold_loss":0.0,"damage_taken":0.0},{"damage_healed":0.0,"max_hp_gain":0.0,"max_hp_loss":0.0,"gold_gain":0.0,"event_name":"Lab","player_choice":"Got Potions","floor":19.0,"gold_loss":0.0,"damage_taken":0.0},{"damage_healed":0.0,"max_hp_gain":0.0,"max_hp_loss":22.0,"gold_gain":0.0,"event_name":"Vampires","player_choice":"Became a vampire","floor":21.0,"gold_loss":0.0,"damage_taken":0.0,"cards_obtained":["Bite","Bite","Bite","Bite","Bite"]},{"damage_healed":0.0,"max_hp_gain":0.0,"max_hp_loss":0.0,"gold_gain":0.0,"event_name":"Ghosts","player_choice":"Ignored","floor":31.0,"gold_loss":0.0,"damage_taken":0.0},{"damage_healed":0.0,"max_hp_gain":0.0,"max_hp_loss":0.0,"gold_gain":0.0,"event_name":"Mysterious Sphere","player_choice":"Fight","floor":39.0,"gold_loss":0.0,"damage_taken":0.0},{"damage_healed":0.0,"max_hp_gain":0.0,"max_hp_loss":0.0,"gold_gain":0.0,"event_name":"Tomb of Lord Red Mask","player_choice":"Ignored","floor":41.0,"gold_loss":0.0,"damage_taken":0.0},{"cards_removed":["Dualcast"],"damage_healed":0.0,"max_hp_gain":0.0,"max_hp_loss":0.0,"gold_gain":0.0,"event_name":"Falling","player_choice":"Removed Skill","floor":42.0,"gold_loss":0.0,"damage_taken":0.0}],"is_beta":false,"boss_relics":[{"not_picked":["Runic Pyramid","Black Star"],"picked":"Cursed Key"},{"not_picked":["Eternal Feather","FrozenCore"],"picked":"Sozu"}],"items_purged_floors":[28,44],"is_endless":false,"potions_floor_spawned":[2,3,8,14,18,25,27,30,39,46,47],"ascension_level":20}