{"gold_per_floor":[112,112,136,62,77,77,150,231,231,247,20,20,20,44,44,163,163,163,163,78,78,78,78,78,78,78,78,2,2,2,2,2,2,2,2,2,2,2,2,2,2,2,2,2,2,2,2,2,2,2],"floor_reached":51,"playtime":4680,"items_purged":["Defend_G"],"score":790,"play_id":"bb6413c2-2a89-4e76-a31a-f6c2cef83e10","local_time":"20190427203812","is_ascension_mode":true,"campfire_choices":[{"floor":6,"key":"REST"},{"floor":12,"key":"REST"},{"data":"Infinite Blades","floor":15,"key":"SMITH"},{"data":"Adrenaline","floor":23,"key":"SMITH"},{"floor":27,"key":"REST"},{"data":"After Image","floor":29,"key":"SMITH"},{"data":"Cloak And Dagger","floor":32,"key":"SMITH"},{"data":"Infinite Blades","floor":40,"key":"SMITH"},{"floor":44,"key":"REST"},{"data":"Prepared","floor":49,"key":"SMITH"}],"neow_cost":"PERCENT_DAMAGE","seed_source_timestamp":4602450333970507,"circlet_count":0,"master_deck":["Defend_G","Defend_G","Defend_G","Defend_G+1","Strike_G","Strike_G","Strike_G","Strike_G","Survivor+1","Neutralize","Deflect","Cloak And Dagger","Noxious Fumes","Prepared+1","Backflip","Noxious Fumes","Adrenaline+1","Infinite Blades+1","Cloak And Dagger+1","Corpse Explosion","Caltrops","Blur","Backflip","After Image+1","Caltrops","PiercingWail","Venomology","Deflect+1","Backflip+1","Expertise+1","Infinite Blades+1","Finisher+1","PiercingWail+1","Forethought","Dash+1"],"relics":["Ring of the Snake","Mango","Golden Idol","Letter Opener","Bronze Scales","Ectoplasm","Smiling Mask","Nloth\u0027s Gift","War Paint","Shuriken","WristBlade","Du-Vu Doll"],"potions_floor_usage":[3,14,16,22,25,33,37,37,39,39,39,42,50],"damage_taken":[{"damage":7,"enemies":"Jaw Worm","floor":1,"turns":6},{"damage":1,"enemies":"Small Slimes","floor":3,"turns":5},{"damage":0,"enemies":"Cultist","floor":5,"turns":4},{"damage":43,"enemies":"Lagavulin","floor":7,"turns":9},{"damage":7,"enemies":"Lots of Slimes","floor":10,"turns":5},{"damage":3,"enemies":"Gremlin Gang","floor":14,"turns":3},{"damage":5,"enemies":"The Guardian","floor":16,"turns":10},{"damage":10,"enemies":"Spheric Guardian","floor":18,"turns":5},{"damage":2,"enemies":"Chosen","floor":22,"turns":5},{"damage":20,"enemies":"3 Cultists","floor":24,"turns":3},{"damage":15,"enemies":"Book of Stabbing","floor":25,"turns":5},{"damage":3,"enemies":"Snake Plant","floor":30,"turns":4},{"damage":28,"enemies":"Champ","floor":33,"turns":13},{"damage":13,"enemies":"3 Darklings","floor":35,"turns":3},{"damage":0,"enemies":"Orb Walker","floor":36,"turns":3},{"damage":0,"enemies":"Writhing Mass","floor":37,"turns":7},{"damage":8,"enemies":"Spire Growth","floor":39,"turns":4},{"damage":14,"enemies":"4 Shapes","floor":41,"turns":5},{"damage":0,"enemies":"Maw","floor":42,"turns":7},{"damage":1,"enemies":"Jaw Worm Horde","floor":48,"turns":4},{"damage":38,"enemies":"Awakened One","floor":50,"turns":10}],"seed_played":"-8759985601704577739","potions_obtained":[{"floor":1,"key":"SpeedPotion"},{"floor":7,"key":"GamblersBrew"},{"floor":14,"key":"Fire Potion"},{"floor":16,"key":"Block Potion"},{"floor":18,"key":"SmokeBomb"},{"floor":22,"key":"GamblersBrew"},{"floor":24,"key":"Poison Potion"},{"floor":36,"key":"Strength Potion"},{"floor":37,"key":"GamblersBrew"},{"floor":41,"key":"Fire Potion"}],"is_trial":false,"path_per_floor":["M","?","M","$","M","R","E","T","T","M","$","R","?","M","R","B",null,"M","?","?","?","M","R","M","E","T","R","$","R","M","$","R","B",null,"M","M","M","?","M","R","M","M","T","R","$","?","?","M","R","B",null],"character_chosen":"THE_SILENT","items_purchased":["Noxious Fumes","Adrenaline","Infinite Blades","Caltrops"],"campfire_rested":4,"item_purchase_floors":[4,11,11,28],"current_hp_per_floor":[56,35,34,34,34,59,16,16,16,9,9,34,39,36,36,31,89,79,63,63,63,61,61,41,26,26,52,52,52,49,49,49,21,89,76,76,76,76,68,68,54,54,54,79,79,79,79,78,78,40],"gold":2,"neow_bonus":"ONE_RARE_RELIC","is_prod":false,"is_daily":false,"chose_seed":false,"campfire_upgraded":6,"win_rate":0,"timestamp":1556411892,"path_taken":["M","?","M","$","M","R","E","?","T","M","?","R","?","M","R","BOSS","M","?","?","?","M","R","M","E","T","R","$","R","?","?","R","BOSS","M","?","M","?","M","R","M","M","T","R","?","?","?","M","R","BOSS"],"build_version":"2019-01-23","purchased_purges":1,"victory":true,"max_hp_per_floor":[84,84,84,84,84,84,84,84,84,84,84,84,89,89,89,89,89,89,89,89,89,89,89,89,89,89,89,89,89,89,89,89,89,89,89,89,89,85,85,85,85,85,85,85,85,85,85,85,85,85],"card_choices":[{"not_picked":["Endless Agony","Poisoned Stab"],"picked":"Deflect","floor":1},{"not_picked":["Underhanded Strike","Deflect"],"picked":"Cloak And Dagger","floor":3},{"not_picked":["Heel Hook","Distraction"],"picked":"Prepared","floor":5},{"not_picked":["Calculated Gamble","Masterful Stab"],"picked":"Backflip","floor":7},{"not_picked":["Endless Agony","Underhanded Strike"],"picked":"Noxious Fumes","floor":10},{"not_picked":["Dodge and Roll","Deflect"],"picked":"Cloak And Dagger","floor":14},{"not_picked":["Burst","Doppelganger"],"picked":"Corpse Explosion","floor":16},{"not_picked":["Endless Agony","Tactician"],"picked":"Caltrops","floor":18},{"not_picked":["Masterful Stab","Crippling Poison"],"picked":"Blur","floor":22},{"not_picked":["Quick Slash+1","Outmaneuver"],"picked":"Backflip","floor":24},{"not_picked":["Bane","Prepared+1"],"picked":"After Image","floor":25},{"not_picked":["Dagger Throw","Flying Knee"],"picked":"PiercingWail","floor":30},{"not_picked":["Unload","Phantasmal Killer"],"picked":"Venomology","floor":33},{"not_picked":["Prepared","Outmaneuver"],"picked":"Deflect+1","floor":35},{"not_picked":["Underhanded Strike+1","Corpse Explosion"],"picked":"Backflip+1","floor":36},{"not_picked":["Sucker Punch","Dagger Throw+1"],"picked":"Expertise+1","floor":37},{"not_picked":["Acrobatics+1","Venomology"],"picked":"Infinite Blades","floor":39},{"not_picked":["Blur+1","Flying Knee"],"picked":"Finisher+1","floor":41},{"not_picked":["Tactician","Cloak And Dagger+1"],"picked":"PiercingWail+1","floor":42},{"not_picked":["Impatience","Violence"],"picked":"Forethought","floor":46},{"not_picked":["Quick Slash","Expertise+1"],"picked":"Dash+1","floor":48}],"player_experience":183414,"relics_obtained":[{"floor":7,"key":"Tiny Chest"},{"floor":8,"key":"Letter Opener"},{"floor":9,"key":"Bronze Scales"},{"floor":25,"key":"War Paint"},{"floor":26,"key":"Shuriken"},{"floor":43,"key":"Du-Vu Doll"}],"event_choices":[{"damage_healed":0,"gold_gain":0,"player_choice":"Take Damage","damage_taken":21,"relics_obtained":["Golden Idol"],"max_hp_gain":0,"max_hp_loss":0,"event_name":"Golden Idol","floor":2,"gold_loss":0},{"damage_healed":0,"gold_gain":0,"player_choice":"Donut","damage_taken":0,"max_hp_gain":5,"max_hp_loss":0,"event_name":"Big Fish","floor":13,"gold_loss":0},{"damage_healed":0,"gold_gain":0,"player_choice":"Obtained Book","damage_taken":16,"max_hp_gain":0,"max_hp_loss":0,"event_name":"Cursed Tome","floor":19,"gold_loss":0},{"damage_healed":0,"gold_gain":0,"player_choice":"Obtained Relic","damage_taken":0,"relics_obtained":["Smiling Mask"],"max_hp_gain":0,"max_hp_loss":0,"event_name":"Addict","floor":20,"gold_loss":85},{"damage_healed":0,"gold_gain":0,"player_choice":"Traded Relic","damage_taken":0,"relics_obtained":["Nloth\u0027s Gift"],"max_hp_gain":0,"max_hp_loss":0,"event_name":"N\u0027loth","floor":21,"relics_lost":["Tiny Chest"],"gold_loss":0},{"damage_healed":0,"gold_gain":0,"player_choice":"Max HP","damage_taken":0,"max_hp_gain":0,"max_hp_loss":4,"event_name":"Winding Halls","floor":38,"gold_loss":0},{"damage_healed":0,"gold_gain":0,"player_choice":"Memory 1","damage_taken":0,"max_hp_gain":0,"max_hp_loss":0,"event_name":"SensoryStone","floor":46,"gold_loss":0},{"cards_removed":["Strike_G"],"damage_healed":0,"gold_gain":0,"player_choice":"Removed Attack","damage_taken":0,"max_hp_gain":0,"max_hp_loss":0,"event_name":"Falling","floor":47,"gold_loss":0}],"is_beta":false,"boss_relics":[{"not_picked":["Pandora\u0027s Box","Eternal Feather"],"picked":"Ectoplasm"},{"not_picked":["Tiny House","Ring of the Serpent"],"picked":"WristBlade"}],"items_purged_floors":[11],"is_endless":false,"potions_floor_spawned":[1,7,14,16,18,22,24,36,37,41],"ascension_level":4}