{"gold_per_floor":[18,36,48,48,63,63,88,88,88,116,129,157,172,97,97,175,175,195,208,15,15,15,15,48,76,76,76,101,120,139,168,168,247,247,265,190,207,23,0,33,33,61,61,61,89,137,169,188,188,188,188],"floor_reached":52,"playtime":3768,"items_purged":["Strike_B","Strike_B"],"score":2132,"play_id":"15fa0084-2c21-4ad3-abd3-a802b6e3470d","local_time":"20190518175030","is_ascension_mode":true,"campfire_choices":[{"data":"Zap","floor":6.0,"key":"SMITH"},{"data":"Biased Cognition","floor":8.0,"key":"SMITH"},{"data":"Static Discharge","floor":15.0,"key":"SMITH"},{"data":"Apotheosis","floor":23.0,"key":"SMITH"},{"floor":27.0,"key":"REST"},{"floor":32.0,"key":"REST"},{"floor":41.0,"key":"REST"},{"floor":44.0,"key":"REST"},{"floor":49.0,"key":"REST"}],"neow_cost":"NO_GOLD","seed_source_timestamp":353890534355096,"circlet_count":0,"master_deck":["AscendersBane","Strike_B","Defend_B","Defend_B","Defend_B","Defend_B","Zap+1","Dualcast","Cold Snap","Sweeping Beam","Electrodynamics","Biased Cognition+1","Ball Lightning","Conserve Battery","Static Discharge+1","FTL","Self Repair","Amplify","Go for the Eyes","Hologram","Apotheosis+1","Defragment+1","Steam","Undo","Glacier","Fission","Glacier","Sweeping Beam+1","Glacier","Compile Driver","Echo Form","Compile Driver","Conserve Battery+1","Defragment","BootSequence+1","Fission+1"],"special_seed":0,"relics":["Cracked Core","Gambling Chip","Pocketwatch","Du-Vu Doll","Pen Nib","Sozu","Bottled Lightning","WingedGreaves","Blue Candle","Smiling Mask","Potion Belt","Bag of Preparation","Fusion Hammer","Red Mask","Strawberry","Toxic Egg 2","Dodecahedron","Gremlin Horn","Prayer Wheel","StoneCalendar"],"potions_floor_usage":[],"damage_taken":[{"damage":7.0,"enemies":"Jaw Worm","floor":1.0,"turns":3.0},{"damage":1.0,"enemies":"Cultist","floor":2.0,"turns":4.0},{"damage":0.0,"enemies":"2 Louse","floor":3.0,"turns":1.0},{"damage":1.0,"enemies":"2 Fungi Beasts","floor":5.0,"turns":2.0},{"damage":10.0,"enemies":"3 Sentries","floor":7.0,"turns":3.0},{"damage":15.0,"enemies":"Lagavulin","floor":10.0,"turns":3.0},{"damage":1.0,"enemies":"Exordium Thugs","floor":11.0,"turns":2.0},{"damage":8.0,"enemies":"3 Sentries","floor":12.0,"turns":3.0},{"damage":3.0,"enemies":"Looter","floor":13.0,"turns":3.0},{"damage":9.0,"enemies":"Hexaghost","floor":16.0,"turns":4.0},{"damage":0.0,"enemies":"Chosen","floor":18.0,"turns":3.0},{"damage":0.0,"enemies":"Spheric Guardian","floor":19.0,"turns":3.0},{"damage":11.0,"enemies":"Book of Stabbing","floor":24.0,"turns":4.0},{"damage":34.0,"enemies":"Slavers","floor":25.0,"turns":2.0},{"damage":17.0,"enemies":"Gremlin Leader","floor":28.0,"turns":5.0},{"damage":8.0,"enemies":"Snecko","floor":29.0,"turns":4.0},{"damage":21.0,"enemies":"Shelled Parasite and Fungi","floor":30.0,"turns":3.0},{"damage":23.0,"enemies":"Slavers","floor":31.0,"turns":4.0},{"damage":44.0,"enemies":"Automaton","floor":33.0,"turns":9.0},{"damage":4.0,"enemies":"Orb Walker","floor":35.0,"turns":3.0},{"damage":0.0,"enemies":"3 Shapes","floor":37.0,"turns":2.0},{"damage":30.0,"enemies":"Giant Head","floor":40.0,"turns":8.0},{"damage":19.0,"enemies":"Reptomancer","floor":42.0,"turns":5.0},{"damage":0.0,"enemies":"Giant Head","floor":45.0,"turns":7.0},{"damage":27.0,"enemies":"2 Orb Walkers","floor":46.0,"turns":4.0},{"damage":25.0,"enemies":"Nemesis","floor":47.0,"turns":7.0},{"damage":3.0,"enemies":"Sphere and 2 Shapes","floor":48.0,"turns":4.0},{"damage":30.0,"enemies":"Time Eater","floor":50.0,"turns":19.0},{"damage":18,"enemies":"Awakened One","floor":51,"turns":16}],"seed_played":"-372394663801166015","potions_obtained":[{"floor":2.0,"key":"Regen Potion"},{"floor":7.0,"key":"GamblersBrew"},{"floor":12.0,"key":"LiquidBronze"},{"floor":16.0,"key":"PowerPotion"}],"is_trial":false,"path_per_floor":["M","M","M","?","M","R","E","R","T","E","M","E","M","$","R","B",null,"M","M","$","T","?","R","E","E","T","R","E","M","M","E","R","B",null,"M","$","M","$","?","E","R","E","T","R","E","?","E","M","R","B","B",null],"character_chosen":"DEFECT","items_purchased":["Apotheosis","Glacier","Glacier","Compile Driver"],"campfire_rested":5,"item_purchase_floors":[20,36,38,38],"current_hp_per_floor":[71,70,70,70,69,69,59,59,59,44,43,44,41,41,41,39,74,74,81,81,81,81,81,80,46,46,71,74,76,75,62,85,51,77,73,73,73,73,73,60,87,88,88,92,92,65,60,57,84,74,66],"gold":188,"neow_bonus":"TWENTY_PERCENT_HP_BONUS","is_prod":false,"is_daily":false,"chose_seed":false,"campfire_upgraded":4,"win_rate":0,"timestamp":1558216230,"path_taken":["M","M","M","?","M","R","E","R","T","E","M","E","M","$","R","BOSS","M","?","?","?","?","R","E","E","T","R","E","M","M","E","R","BOSS","M","$","M","$","?","E","R","E","T","R","E","?","E","M","R","BOSS","BOSS"],"build_version":"2019-01-23","purchased_purges":2,"victory":true,"max_hp_per_floor":[85,85,85,85,85,85,85,85,85,85,85,85,85,85,85,85,85,85,85,85,85,85,85,85,85,85,85,85,85,85,85,85,85,85,85,85,85,85,85,92,92,92,92,92,92,92,92,92,92,92,92],"card_choices":[{"not_picked":["Gash","Barrage"],"picked":"Cold Snap","floor":1.0},{"not_picked":["Skim","Conserve Battery"],"picked":"Sweeping Beam","floor":2.0},{"not_picked":["Sweeping Beam","Turbo"],"picked":"Electrodynamics","floor":3.0},{"not_picked":["Steam Power","Rebound","Aggregate"],"picked":"SKIP","floor":5.0},{"not_picked":["Sweeping Beam","Rip and Tear"],"picked":"Ball Lightning","floor":7.0},{"not_picked":["Rebound","Hello World"],"picked":"Conserve Battery","floor":10.0},{"not_picked":["FTL","BootSequence"],"picked":"Static Discharge","floor":11.0},{"not_picked":["Tempest","Sweeping Beam"],"picked":"FTL","floor":12.0},{"not_picked":["Creative AI","Streamline"],"picked":"Self Repair","floor":13.0},{"not_picked":["Electrodynamics","Meteor Strike"],"picked":"Amplify","floor":16.0},{"not_picked":["Rebound","Sweeping Beam"],"picked":"Go for the Eyes","floor":18.0},{"not_picked":["Stack","Rebound"],"picked":"Hologram","floor":19.0},{"not_picked":["Self Repair","Streamline+1"],"picked":"Defragment+1","floor":24.0},{"not_picked":["Rainbow","Recycle"],"picked":"Steam","floor":25.0},{"not_picked":["Steam","Storm","Ball Lightning"],"picked":"SKIP","floor":28.0},{"not_picked":["Beam Cell","Scrape"],"picked":"Undo","floor":29.0},{"not_picked":["Rebound","Cold Snap","Hello World"],"picked":"SKIP","floor":30.0},{"not_picked":["Heatsinks","Doom and Gloom"],"picked":"Glacier","floor":31.0},{"not_picked":["All For One","Biased Cognition"],"picked":"Fission","floor":33.0},{"not_picked":["Lockon","Cold Snap","Rebound"],"picked":"SKIP","floor":35.0},{"not_picked":["Turbo","Beam Cell"],"picked":"Sweeping Beam+1","floor":37.0},{"not_picked":["Redo","Beam Cell"],"picked":"Echo Form","floor":40.0},{"not_picked":["Self Repair+1","Beam Cell"],"picked":"Compile Driver","floor":42.0},{"not_picked":["White Noise+1","Static Discharge+1"],"picked":"Conserve Battery+1","floor":45.0},{"not_picked":["Go for the Eyes+1","Turbo+1"],"picked":"Defragment","floor":46.0},{"not_picked":["FTL","Go for the Eyes"],"picked":"BootSequence+1","floor":47.0},{"not_picked":["Compile Driver","Go for the Eyes+1"],"picked":"Fission+1","floor":48.0},{"not_picked":["Self Repair","Rip and Tear","Barrage"],"picked":"SKIP","floor":48.0}],"player_experience":708039,"relics_obtained":[{"floor":7.0,"key":"Gambling Chip"},{"floor":9.0,"key":"Pocketwatch"},{"floor":10.0,"key":"Du-Vu Doll"},{"floor":12.0,"key":"Pen Nib"},{"floor":21.0,"key":"Bottled Lightning"},{"floor":24.0,"key":"WingedGreaves"},{"floor":25.0,"key":"Blue Candle"},{"floor":26.0,"key":"Smiling Mask"},{"floor":28.0,"key":"Potion Belt"},{"floor":31.0,"key":"Bag of Preparation"},{"floor":40.0,"key":"Strawberry"},{"floor":42.0,"key":"Toxic Egg 2"},{"floor":43.0,"key":"Dodecahedron"},{"floor":45.0,"key":"Gremlin Horn"},{"floor":46.0,"key":"Prayer Wheel"},{"floor":47.0,"key":"StoneCalendar"}],"event_choices":[{"damage_healed":0.0,"max_hp_gain":0.0,"max_hp_loss":0.0,"gold_gain":0.0,"cards_transformed":["Strike_B"],"event_name":"Transmorgrifier","player_choice":"Transformed","floor":4.0,"gold_loss":0.0,"damage_taken":0.0,"cards_obtained":["Biased Cognition"]},{"damage_healed":0.0,"max_hp_gain":0.0,"max_hp_loss":0.0,"gold_gain":0.0,"event_name":"Tomb of Lord Red Mask","player_choice":"Paid","floor":39.0,"gold_loss":23.0,"damage_taken":0.0,"relics_obtained":["Red Mask"]},{"damage_healed":0.0,"max_hp_gain":0.0,"max_hp_loss":0.0,"gold_gain":0.0,"event_name":"Mysterious Sphere","player_choice":"Fight","floor":46.0,"gold_loss":0.0,"damage_taken":0.0}],"is_beta":false,"boss_relics":[{"not_picked":["Black Star","FrozenCore"],"picked":"Sozu"},{"not_picked":["Velvet Choker","Snecko Eye"],"picked":"Fusion Hammer"}],"items_purged_floors":[14,38],"is_endless":false,"potions_floor_spawned":[2,7,11,12,16,25,28,29,31,35,46,47],"ascension_level":20}