{"gold_per_floor":[114,125,125,139,139,139,165,177,237,115,135,150,166,166,166,166],"floor_reached":16,"playtime":986,"items_purged":["Strike_R"],"score":189,"play_id":"e6cd4178-96d4-45b5-882d-d6656c50f922","local_time":"20190509200550","is_ascension_mode":true,"campfire_choices":[{"data":"Inflame","floor":6,"key":"SMITH"},{"data":"True Grit","floor":8,"key":"SMITH"},{"floor":15,"key":"REST"}],"neow_cost":"NONE","seed_source_timestamp":439613212387793,"circlet_count":0,"master_deck":["AscendersBane","Strike_R","Strike_R","Defend_R","Defend_R","Defend_R","Defend_R","Bash+1","Twin Strike","Evolve","Inflame+1","True Grit+1","Cleave","Armaments","Pommel Strike"],"relics":["Burning Blood","MawBank","Bag of Marbles","Strawberry"],"potions_floor_usage":[],"damage_taken":[{"damage":4,"enemies":"Small Slimes","floor":1,"turns":4},{"damage":2,"enemies":"2 Louse","floor":2,"turns":3},{"damage":12,"enemies":"Jaw Worm","floor":4,"turns":2},{"damage":30,"enemies":"3 Sentries","floor":7,"turns":9},{"damage":3,"enemies":"Blue Slaver","floor":11,"turns":5},{"damage":0,"enemies":"2 Fungi Beasts","floor":12,"turns":2},{"damage":22,"enemies":"Exordium Thugs","floor":13,"turns":5},{"damage":71,"enemies":"The Guardian","floor":16,"turns":10}],"seed_played":"401711950019237953","potions_obtained":[{"floor":1,"key":"FairyPotion"},{"floor":12,"key":"FairyPotion"},{"floor":13,"key":"SneckoOil"}],"is_trial":false,"path_per_floor":["M","M","?","M","?","R","E","R","T","$","M","M","M","?","R","B"],"character_chosen":"IRONCLAD","items_purchased":["Cleave"],"campfire_rested":1,"item_purchase_floors":[10],"current_hp_per_floor":[70,74,74,68,61,61,37,37,37,37,40,46,30,32,56,0],"gold":166,"neow_bonus":"UPGRADE_CARD","is_prod":false,"is_daily":false,"chose_seed":false,"campfire_upgraded":2,"win_rate":0,"timestamp":1557446750,"path_taken":["M","M","?","M","?","R","E","R","T","$","M","M","M","?","R","BOSS"],"build_version":"2019-01-23","purchased_purges":1,"victory":false,"max_hp_per_floor":[75,75,75,75,75,75,75,75,75,75,75,75,75,82,82,82],"card_choices":[{"not_picked":["Corruption","Sword Boomerang"],"picked":"Twin Strike","floor":1},{"not_picked":["Heavy Blade","Bloodletting"],"picked":"Evolve","floor":2},{"not_picked":["Disarm","Combust"],"picked":"Inflame","floor":4},{"not_picked":["Twin Strike","Clash"],"picked":"True Grit","floor":7},{"not_picked":["Cleave","Fire Breathing","Bloodletting"],"picked":"SKIP","floor":11},{"not_picked":["Flex","Reaper"],"picked":"Armaments","floor":12},{"not_picked":["Cleave","Warcry"],"picked":"Pommel Strike","floor":13}],"player_experience":476236,"relics_obtained":[{"floor":7,"key":"MawBank"},{"floor":9,"key":"Bag of Marbles"}],"event_choices":[{"cards_removed":["Strike_R"],"damage_healed":0,"gold_gain":0,"player_choice":"Forget","damage_taken":0,"max_hp_gain":0,"max_hp_loss":0,"event_name":"Living Wall","floor":3,"gold_loss":0},{"cards_removed":["Strike_R"],"damage_healed":0,"gold_gain":0,"player_choice":"Card Removal","damage_taken":7,"max_hp_gain":0,"max_hp_loss":0,"event_name":"Golden Wing","floor":5,"gold_loss":0},{"damage_healed":0,"gold_gain":0,"player_choice":"Success","damage_taken":5,"relics_obtained":["Strawberry"],"max_hp_gain":0,"max_hp_loss":0,"event_name":"Scrap Ooze","floor":14,"gold_loss":0}],"is_beta":false,"boss_relics":[],"items_purged_floors":[10],"is_endless":false,"potions_floor_spawned":[1,12,13],"killed_by":"The Guardian","ascension_level":17}