{"gold_per_floor":[113,125,48,58,71,101,101,136,136,136,136,165,165,188,188,188],"floor_reached":16,"playtime":1113,"items_purged":[],"score":153,"play_id":"c95ecbcc-9f94-4a9b-ae62-7ecd7fee2442","local_time":"20190429163158","is_ascension_mode":true,"campfire_choices":[{"floor":11,"key":"REST"},{"floor":13,"key":"REST"},{"data":"Dash","floor":15,"key":"SMITH"}],"neow_cost":"PERCENT_DAMAGE","seed_source_timestamp":4764077827766621,"circlet_count":0,"master_deck":["Defend_G","Defend_G","Defend_G","Defend_G+1","Strike_G","Strike_G","Strike_G","Strike_G+1","Survivor","Neutralize","Noxious Fumes","Dash+1","Deadly Poison","Backflip","Crippling Poison","Heel Hook","PiercingWail"],"relics":["Ring of the Snake","Sundial","Darkstone Periapt","Bottled Flame","Centennial Puzzle","Odd Mushroom"],"potions_floor_usage":[6,6,8,12],"damage_taken":[{"damage":0,"enemies":"2 Louse","floor":1,"turns":5},{"damage":0,"enemies":"Jaw Worm","floor":2,"turns":5},{"damage":0,"enemies":"Small Slimes","floor":4,"turns":4},{"damage":0,"enemies":"3 Louse","floor":5,"turns":3},{"damage":23,"enemies":"Gremlin Nob","floor":6,"turns":5},{"damage":21,"enemies":"Lagavulin","floor":8,"turns":7},{"damage":10,"enemies":"3 Sentries","floor":12,"turns":6},{"damage":17,"enemies":"The Mushroom Lair","floor":14,"turns":4},{"damage":24,"enemies":"Slime Boss","floor":16,"turns":8}],"seed_played":"-2210683104300775048","potions_obtained":[{"floor":4,"key":"Dexterity Potion"},{"floor":5,"key":"AttackPotion"},{"floor":6,"key":"Swift Potion"},{"floor":8,"key":"Dexterity Potion"}],"is_trial":false,"path_per_floor":["M","M","$","M","M","E","?","E","T","?","R","E","R","?","R","B"],"character_chosen":"THE_SILENT","items_purchased":["Noxious Fumes"],"campfire_rested":2,"item_purchase_floors":[3],"current_hp_per_floor":[45,45,45,45,45,22,45,24,24,10,31,21,42,25,25,1],"gold":188,"neow_bonus":"REMOVE_TWO","is_prod":false,"is_daily":false,"chose_seed":false,"campfire_upgraded":1,"win_rate":0,"timestamp":1556569918,"path_taken":["M","M","$","M","M","E","?","E","T","?","R","E","R","?","R","BOSS"],"build_version":"2019-01-23","purchased_purges":0,"victory":false,"max_hp_per_floor":[70,70,70,70,70,70,70,70,70,70,70,70,70,70,70,70],"card_choices":[{"not_picked":["Blade Dance","Finisher","Underhanded Strike"],"picked":"SKIP","floor":1},{"not_picked":["Choke","Expertise","Poisoned Stab"],"picked":"SKIP","floor":2},{"not_picked":["Quick Slash","Concentrate"],"picked":"Dash","floor":4},{"not_picked":["Quick Slash","Bane"],"picked":"Deadly Poison","floor":5},{"not_picked":["Escape Plan","Riddle With Holes"],"picked":"Backflip","floor":6},{"not_picked":["Bane","Prepared"],"picked":"Crippling Poison","floor":8},{"not_picked":["Backflip","Outmaneuver"],"picked":"Heel Hook","floor":12},{"not_picked":["Reflex","Masterful Stab"],"picked":"PiercingWail","floor":14}],"player_experience":198519,"relics_obtained":[{"floor":6,"key":"Sundial"},{"floor":8,"key":"Darkstone Periapt"},{"floor":9,"key":"Bottled Flame"},{"floor":12,"key":"Centennial Puzzle"},{"floor":14,"key":"Odd Mushroom"}],"event_choices":[{"damage_healed":23,"gold_gain":0,"player_choice":"Banana","damage_taken":0,"max_hp_gain":0,"max_hp_loss":0,"event_name":"Big Fish","floor":7,"gold_loss":0},{"damage_healed":0,"gold_gain":0,"player_choice":"Entered Light","damage_taken":14,"max_hp_gain":0,"max_hp_loss":0,"event_name":"Shining Light","floor":10,"gold_loss":0,"cards_upgraded":["Strike_G","Defend_G"]},{"damage_healed":0,"gold_gain":0,"player_choice":"Fought Mushrooms","damage_taken":0,"max_hp_gain":0,"max_hp_loss":0,"event_name":"Mushrooms","floor":14,"gold_loss":0}],"is_beta":false,"boss_relics":[],"items_purged_floors":[],"is_endless":false,"potions_floor_spawned":[4,5,6,8],"killed_by":"Slime Boss","ascension_level":6}