{"gold_per_floor":[114,289,304,33,33,63,78,78,103,118,133,133,163,178,178,278,278,278,278,248,248,248,248,248,248,248,248,248,248,248,163,163,163,163,163,163,163,63,63,63,63,63,63,63,63,63,63,63,63,63],"floor_reached":51,"playtime":5060,"items_purged":["Doubt","Iron Wave"],"score":733,"play_id":"1cd0eec6-1e55-44d8-8165-6b96135cb85c","local_time":"20190503220849","daily_mods":["Shiny","Time Dilation","Terminal"],"is_ascension_mode":false,"campfire_choices":[{"data":"Thinking Ahead","floor":8,"key":"SMITH"},{"data":"Limit Break","floor":12,"key":"SMITH"},{"data":"Dark Embrace","floor":15,"key":"SMITH"},{"data":"Double Tap","floor":28,"key":"SMITH"},{"data":"Exhume","floor":32,"key":"SMITH"},{"data":"Offering","floor":40,"key":"SMITH"},{"data":"Thinking Ahead","floor":49,"key":"SMITH"}],"neow_cost":"","seed_source_timestamp":0,"circlet_count":0,"master_deck":["Double Tap+1","Demon Form","Bludgeon","Feed","Limit Break+1","Barricade","Fiend Fire","Dark Embrace+1","Berserk","Impervious","Brutality+1","Reaper","Exhume+1","Offering+1","Immolate","Dual Wield+1","Heavy Blade","Thinking Ahead+1","Pummel","Flex","Sever Soul","Seeing Red","Immolate","Blood for Blood","Disarm+1","Exhume","Pommel Strike+1","Warcry+1","Flex+1","Thinking Ahead+1","Pommel Strike+1"],"special_seed":18020,"relics":["Burning Blood","Centennial Puzzle","Blood Vial","Orichalcum","Ectoplasm","Red Mask","Lantern","MawBank","Bag of Preparation","Champion Belt","Eternal Feather","StoneCalendar","Art of War"],"potions_floor_usage":[33,50],"damage_taken":[{"damage":0,"enemies":"Jaw Worm","floor":1,"turns":1},{"damage":6,"enemies":"Small Slimes","floor":3,"turns":2},{"damage":6,"enemies":"Gremlin Nob","floor":6,"turns":2},{"damage":1,"enemies":"2 Louse","floor":7,"turns":2},{"damage":7,"enemies":"Exordium Wildlife","floor":10,"turns":2},{"damage":6,"enemies":"Looter","floor":11,"turns":1},{"damage":12,"enemies":"3 Sentries","floor":13,"turns":3},{"damage":8,"enemies":"Exordium Thugs","floor":14,"turns":3},{"damage":11,"enemies":"Slime Boss","floor":16,"turns":6},{"damage":3,"enemies":"Shell Parasite","floor":18,"turns":3},{"damage":1,"enemies":"Masked Bandits","floor":19,"turns":2},{"damage":10,"enemies":"2 Thieves","floor":20,"turns":2},{"damage":1,"enemies":"Snake Plant","floor":21,"turns":2},{"damage":7,"enemies":"Gremlin Leader","floor":23,"turns":2},{"damage":0,"enemies":"Centurion and Healer","floor":29,"turns":1},{"damage":8,"enemies":"Cultist and Chosen","floor":30,"turns":3},{"damage":25,"enemies":"Automaton","floor":33,"turns":5},{"damage":1,"enemies":"Orb Walker","floor":35,"turns":2},{"damage":2,"enemies":"3 Darklings","floor":36,"turns":3},{"damage":8,"enemies":"Sphere and 2 Shapes","floor":37,"turns":3},{"damage":32,"enemies":"Writhing Mass","floor":39,"turns":3},{"damage":7,"enemies":"Mind Bloom Boss Battle","floor":42,"turns":2},{"damage":14,"enemies":"Spire Growth","floor":45,"turns":3},{"damage":7,"enemies":"3 Darklings","floor":46,"turns":2},{"damage":4,"enemies":"Transient","floor":47,"turns":5},{"damage":7,"enemies":"Spire Growth","floor":48,"turns":2},{"damage":16,"enemies":"Time Eater","floor":50,"turns":7}],"seed_played":"-8048916062082781119","potions_obtained":[{"floor":1,"key":"Fire Potion"},{"floor":3,"key":"SkillPotion"},{"floor":6,"key":"SteroidPotion"},{"floor":10,"key":"Explosive Potion"},{"floor":20,"key":"SteroidPotion"},{"floor":27,"key":"Swift Potion"},{"floor":33,"key":"BloodPotion"},{"floor":37,"key":"SteroidPotion"},{"floor":42,"key":"Energy Potion"}],"is_trial":false,"path_per_floor":["M","?","M","$","?","E","M","R","T","M","M","R","E","M","R","B",null,"M","?","M","M","?","E","$","T","T","?","R","M","M","?","R","B",null,"M","M","M","$","M","R","?","?","T","?","M","M","M","M","R","B",null],"character_chosen":"IRONCLAD","items_purchased":["Heavy Blade","Thinking Ahead"],"campfire_rested":0,"item_purchase_floors":[4,4],"current_hp_per_floor":[78,77,79,78,62,62,70,70,70,75,74,73,70,80,79,78,77,76,75,71,73,72,71,70,69,68,67,66,68,70,69,68,55,66,65,67,66,65,64,63,62,61,60,59,51,52,56,58,57,47],"gold":63,"neow_bonus":"","is_prod":false,"is_daily":true,"chose_seed":false,"campfire_upgraded":7,"win_rate":0,"timestamp":1556939329,"path_taken":["M","?","M","$","?","E","M","R","T","M","M","R","E","M","R","BOSS","M","?","M","M","?","E","$","?","T","?","R","M","?","?","R","BOSS","M","M","M","$","M","R","?","?","T","?","M","M","M","M","R","BOSS"],"build_version":"2019-01-23","purchased_purges":2,"victory":true,"max_hp_per_floor":[78,77,79,78,77,76,78,77,76,75,74,73,75,80,79,78,77,76,75,74,73,72,71,70,69,68,67,66,68,70,69,68,67,66,65,67,66,65,64,63,62,61,60,59,58,57,56,58,57,56],"card_choices":[{"not_picked":["Second Wind","Shockwave"],"picked":"Shrug It Off","floor":1},{"not_picked":["Wild Strike","Shrug It Off"],"picked":"Dual Wield","floor":3},{"not_picked":["Body Slam","Clothesline"],"picked":"Pummel","floor":6},{"not_picked":["Cleave","Shrug It Off"],"picked":"Iron Wave","floor":7},{"not_picked":["Wild Strike","Perfected Strike"],"picked":"Flex","floor":10},{"not_picked":["Fiend Fire","Wild Strike"],"picked":"Sever Soul","floor":11},{"not_picked":["Shrug It Off","Searing Blow"],"picked":"Seeing Red","floor":13},{"not_picked":["Perfected Strike","Armaments","Pommel Strike"],"picked":"SKIP","floor":14},{"not_picked":["Barricade","Berserk"],"picked":"Immolate","floor":16},{"not_picked":["Clothesline","Metallicize","Cleave"],"picked":"SKIP","floor":18},{"not_picked":["Spot Weakness","Disarm"],"picked":"Blood for Blood","floor":20},{"not_picked":["Pommel Strike","Carnage"],"picked":"Disarm+1","floor":21},{"not_picked":["Perfected Strike","Armaments","True Grit"],"picked":"SKIP","floor":23},{"not_picked":["Heavy Blade","Anger","Fire Breathing+1"],"picked":"SKIP","floor":29},{"not_picked":["Wild Strike","Entrench+1","Intimidate"],"picked":"SKIP","floor":30},{"not_picked":["Barricade","Fiend Fire"],"picked":"Exhume","floor":33},{"not_picked":["Corruption","Power Through"],"picked":"Pommel Strike+1","floor":35},{"not_picked":["Rupture","Twin Strike+1"],"picked":"Warcry+1","floor":36},{"not_picked":["Shrug It Off+1","Iron Wave+1","Perfected Strike"],"picked":"SKIP","floor":37},{"not_picked":["Intimidate","Cleave+1"],"picked":"Flex+1","floor":39},{"not_picked":["Violence","Panacea"],"picked":"Thinking Ahead","floor":41},{"not_picked":["Clash","Burning Pact","Cleave+1"],"picked":"SKIP","floor":45},{"not_picked":["Intimidate","Clothesline+1","Second Wind"],"picked":"SKIP","floor":46},{"not_picked":["Ghostly Armor+1","Sword Boomerang+1","Rampage+1"],"picked":"SKIP","floor":47},{"not_picked":["Clothesline","Perfected Strike"],"picked":"Pommel Strike+1","floor":48}],"player_experience":159657,"relics_obtained":[{"floor":6,"key":"Centennial Puzzle"},{"floor":9,"key":"Blood Vial"},{"floor":13,"key":"Orichalcum"},{"floor":19,"key":"Red Mask"},{"floor":23,"key":"Lantern"},{"floor":25,"key":"MawBank"},{"floor":26,"key":"Bag of Preparation"},{"floor":42,"key":"StoneCalendar"},{"floor":43,"key":"Art of War"}],"event_choices":[{"damage_healed":0,"gold_gain":175,"player_choice":"AGREE","damage_taken":0,"max_hp_gain":0,"max_hp_loss":0,"event_name":"Liars Game","floor":2,"gold_loss":0,"cards_obtained":["Doubt"]},{"damage_healed":0,"gold_gain":0,"player_choice":"Entered Light","damage_taken":16,"max_hp_gain":0,"max_hp_loss":0,"event_name":"Shining Light","floor":5,"gold_loss":0,"cards_upgraded":["Dual Wield","Brutality"]},{"damage_healed":0,"gold_gain":0,"player_choice":"Fought Bandits","damage_taken":0,"max_hp_gain":0,"max_hp_loss":0,"event_name":"Masked Bandits","floor":19,"gold_loss":0},{"cards_removed":["Juggernaut"],"damage_healed":0,"gold_gain":0,"player_choice":"Elegance","damage_taken":0,"max_hp_gain":0,"max_hp_loss":0,"event_name":"Back to Basics","floor":22,"gold_loss":0},{"damage_healed":0,"gold_gain":0,"player_choice":"Got Potions","damage_taken":0,"max_hp_gain":0,"max_hp_loss":0,"event_name":"Lab","floor":27,"gold_loss":0},{"damage_healed":0,"gold_gain":0,"player_choice":"Obtained Relic","damage_taken":0,"relics_obtained":["Champion Belt"],"max_hp_gain":0,"max_hp_loss":0,"event_name":"Addict","floor":31,"gold_loss":85},{"damage_healed":0,"gold_gain":0,"player_choice":"Memory 1","damage_taken":0,"max_hp_gain":0,"max_hp_loss":0,"event_name":"SensoryStone","floor":41,"gold_loss":0},{"damage_healed":0,"gold_gain":0,"player_choice":"Fight","damage_taken":0,"max_hp_gain":0,"max_hp_loss":0,"event_name":"MindBloom","floor":42,"gold_loss":0},{"cards_removed":["Shrug It Off"],"damage_healed":5,"gold_gain":0,"player_choice":"Offered Common","damage_taken":0,"max_hp_gain":0,"max_hp_loss":0,"event_name":"Bonfire Elementals","floor":44,"gold_loss":0},{"cards_removed":["Shrug It Off"],"damage_healed":5,"gold_gain":0,"player_choice":"Offered Special","damage_taken":0,"max_hp_gain":0,"max_hp_loss":0,"event_name":"Bonfire Elementals","floor":44,"gold_loss":0}],"is_beta":false,"boss_relics":[{"not_picked":["Astrolabe","Empty Cage"],"picked":"Ectoplasm"},{"not_picked":["Tiny House","White Beast Statue"],"picked":"Eternal Feather"}],"items_purged_floors":[4,38],"is_endless":false,"potions_floor_spawned":[1,3,6,10,14,20,21,29,33,37,39,42],"ascension_level":0}