{"gold_per_floor":[118,128,142,9,22,22,65,30,30,30,55,55,55,71,71,167,167,180,204,228,228],"floor_reached":21,"playtime":1263,"items_purged":["Strike_G"],"score":348,"play_id":"9f769c1e-642e-4fdb-8e5e-f153fa992c80","local_time":"20190506002025","is_ascension_mode":true,"campfire_choices":[{"data":"Survivor","floor":10.0,"key":"SMITH"},{"data":"Sucker Punch","floor":12.0,"key":"SMITH"},{"data":"Adrenaline","floor":15.0,"key":"SMITH"}],"neow_cost":"NONE","seed_source_timestamp":108844768849790,"circlet_count":0,"master_deck":["AscendersBane","Defend_G","Defend_G","Defend_G","Defend_G","Defend_G","Strike_G","Strike_G","Strike_G","Strike_G","Survivor+1","Neutralize+1","Dagger Throw","Crippling Poison","Bane","Dagger Spray","Slice","Underhanded Strike","Sucker Punch+1","Adrenaline+1","Phantasmal Killer","Sucker Punch+1","Cloak And Dagger","Blade Dance"],"special_seed":0,"relics":["Ring of the Snake","Golden Idol","Shuriken","Bottled Lightning","Philosopher\u0027s Stone"],"potions_floor_usage":[20],"damage_taken":[{"damage":10.0,"enemies":"Small Slimes","floor":1.0,"turns":6.0},{"damage":2.0,"enemies":"2 Louse","floor":2.0,"turns":3.0},{"damage":0.0,"enemies":"Cultist","floor":3.0,"turns":3.0},{"damage":4.0,"enemies":"2 Fungi Beasts","floor":5.0,"turns":3.0},{"damage":9.0,"enemies":"3 Sentries","floor":7.0,"turns":10.0},{"damage":12.0,"enemies":"Large Slime","floor":11.0,"turns":5.0},{"damage":13.0,"enemies":"Gremlin Gang","floor":14.0,"turns":5.0},{"damage":10.0,"enemies":"Hexaghost","floor":16.0,"turns":9.0},{"damage":15.0,"enemies":"3 Byrds","floor":18.0,"turns":4.0},{"damage":26,"enemies":"2 Thieves","floor":19,"turns":4},{"damage":7,"enemies":"Centurion and Healer","floor":20,"turns":5},{"damage":6,"enemies":"Shelled Parasite and Fungi","floor":21,"turns":1}],"seed_played":"-6315212215719711165","potions_obtained":[{"floor":5.0,"key":"Block Potion"},{"floor":7.0,"key":"PowerPotion"},{"floor":11.0,"key":"FearPotion"},{"floor":19,"key":"Dexterity Potion"}],"is_trial":false,"path_per_floor":["M","M","M","$","M","?","E","?","T","R","M","R","?","M","R","B",null,"M","M","M","M"],"character_chosen":"THE_SILENT","items_purchased":["Dagger Spray"],"campfire_rested":0,"item_purchase_floors":[4],"current_hp_per_floor":[49,47,47,47,43,43,34,49,49,49,37,37,42,29,29,19,54,39,13,6,0],"gold":228,"neow_bonus":"UPGRADE_CARD","is_prod":false,"is_daily":false,"chose_seed":false,"campfire_upgraded":3,"win_rate":0,"timestamp":1557116425,"path_taken":["M","M","M","$","M","?","E","?","T","R","M","R","?","M","R","BOSS","M","M","M","M"],"build_version":"2019-01-23","purchased_purges":1,"victory":false,"max_hp_per_floor":[66,66,66,66,66,60,60,60,60,60,60,60,65,65,65,65,65,65,65,65,65],"card_choices":[{"not_picked":["Dagger Spray","Flying Knee"],"picked":"Dagger Throw","floor":1.0},{"not_picked":["Flying Knee","Acrobatics"],"picked":"Crippling Poison","floor":2.0},{"not_picked":["Skewer","Setup"],"picked":"Bane","floor":3.0},{"not_picked":["Sucker Punch","Underhanded Strike"],"picked":"Slice","floor":5.0},{"not_picked":["Grand Finale","Crippling Poison"],"picked":"Underhanded Strike","floor":7.0},{"not_picked":["Slice","Flying Knee"],"picked":"Sucker Punch","floor":11.0},{"not_picked":["Bouncing Flask","Leg Sweep"],"picked":"Adrenaline","floor":14.0},{"not_picked":["Envenom","Venomology"],"picked":"Phantasmal Killer","floor":16.0},{"not_picked":["Riddle With Holes","Underhanded Strike"],"picked":"Sucker Punch+1","floor":18.0},{"not_picked":["Backflip","Masterful Stab"],"picked":"Cloak And Dagger","floor":19},{"not_picked":["Dagger Throw","Quick Slash"],"picked":"Blade Dance","floor":20}],"player_experience":361379,"relics_obtained":[{"floor":7.0,"key":"Shuriken"},{"floor":9.0,"key":"Bottled Lightning"}],"event_choices":[{"damage_healed":0.0,"max_hp_gain":0.0,"max_hp_loss":6.0,"gold_gain":0.0,"event_name":"Golden Idol","player_choice":"Lose Max HP","floor":6.0,"gold_loss":0.0,"damage_taken":0.0,"relics_obtained":["Golden Idol"]},{"damage_healed":15.0,"max_hp_gain":0.0,"max_hp_loss":0.0,"gold_gain":0.0,"event_name":"The Cleric","player_choice":"Healed","floor":8.0,"gold_loss":35.0,"damage_taken":0.0},{"damage_healed":0.0,"max_hp_gain":5.0,"max_hp_loss":0.0,"gold_gain":0.0,"event_name":"Big Fish","player_choice":"Donut","floor":13.0,"gold_loss":0.0,"damage_taken":0.0}],"is_beta":false,"boss_relics":[{"not_picked":["Lizard Tail","HoveringKite"],"picked":"Philosopher\u0027s Stone"}],"items_purged_floors":[4],"is_endless":false,"potions_floor_spawned":[5,7,11,14,19],"killed_by":"Shelled Parasite and Fungi","ascension_level":18}