{"path_per_floor":["M","?","M","M","M","E","R","M","T","?","M","E","M","M","R","B",null,"M","$","?","M","M","R","E","R","T","E","$","M","R","?","R","B",null,"M","$","M","M","M","E","M","?","T","M","$","E","?","M","R","B"],"character_chosen":"THE_SILENT","items_purchased":["Apotheosis","Bottled Lightning"],"gold_per_floor":[118,118,133,151,169,201,201,217,217,217,230,258,271,281,281,379,379,398,129,129,146,161,161,195,195,195,222,122,141,141,141,141,237,237,249,124,137,156,168,198,213,213,294,306,46,80,80,100,100,100],"floor_reached":51,"campfire_rested":1,"playtime":7566,"current_hp_per_floor":[70,70,68,66,53,39,45,45,45,50,42,38,38,38,46,13,75,70,70,56,56,56,66,66,76,83,82,82,82,87,87,87,87,87,87,87,87,77,77,77,77,77,77,77,77,77,77,77,87,86],"items_purged":["Strike_G","Defend_G","Strike_G"],"gold":100,"score":738,"play_id":"8efc580d-4124-41c5-a38b-7de3d5c59395","is_prod":false,"is_daily":false,"is_ascension_mode":false,"campfire_upgraded":6,"path_taken":["M","?","?","?","M","E","R","M","T","?","M","E","M","M","R","BOSS","M","$","?","?","M","R","E","R","T","E","$","M","R","?","R","BOSS","M","$","M","M","M","E","M","?","T","M","$","E","?","M","R","BOSS"],"build_version":"2018-02-08-PROD1","purchased_purges":3,"victory":true,"master_deck":["Defend_G","Defend_G","Defend_G","Defend_G","Strike_G","Strike_G","Strike_G","Survivor","Neutralize+1","Endless Agony","Neutralize+1","Dramatic Entrance","Acrobatics","Heel Hook","Doppelganger+1","Slice","Acrobatics","Masterful Stab","Dagger Throw","Doppelganger+1","Apotheosis+1","Expertise","Quick Slash","Slice","Adrenaline+1","Adrenaline","Prepared+1","Envenom+1","Prepared+1","Prepared+1"],"max_hp_per_floor":[70,70,70,70,70,70,70,70,70,75,75,75,75,75,75,75,75,75,75,80,80,80,80,80,80,87,87,87,87,87,87,87,87,87,87,87,87,87,87,87,87,87,87,87,87,87,87,87,87,87],"relics":["Eternal Feather","Happy Flower","Lantern","Anchor","Sozu","Unceasing Top","Strawberry","Black Star","Letter Opener","Ornamental Fan","Kunai","Bottled Lightning","Torii","Bird Faced Urn"],"card_choices":[{"not_picked":["Riddle With Holes","Slice"],"picked":"Endless Agony"},{"not_picked":["Slice","Underhanded Strike"],"picked":"Acrobatics"},{"not_picked":["Bane","Poisoned Stab"],"picked":"Heel Hook"},{"not_picked":["Prepared","Deadly Poison"],"picked":"Deflect"},{"not_picked":["Eviscerate","Outmaneuver"],"picked":"Doppelganger"},{"not_picked":["Choke","All Out Attack"],"picked":"Slice"},{"not_picked":["Blade Dance","Quick Slash"],"picked":"Acrobatics"},{"not_picked":["Bane","Dash"],"picked":"Masterful Stab"},{"not_picked":["Dodge and Roll","Masterful Stab"],"picked":"Dagger Throw"},{"not_picked":["Bullet Time","Night Terror"],"picked":"Doppelganger"},{"not_picked":["Deadly Poison","Acrobatics"],"picked":"Expertise"},{"not_picked":["Bane","Sucker Punch"],"picked":"Quick Slash"},{"not_picked":["Sucker Punch","Underhanded Strike"],"picked":"Slice"},{"not_picked":["Doppelganger","Phantasmal Killer"],"picked":"Adrenaline"},{"not_picked":["Flying Knee","Endless Agony"],"picked":"Prepared"},{"not_picked":["Deadly Poison","Quick Slash"],"picked":"Envenom"},{"not_picked":["Outmaneuver","Dagger Throw"],"picked":"Prepared"},{"not_picked":["Acrobatics","Deadly Poison"],"picked":"Prepared"}],"player_experience":49495,"potions_floor_usage":[6],"damage_taken":[{"damage":0,"enemies":"Cultist","floor":1,"turns":4},{"damage":2,"enemies":"Blue Slaver","floor":3,"turns":5},{"damage":2,"enemies":"Small Slimes","floor":4,"turns":2},{"damage":13,"enemies":"Gremlin Gang","floor":5,"turns":5},{"damage":14,"enemies":"Lagavulin","floor":6,"turns":9},{"damage":0,"enemies":"Looter","floor":8,"turns":3},{"damage":8,"enemies":"Exordium Wildlife","floor":11,"turns":3},{"damage":4,"enemies":"3 Sentries","floor":12,"turns":9},{"damage":0,"enemies":"2 Fungi Beasts","floor":13,"turns":2},{"damage":0,"enemies":"Lots of Slimes","floor":14,"turns":3},{"damage":33,"enemies":"The Guardian","floor":16,"turns":17},{"damage":5,"enemies":"3 Byrds","floor":18,"turns":4},{"damage":0,"enemies":"Shell Parasite","floor":21,"turns":3},{"damage":0,"enemies":"Snake Plant","floor":22,"turns":6},{"damage":0,"enemies":"Book of Stabbing","floor":24,"turns":5},{"damage":1,"enemies":"Gremlin Leader","floor":27,"turns":6},{"damage":0,"enemies":"Centurion and Healer","floor":29,"turns":4},{"damage":0,"enemies":"Champ","floor":33,"turns":9},{"damage":0,"enemies":"3 Shapes","floor":35,"turns":2},{"damage":0,"enemies":"3 Darklings","floor":37,"turns":2},{"damage":10,"enemies":"Sphere and 2 Shapes","floor":38,"turns":3},{"damage":0,"enemies":"4 Shapes","floor":39,"turns":4},{"damage":0,"enemies":"Nemesis","floor":40,"turns":5},{"damage":0,"enemies":"3 Darklings","floor":41,"turns":2},{"damage":0,"enemies":"Sphere and 2 Shapes","floor":44,"turns":2},{"damage":0,"enemies":"2 Orb Walkers","floor":46,"turns":3},{"damage":0,"enemies":"4 Shapes","floor":48,"turns":3},{"damage":1,"enemies":"Awakened One","floor":50,"turns":8}],"event_choices":[{"event_name":"Match and Keep!","player_choice":"2 cards matched","floor":2,"damage_taken":0},{"event_name":"Big Fish","player_choice":"Donut","floor":10,"damage_taken":0},{"event_name":"Forgotten Altar","player_choice":"Shed Blood","floor":20,"damage_taken":0},{"event_name":"The Library","player_choice":"Read","floor":31,"damage_taken":0},{"event_name":"Upgrade Shrine","player_choice":"Upgraded","floor":42,"damage_taken":0}],"boss_relics":[{"not_picked":["Philosopher\u0027s Stone","Velvet Choker"],"picked":"Sozu"},{"not_picked":["Cursed Key","Question Card"],"picked":"Black Star"}],"potions_floor_spawned":[1,3,6,13,16,22,27,29,33,35,37,40,46],"seed_played":"-1933416792314977296","ascension_level":0,"is_trial":false}