{"gold_per_floor":[215,232,407,407,16,16,47,47,47,65,85,103,6,6,6,103,103,117,117,130,147,157,157,168,168,244,244,2,14,14,27,27,132,132,152,152,152,0,12,12,30,30,56,41,51,51,65,65,65,65],"floor_reached":51,"playtime":4064,"items_purged":[],"score":709,"play_id":"31c83aa5-626b-4c39-800f-fc9af3961752","local_time":"20180930060311","is_ascension_mode":true,"campfire_choices":[{"data":"Footwork","floor":6.0,"key":"SMITH"},{"data":"Crippling Poison","floor":8.0,"key":"SMITH"},{"floor":15.0,"key":"REST"},{"floor":23.0,"key":"REST"},{"floor":25.0,"key":"REST"},{"floor":27.0,"key":"REST"},{"data":"Outmaneuver","floor":32.0,"key":"SMITH"},{"data":"Terror","floor":40.0,"key":"SMITH"},{"data":"PiercingWail","floor":42.0,"key":"SMITH"},{"data":"Malaise","floor":46.0,"key":"SMITH"},{"data":"Survivor","floor":49,"key":"SMITH"}],"neow_cost":"NONE","seed_source_timestamp":434126138847281,"circlet_count":0,"master_deck":["Defend_G","Defend_G","Defend_G","Defend_G","Defend_G","Strike_G","Strike_G","Strike_G","Strike_G","Survivor+1","Neutralize","Deadly Poison","Crippling Poison+1","Deadly Poison","Footwork+1","PiercingWail+1","Outmaneuver+1","Slice","Malaise+1","Cloak And Dagger","Masterful Stab","Terror+1","Poisoned Stab","Wraith Form v2","Adrenaline","Well Laid Plans","Noxious Fumes+1","Well Laid Plans","PiercingWail+1","Poisoned Stab","Outmaneuver+1","Catalyst+1","Dodge and Roll+1","Corpse Explosion+1","Writhe","Discovery+1","Deadly Poison+1","Backflip+1","Outmaneuver+1","Prepared+1","Cloak And Dagger+1"],"special_seed":0,"relics":["Ring of the Serpent","DollysMirror","Bag of Preparation","Gremlin Horn","Odd Mushroom","Toxic Egg 2","Mummified Hand","TwistedFunnel","Sozu","Oddly Smooth Stone","MawBank"],"potions_floor_usage":[50],"damage_taken":[{"damage":2.0,"enemies":"Jaw Worm","floor":1.0,"turns":6.0},{"damage":0.0,"enemies":"Small Slimes","floor":2.0,"turns":3.0},{"damage":18.0,"enemies":"Gremlin Nob","floor":7.0,"turns":5.0},{"damage":0.0,"enemies":"Cultist","floor":10.0,"turns":3.0},{"damage":4.0,"enemies":"The Mushroom Lair","floor":11.0,"turns":5.0},{"damage":1.0,"enemies":"Blue Slaver","floor":12.0,"turns":4.0},{"damage":18.0,"enemies":"The Guardian","floor":16.0,"turns":10.0},{"damage":9.0,"enemies":"3 Byrds","floor":18.0,"turns":3.0},{"damage":8.0,"enemies":"Shell Parasite","floor":20.0,"turns":6.0},{"damage":43.0,"enemies":"Cultist and Chosen","floor":21.0,"turns":7.0},{"damage":9.0,"enemies":"3 Cultists","floor":22.0,"turns":6.0},{"damage":4.0,"enemies":"Centurion and Healer","floor":24.0,"turns":7.0},{"damage":4.0,"enemies":"Shelled Parasite and Fungi","floor":29.0,"turns":5.0},{"damage":14.0,"enemies":"Snake Plant","floor":31.0,"turns":4.0},{"damage":7.0,"enemies":"Champ","floor":33.0,"turns":12.0},{"damage":16.0,"enemies":"3 Shapes","floor":35.0,"turns":3.0},{"damage":3.0,"enemies":"3 Darklings","floor":39.0,"turns":3.0},{"damage":21.0,"enemies":"Spire Growth","floor":41.0,"turns":3.0},{"damage":5.0,"enemies":"Sphere and 2 Shapes","floor":45.0,"turns":3.0},{"damage":2.0,"enemies":"Maw","floor":47.0,"turns":6.0},{"damage":35,"enemies":"Donu and Deca","floor":50,"turns":7}],"seed_played":"7092127244350300103","potions_obtained":[{"floor":1.0,"key":"Block Potion"},{"floor":11.0,"key":"Fire Potion"},{"floor":16.0,"key":"Explosive Potion"},{"floor":21.0,"key":"Energy Potion"},{"floor":22.0,"key":"SteroidPotion"},{"floor":33.0,"key":"GhostInAJar"}],"is_trial":false,"path_per_floor":["M","M","?","?","$","R","E","R","T","M","?","M","$","?","R","B",null,"M","?","M","M","M","R","M","R","T","R","$","M","?","M","R","B",null,"M","?","?","$","M","R","M","R","T","$","M","R","M","?","R","B"],"character_chosen":"THE_SILENT","items_purchased":["DollysMirror","Footwork","PiercingWail","Outmaneuver","Slice","Poisoned Stab","Block Potion","TwistedFunnel","Outmaneuver+1","Oddly Smooth Stone","Outmaneuver+1"],"campfire_rested":4,"item_purchase_floors":[5,5,5,5,5,13,13,28,28,38,44],"current_hp_per_floor":[68,68,68,68,68,68,50,50,50,50,46,45,45,45,66,48,70,61,61,53,10,1,22,18,39,39,60,60,56,70,56,56,49,70,54,70,70,70,67,67,46,46,46,46,41,41,39,70,70,35],"gold":65,"neow_bonus":"HUNDRED_GOLD","is_prod":false,"is_daily":false,"chose_seed":false,"campfire_upgraded":7,"win_rate":0,"timestamp":1538301791,"path_taken":["M","M","?","?","$","R","E","R","T","?","?","M","?","?","R","BOSS","M","?","M","M","M","R","M","R","T","R","$","?","?","M","R","BOSS","M","?","?","$","M","R","M","R","T","?","M","R","M","?","R","BOSS"],"build_version":"2018-09-27","purchased_purges":0,"victory":true,"max_hp_per_floor":[70,70,70,70,70,70,70,70,70,70,70,70,70,70,70,70,70,70,70,70,70,70,70,70,70,70,70,70,70,70,70,70,70,70,70,70,70,70,70,70,70,70,70,70,70,70,70,70,70,70],"card_choices":[{"not_picked":["Backflip","Dagger Spray"],"picked":"Deadly Poison","floor":1.0},{"not_picked":["Sucker Punch","Choke"],"picked":"Crippling Poison","floor":2.0},{"not_picked":["Predator","Deflect"],"picked":"Malaise","floor":7.0},{"not_picked":["Underhanded Strike","Blade Dance"],"picked":"Cloak And Dagger","floor":10.0},{"not_picked":["Heel Hook","Prepared"],"picked":"Masterful Stab","floor":11.0},{"not_picked":["Sucker Punch","Heel Hook"],"picked":"Terror","floor":12.0},{"not_picked":["Doppelganger","Malaise"],"picked":"Adrenaline","floor":16.0},{"not_picked":["Calculated Gamble+1","Flying Knee"],"picked":"Well Laid Plans","floor":18.0},{"not_picked":["Dodge and Roll+1","Blade Dance+1"],"picked":"Noxious Fumes+1","floor":20.0},{"not_picked":["Noxious Fumes","All Out Attack"],"picked":"Well Laid Plans","floor":21.0},{"not_picked":["Cloak And Dagger+1","Prepared+1"],"picked":"PiercingWail+1","floor":22.0},{"not_picked":["Acrobatics+1","Predator"],"picked":"Poisoned Stab","floor":24.0},{"not_picked":["Slice","Dash"],"picked":"Catalyst+1","floor":29.0},{"not_picked":["Expertise+1","Cloak And Dagger+1"],"picked":"Dodge and Roll+1","floor":31.0},{"not_picked":["After Image","Bullet Time+1"],"picked":"Corpse Explosion+1","floor":33.0},{"not_picked":["Heel Hook","All Out Attack+1"],"picked":"Infinite Blades+1","floor":35.0},{"not_picked":["Thinking Ahead+1","Impatience+1"],"picked":"Discovery+1","floor":37.0},{"not_picked":["Dagger Spray","Blade Dance+1"],"picked":"Deadly Poison+1","floor":39.0},{"not_picked":["Flying Knee+1","Deflect+1"],"picked":"Backflip+1","floor":41.0},{"not_picked":["Bane","Underhanded Strike"],"picked":"Prepared+1","floor":45.0},{"not_picked":["Accuracy","Bane"],"picked":"Cloak And Dagger+1","floor":47.0}],"player_experience":101496,"relics_obtained":[{"floor":7.0,"key":"Bag of Preparation"},{"floor":9.0,"key":"Gremlin Horn"},{"floor":11.0,"key":"Odd Mushroom"},{"floor":26.0,"key":"Mummified Hand"},{"floor":43.0,"key":"MawBank"}],"event_choices":[{"event_name":"Liars Game","player_choice":"agreed","floor":3.0,"damage_taken":0.0},{"event_name":"Living Wall","player_choice":"Forget","floor":4.0,"damage_taken":0.0},{"event_name":"Mushrooms","player_choice":"Fought Mushrooms","floor":11.0,"damage_taken":0.0},{"event_name":"Transmorgrifier","player_choice":"Transform","floor":14.0,"damage_taken":0.0},{"event_name":"WeMeetAgain","player_choice":"Potion","floor":19.0,"damage_taken":0.0},{"event_name":"The Library","player_choice":"Heal","floor":30.0,"damage_taken":0.0},{"event_name":"Winding Halls","player_choice":"Writhe","floor":36.0,"damage_taken":0.0},{"event_name":"SensoryStone","player_choice":"Memory 1","floor":37.0,"damage_taken":0.0},{"event_name":"Bonfire Elementals","player_choice":"UNCOMMON","floor":48,"damage_taken":0}],"is_beta":false,"boss_relics":[{"not_picked":["Ectoplasm","Snecko Eye"],"picked":"Ring of the Serpent"},{"not_picked":["Eternal Feather","Lizard Tail"],"picked":"Sozu"}],"items_purged_floors":[],"is_endless":false,"potions_floor_spawned":[1,11,16,21,22,33,39,45],"ascension_level":2}