{"gold_per_floor":[112,112,27,27,27,63,63,101,181,219,184,200,200,225,225,319,319,244,244,22,36,36,72,72],"floor_reached":24,"playtime":1037,"items_purged":[],"score":500,"play_id":"52a8b6b2-44d1-467f-8a54-8abe52b96759","local_time":"20190527194814","is_ascension_mode":true,"campfire_choices":[{"data":"Neutralize","floor":7,"key":"SMITH"},{"data":"Deadly Poison","floor":13,"key":"SMITH"},{"floor":15,"key":"REST"}],"neow_cost":"NONE","seed_source_timestamp":2997889145088,"circlet_count":0,"master_deck":["AscendersBane","Defend_G","Defend_G","Defend_G","Defend_G","Defend_G","Strike_G","Strike_G","Strike_G","Survivor","Neutralize+1","Acrobatics","Well Laid Plans","Blade Dance","Crippling Poison","Flying Knee","Deadly Poison+1","Backstab","After Image","Catalyst","Blur","Deflect","PiercingWail","Infinite Blades","Deadly Poison","Distraction","Underhanded Strike","Deflect","Ghostly","Ghostly","Ghostly","Catalyst"],"relics":["Ring of the Snake","NeowsBlessing","Golden Idol","The Courier","Sundial","Gremlin Horn","Bag of Preparation","Orrery","Letter Opener","Art of War"],"potions_floor_usage":[16,16],"damage_taken":[{"damage":0,"enemies":"Cultist","floor":1,"turns":1},{"damage":0,"enemies":"Gremlin Nob","floor":6,"turns":1},{"damage":0,"enemies":"Lagavulin","floor":8,"turns":1},{"damage":37,"enemies":"3 Sentries","floor":10,"turns":15},{"damage":4,"enemies":"Small Slimes","floor":12,"turns":3},{"damage":4,"enemies":"Jaw Worm","floor":14,"turns":4},{"damage":1,"enemies":"Hexaghost","floor":16,"turns":9},{"damage":31,"enemies":"2 Thieves","floor":18,"turns":5},{"damage":0,"enemies":"Chosen","floor":21,"turns":4},{"damage":22,"enemies":"Book of Stabbing","floor":23,"turns":7},{"damage":13,"enemies":"3 Cultists","floor":24,"turns":3}],"seed_played":"-3070683961723438598","potions_obtained":[{"floor":10,"key":"SteroidPotion"},{"floor":12,"key":"SkillPotion"},{"floor":14,"key":"Poison Potion"},{"floor":21,"key":"SteroidPotion"}],"is_trial":false,"path_per_floor":["M","?","$","?","$","E","R","E","T","E","?","M","R","M","R","B",null,"M","?","$","M","?","E","M"],"character_chosen":"THE_SILENT","items_purchased":["Well Laid Plans","Letter Opener"],"campfire_rested":1,"item_purchase_floors":[3,20],"current_hp_per_floor":[59,59,59,59,59,59,59,59,59,22,38,34,34,30,49,48,62,31,31,31,31,31,9,0],"gold":72,"neow_bonus":"THREE_ENEMY_KILL","is_prod":false,"is_daily":false,"chose_seed":false,"campfire_upgraded":2,"win_rate":0,"timestamp":1558979294,"path_taken":["M","?","$","?","?","E","R","E","T","E","?","M","R","M","R","BOSS","M","?","$","M","?","E","M"],"build_version":"2019-01-23","purchased_purges":0,"victory":false,"max_hp_per_floor":[66,66,66,66,66,66,66,66,66,66,66,66,66,66,66,66,66,66,66,66,66,33,33,33],"card_choices":[{"not_picked":["Prepared","Quick Slash"],"picked":"Acrobatics","floor":1},{"not_picked":["Slice","Finisher"],"picked":"Blade Dance","floor":6},{"not_picked":["Dash","Escape Plan"],"picked":"Crippling Poison","floor":8},{"not_picked":["Finisher","Outmaneuver"],"picked":"Flying Knee","floor":10},{"not_picked":["Prepared","Choke"],"picked":"Deadly Poison","floor":12},{"not_picked":["Slice","Flying Knee"],"picked":"Backstab","floor":14},{"not_picked":["Phantasmal Killer","Wraith Form v2"],"picked":"After Image","floor":16},{"not_picked":["Dash","Blade Dance"],"picked":"Catalyst","floor":17},{"not_picked":["Deflect","Choke"],"picked":"Blur","floor":17},{"not_picked":["All Out Attack","Flechettes"],"picked":"Deflect","floor":17},{"not_picked":["Tactician","Catalyst"],"picked":"PiercingWail","floor":17},{"not_picked":["Flying Knee","Flechettes"],"picked":"Infinite Blades","floor":17},{"not_picked":["Acrobatics","Dagger Throw"],"picked":"Deadly Poison","floor":18},{"not_picked":["Sucker Punch","Prepared"],"picked":"Deflect","floor":21},{"not_picked":["Flechettes","Concentrate"],"picked":"Catalyst","floor":23}],"player_experience":690257,"relics_obtained":[{"floor":6,"key":"The Courier"},{"floor":8,"key":"Sundial"},{"floor":9,"key":"Gremlin Horn"},{"floor":10,"key":"Bag of Preparation"},{"floor":23,"key":"Art of War"}],"event_choices":[{"damage_healed":0,"gold_gain":0,"player_choice":"Take Wound","damage_taken":0,"relics_obtained":["Golden Idol"],"max_hp_gain":0,"max_hp_loss":0,"event_name":"Golden Idol","floor":2,"gold_loss":0,"cards_obtained":["Injury"]},{"cards_removed":["Injury"],"damage_healed":0,"gold_gain":0,"player_choice":"Forget","damage_taken":0,"max_hp_gain":0,"max_hp_loss":0,"event_name":"Living Wall","floor":4,"gold_loss":0},{"damage_healed":16,"gold_gain":0,"player_choice":"Healed","damage_taken":0,"max_hp_gain":0,"max_hp_loss":0,"event_name":"The Cleric","floor":11,"gold_loss":35},{"damage_healed":0,"gold_gain":0,"cards_transformed":["Strike_G","Strike_G"],"player_choice":"Became Test Subject","damage_taken":0,"max_hp_gain":0,"max_hp_loss":0,"event_name":"Drug Dealer","floor":19,"gold_loss":0,"cards_obtained":["Distraction","Underhanded Strike"]},{"damage_healed":0,"gold_gain":0,"player_choice":"Became a Ghost","damage_taken":0,"max_hp_gain":0,"max_hp_loss":33,"event_name":"Ghosts","floor":22,"gold_loss":0,"cards_obtained":["Ghostly","Ghostly","Ghostly"]}],"is_beta":false,"boss_relics":[{"not_picked":["Black Star","Ring of the Serpent"],"picked":"Orrery"}],"items_purged_floors":[],"is_endless":false,"potions_floor_spawned":[10,12,14,21],"killed_by":"3 Cultists","ascension_level":16}