{"gold_per_floor":[115,115,35,62,79,79,107,107,134,166,166,166,166,183,183,285,285,301,226,226,22,33,33,68,80,80,5,15,42,42,42,42,138,138,155,210,62,62,62,62,90,90,90,107,8,38,38,0,0,0],"floor_reached":51,"playtime":3239,"items_purged":["Defend_B","Defend_B"],"score":1083,"play_id":"38a14ae7-7da7-420c-807b-955b1ebf57a0","local_time":"20190329193833","is_ascension_mode":true,"campfire_choices":[{"data":"Sunder","floor":6.0,"key":"SMITH"},{"data":"Zap","floor":8.0,"key":"SMITH"},{"data":"Fusion","floor":11.0,"key":"SMITH"},{"data":"Self Repair","floor":13.0,"key":"SMITH"},{"floor":15.0,"key":"REST"},{"data":"Echo Form","floor":23.0,"key":"SMITH"},{"data":"Buffer","floor":30.0,"key":"SMITH"},{"data":"Ball Lightning","floor":32.0,"key":"SMITH"},{"floor":40,"key":"REST"},{"data":"Consume","floor":42,"key":"SMITH"},{"data":"Loop","floor":49,"key":"SMITH"}],"neow_cost":"PERCENT_DAMAGE","seed_source_timestamp":764763840161978,"circlet_count":0,"master_deck":["Strike_B","Defend_B+1","Zap+1","Dualcast+1","Leap","Sunder+1","Self Repair+1","Fusion+1","Cold Snap","Echo Form+1","Ball Lightning+1","Leap+1","Rebound","Buffer+1","Ball Lightning+1","Thunder Strike","Hologram","Consume+1","Enlightenment","Defragment+1","Loop+1"],"special_seed":0,"relics":["FrozenCore","Bag of Preparation","Matryoshka","Vajra","DataDisk","Oddly Smooth Stone","War Paint","Lantern","Blood Vial","Singing Bowl","Gremlin Horn","Inserter","Calipers","Omamori","Du-Vu Doll","Anchor","Red Mask"],"potions_floor_usage":[36,39,41,46,50,50,50],"damage_taken":[{"damage":5.0,"enemies":"Small Slimes","floor":1.0,"turns":2.0},{"damage":1.0,"enemies":"Cultist","floor":5.0,"turns":3.0},{"damage":16.0,"enemies":"Gremlin Nob","floor":7.0,"turns":3.0},{"damage":16.0,"enemies":"3 Sentries","floor":10.0,"turns":5.0},{"damage":6.0,"enemies":"Jaw Worm","floor":14.0,"turns":3.0},{"damage":33.0,"enemies":"Hexaghost","floor":16.0,"turns":9.0},{"damage":13.0,"enemies":"Shell Parasite","floor":18.0,"turns":4.0},{"damage":2.0,"enemies":"Chosen","floor":22.0,"turns":4.0},{"damage":45.0,"enemies":"Gremlin Leader","floor":24.0,"turns":6.0},{"damage":7.0,"enemies":"Snake Plant","floor":25.0,"turns":4.0},{"damage":2.0,"enemies":"Snecko","floor":28.0,"turns":4.0},{"damage":31.0,"enemies":"Slavers","floor":29.0,"turns":8.0},{"damage":48.0,"enemies":"Automaton","floor":33.0,"turns":11.0},{"damage":0.0,"enemies":"Orb Walker","floor":35.0,"turns":4.0},{"damage":61,"enemies":"2 Orb Walkers","floor":36,"turns":6},{"damage":0,"enemies":"3 Darklings","floor":39,"turns":2},{"damage":7,"enemies":"Nemesis","floor":41,"turns":9},{"damage":8,"enemies":"Sphere and 2 Shapes","floor":44,"turns":7},{"damage":0,"enemies":"Giant Head","floor":46,"turns":9},{"damage":34,"enemies":"Donu and Deca","floor":50,"turns":10}],"seed_played":"-6798643382849279637","potions_obtained":[{"floor":5.0,"key":"FocusPotion"},{"floor":10.0,"key":"LiquidBronze"},{"floor":22.0,"key":"SmokeBomb"},{"floor":29.0,"key":"AttackPotion"},{"floor":33.0,"key":"Ancient Potion"},{"floor":44,"key":"FocusPotion"},{"floor":46,"key":"FocusPotion"}],"is_trial":false,"path_per_floor":["M","?","$","T","M","R","E","R","T","E","R","?","R","M","R","B",null,"M","?","?","$","M","R","E","M","T","$","M","E","R","?","R","B",null,"M","?","$","?","M","R","E","R","T","M","$","E","?","?","R","B",null],"character_chosen":"DEFECT","items_purchased":["Sunder","War Paint","SkillPotion","Weak Potion","AttackPotion","Energy Potion"],"campfire_rested":2,"item_purchase_floors":[3,21,21,37,45,45],"current_hp_per_floor":[59,59,59,59,58,58,49,49,49,40,40,40,40,44,70,47,79,86,86,86,86,84,84,59,72,72,72,91,80,80,80,80,44,79,81,22,22,22,24,51,66,66,66,80,80,93,93,93,93,59],"gold":0,"neow_bonus":"TWENTY_PERCENT_HP_BONUS","is_prod":false,"is_daily":false,"chose_seed":false,"campfire_upgraded":9,"win_rate":0,"timestamp":1553902713,"path_taken":["M","?","$","?","?","R","E","R","T","E","R","?","R","M","R","BOSS","M","?","?","$","M","R","E","?","T","?","M","E","R","?","R","BOSS","M","?","$","?","M","R","E","R","T","?","?","E","?","?","R","BOSS"],"build_version":"2019-01-23","purchased_purges":2,"victory":true,"max_hp_per_floor":[89,89,89,89,89,89,89,89,89,89,89,89,89,89,89,89,89,89,89,89,89,89,89,89,89,89,89,91,91,91,91,91,91,91,91,91,91,91,91,91,91,91,91,91,91,93,93,93,93,93],"card_choices":[{"not_picked":["Melter","Conserve Battery"],"picked":"Leap","floor":1.0},{"not_picked":["Streamline","Turbo"],"picked":"Self Repair","floor":5.0},{"not_picked":["All For One","BootSequence","Steam"],"picked":"SKIP","floor":7.0},{"not_picked":["Storm","Aggregate"],"picked":"Fusion","floor":10.0},{"not_picked":["Beam Cell","Gash"],"picked":"Cold Snap","floor":14.0},{"not_picked":["Multi-Cast","Core Surge"],"picked":"Echo Form","floor":16.0},{"not_picked":["Double Energy","Steam"],"picked":"Ball Lightning","floor":18.0},{"not_picked":["Redo","Heatsinks"],"picked":"Leap+1","floor":22.0},{"not_picked":["Barrage","Stack"],"picked":"Rebound","floor":24.0},{"not_picked":["Redo","Fusion"],"picked":"Buffer","floor":25.0},{"not_picked":["Steam+1","Cold Snap","Sweeping Beam+1"],"picked":"Singing Bowl","floor":28.0},{"not_picked":["Go for the Eyes","Compile Driver+1"],"picked":"Ball Lightning","floor":29.0},{"not_picked":["Meteor Strike","Reboot"],"picked":"Thunder Strike","floor":33.0},{"not_picked":["Go for the Eyes+1","Sweeping Beam+1"],"picked":"Hologram","floor":35.0},{"not_picked":["Hologram+1","Redo"],"picked":"Consume","floor":36},{"not_picked":["Machine Learning","Compile Driver+1"],"picked":"Defragment+1","floor":41},{"not_picked":["Self Repair","Compile Driver"],"picked":"Loop","floor":44},{"not_picked":["Fusion+1","Blizzard","Rip and Tear+1"],"picked":"Singing Bowl","floor":46}],"player_experience":235980,"relics_obtained":[{"floor":4.0,"key":"Bag of Preparation"},{"floor":7.0,"key":"Matryoshka"},{"floor":9.0,"key":"Vajra"},{"floor":9.0,"key":"DataDisk"},{"floor":10.0,"key":"Oddly Smooth Stone"},{"floor":24.0,"key":"Lantern"},{"floor":26.0,"key":"Blood Vial"},{"floor":26.0,"key":"Singing Bowl"},{"floor":29.0,"key":"Gremlin Horn"},{"floor":36,"key":"Calipers"},{"floor":41,"key":"Omamori"},{"floor":43,"key":"Du-Vu Doll"},{"floor":46,"key":"Anchor"}],"event_choices":[{"cards_removed":["Strike_B"],"damage_healed":0.0,"max_hp_gain":0.0,"max_hp_loss":0.0,"gold_gain":0.0,"event_name":"Bonfire Elementals","player_choice":"Offered Basic","floor":2.0,"gold_loss":0.0,"damage_taken":0.0},{"cards_removed":["Defend_B"],"damage_healed":0.0,"max_hp_gain":0.0,"max_hp_loss":0.0,"gold_gain":0.0,"event_name":"Purifier","player_choice":"Purged","floor":12.0,"gold_loss":0.0,"damage_taken":0.0},{"cards_removed":["Strike_B"],"damage_healed":0.0,"max_hp_gain":0.0,"max_hp_loss":0.0,"gold_gain":0.0,"event_name":"Beggar","player_choice":"Gave Gold","floor":19.0,"gold_loss":75.0,"damage_taken":0.0},{"damage_healed":0.0,"max_hp_gain":0.0,"max_hp_loss":0.0,"gold_gain":0.0,"event_name":"Upgrade Shrine","player_choice":"Upgraded","floor":20.0,"gold_loss":0.0,"damage_taken":0.0,"cards_upgraded":["Ball Lightning"]},{"damage_healed":0.0,"max_hp_gain":0.0,"max_hp_loss":0.0,"gold_gain":0.0,"event_name":"Vampires","player_choice":"Ignored","floor":31.0,"gold_loss":0.0,"damage_taken":0.0},{"damage_healed":0,"gold_gain":0,"player_choice":"Fight","damage_taken":0,"max_hp_gain":0,"max_hp_loss":0,"event_name":"Mysterious Sphere","floor":36,"gold_loss":0},{"damage_healed":0,"gold_gain":0,"player_choice":"1 cards matched","damage_taken":0,"max_hp_gain":0,"max_hp_loss":0,"event_name":"Match and Keep!","floor":38,"gold_loss":0,"cards_obtained":["Enlightenment"]},{"cards_removed":["Strike_B"],"damage_healed":0,"gold_gain":0,"player_choice":"Removed Attack","damage_taken":0,"max_hp_gain":0,"max_hp_loss":0,"event_name":"Falling","floor":47,"gold_loss":0},{"damage_healed":0,"gold_gain":0,"player_choice":"Paid","damage_taken":0,"relics_obtained":["Red Mask"],"max_hp_gain":0,"max_hp_loss":0,"event_name":"Tomb of Lord Red Mask","floor":48,"gold_loss":38}],"is_beta":false,"boss_relics":[{"not_picked":["Empty Cage","Calling Bell"],"picked":"FrozenCore"},{"not_picked":["Nuclear Battery","Coffee Dripper"],"picked":"Inserter"}],"items_purged_floors":[27,37],"is_endless":false,"potions_floor_spawned":[5,10,22,24,29,33,44,46],"ascension_level":8}