{"gold_per_floor":[112,287,314,314,42,68,68,68,68,99,99,112,132,156,156,275,275,298,223,123,123,123,146,146,159,182,196,321,362,16,16,16,136,136,161,161,176,20,40,84,9,33,112,112,130,130,155,171,171,171],"floor_reached":51,"playtime":1749,"items_purged":["Doubt","Strike_R","Strike_R","Defend_R"],"score":920,"play_id":"922372c1-9f7f-4c67-814b-24c70c3f6b0f","local_time":"20190508210527","is_ascension_mode":false,"campfire_choices":[{"data":"Bash","floor":7,"key":"SMITH"},{"data":"Entrench","floor":15,"key":"SMITH"},{"data":"Barricade","floor":24,"key":"SMITH"},{"data":"Battle Trance","floor":32,"key":"SMITH"},{"data":"Offering","floor":49,"key":"SMITH"}],"neow_cost":"NONE","seed_source_timestamp":385127144556800,"circlet_count":0,"master_deck":["Strike_R+1","Defend_R","Defend_R+1","Defend_R","Bash+1","Shrug It Off","Body Slam+1","Power Through","Pommel Strike+1","Entrench+1","Iron Wave+1","Barricade+1","Iron Wave+1","Shrug It Off","Battle Trance+1","Impervious","Offering+1","Second Wind+1","Pain"],"relics":["Burning Blood","NeowsBlessing","Boot","ClockworkSouvenir","Molten Egg 2","Golden Idol","Darkstone Periapt","Odd Mushroom","Coffee Dripper","Nilry\u0027s Codex","Regal Pillow","Torii","Meat on the Bone","Art of War","Membership Card","Sozu","Dead Branch","Bottled Lightning","Question Card","WarpedTongs"],"potions_floor_usage":[],"damage_taken":[{"damage":0,"enemies":"2 Louse","floor":1,"turns":1},{"damage":0,"enemies":"Gremlin Nob","floor":6,"turns":1},{"damage":0,"enemies":"The Mushroom Lair","floor":10,"turns":1},{"damage":1,"enemies":"Jaw Worm","floor":12,"turns":3},{"damage":0,"enemies":"Small Slimes","floor":13,"turns":3},{"damage":0,"enemies":"2 Fungi Beasts","floor":14,"turns":3},{"damage":63,"enemies":"Hexaghost","floor":16,"turns":11},{"damage":0,"enemies":"Spheric Guardian","floor":18,"turns":4},{"damage":0,"enemies":"Chosen","floor":23,"turns":4},{"damage":11,"enemies":"Shelled Parasite and Fungi","floor":25,"turns":5},{"damage":0,"enemies":"Snecko","floor":27,"turns":5},{"damage":0,"enemies":"Colosseum Slavers","floor":28,"turns":4},{"damage":18,"enemies":"Colosseum Nobs","floor":28,"turns":6},{"damage":7,"enemies":"Gremlin Leader","floor":29,"turns":5},{"damage":0,"enemies":"Champ","floor":33,"turns":6},{"damage":6,"enemies":"Orb Walker","floor":35,"turns":3},{"damage":0,"enemies":"3 Shapes","floor":37,"turns":6},{"damage":6,"enemies":"3 Darklings","floor":39,"turns":4},{"damage":6,"enemies":"Nemesis","floor":40,"turns":7},{"damage":12,"enemies":"Jaw Worm Horde","floor":42,"turns":4},{"damage":9,"enemies":"Transient","floor":45,"turns":5},{"damage":10,"enemies":"Writhing Mass","floor":47,"turns":4},{"damage":11,"enemies":"Maw","floor":48,"turns":7},{"damage":10,"enemies":"Time Eater","floor":50,"turns":7}],"seed_played":"350246685796415042","potions_obtained":[{"floor":6,"key":"FairyPotion"},{"floor":10,"key":"Dexterity Potion"},{"floor":12,"key":"Fire Potion"},{"floor":13,"key":"PowerPotion"}],"is_trial":false,"path_per_floor":["M","?","T","?","$","E","R","?","T","?","$","M","M","M","R","B",null,"M","?","$","?","?","M","R","M","T","M","?","E","$","?","R","B",null,"M","?","M","$","M","E","$","M","T","?","M","?","M","M","R","B",null],"character_chosen":"IRONCLAD","items_purchased":["ClockworkSouvenir","Membership Card","Impervious","Dead Branch"],"campfire_rested":0,"item_purchase_floors":[5,30,30,38],"current_hp_per_floor":[80,80,80,64,64,70,70,50,50,56,56,61,67,73,73,16,80,80,80,80,64,64,70,70,65,65,71,65,64,64,64,64,70,80,80,75,80,80,80,80,80,74,74,80,77,77,73,68,68,64],"gold":171,"neow_bonus":"THREE_ENEMY_KILL","is_prod":false,"is_daily":false,"chose_seed":false,"campfire_upgraded":5,"win_rate":0,"timestamp":1557367527,"path_taken":["M","?","?","?","$","E","R","?","T","?","?","M","?","M","R","BOSS","M","?","$","?","?","?","R","M","T","M","?","E","$","?","R","BOSS","M","?","M","$","M","E","$","M","T","?","?","?","M","M","R","BOSS"],"build_version":"2019-01-23","purchased_purges":4,"victory":true,"max_hp_per_floor":[80,80,80,80,80,80,80,80,80,80,80,80,80,80,80,80,80,80,80,80,80,80,80,80,80,80,80,80,80,80,80,80,80,80,80,80,80,80,80,80,80,80,80,86,86,86,86,86,86,86],"card_choices":[{"not_picked":["Sword Boomerang","Wild Strike"],"picked":"Shrug It Off","floor":1},{"not_picked":["Iron Wave","Pommel Strike"],"picked":"Body Slam","floor":6},{"not_picked":["Sword Boomerang+1","Evolve"],"picked":"Power Through","floor":10},{"not_picked":["Perfected Strike+1","Fire Breathing"],"picked":"Pommel Strike+1","floor":12},{"not_picked":["Clash+1","Headbutt+1"],"picked":"Entrench","floor":13},{"not_picked":["Sentinel","Armaments"],"picked":"Iron Wave+1","floor":14},{"not_picked":["Offering","Bludgeon+1"],"picked":"Barricade","floor":16},{"not_picked":["Feel No Pain","Corruption+1","Headbutt+1"],"picked":"SKIP","floor":18},{"not_picked":["Cleave+1","Dual Wield+1","Burning Pact"],"picked":"SKIP","floor":23},{"not_picked":["Clothesline+1","Bloodletting"],"picked":"Iron Wave+1","floor":25},{"not_picked":["Power Through","Flex+1"],"picked":"Shrug It Off","floor":27},{"not_picked":["Twin Strike+1","Sword Boomerang+1"],"picked":"Battle Trance","floor":28},{"not_picked":["Sword Boomerang+1","Hemokinesis+1","Evolve+1"],"picked":"SKIP","floor":29},{"not_picked":["Reaper+1","Berserk"],"picked":"Offering","floor":33},{"not_picked":["Sword Boomerang+1","Twin Strike+1","Disarm+1"],"picked":"SKIP","floor":35},{"not_picked":["Anger+1","Warcry","Shockwave+1"],"picked":"SKIP","floor":37},{"not_picked":["Hemokinesis+1","Dropkick+1","Anger+1"],"picked":"SKIP","floor":39},{"not_picked":["Rampage+1","Heavy Blade+1","Headbutt+1"],"picked":"SKIP","floor":40},{"not_picked":["Spot Weakness+1","Flex"],"picked":"Second Wind+1","floor":42},{"not_picked":["Shockwave+1","Thunderclap+1","Flame Barrier+1","Searing Blow+1"],"picked":"SKIP","floor":45},{"not_picked":["Iron Wave+1","Sword Boomerang+1","Spot Weakness+1","Intimidate+1"],"picked":"SKIP","floor":47},{"not_picked":["Seeing Red","Wild Strike+1","Twin Strike+1","Armaments"],"picked":"SKIP","floor":48}],"player_experience":214513,"relics_obtained":[{"floor":3,"key":"Boot"},{"floor":6,"key":"Molten Egg 2"},{"floor":9,"key":"Darkstone Periapt"},{"floor":10,"key":"Odd Mushroom"},{"floor":21,"key":"Nilry\u0027s Codex"},{"floor":26,"key":"Regal Pillow"},{"floor":28,"key":"Torii"},{"floor":28,"key":"Meat on the Bone"},{"floor":29,"key":"Art of War"},{"floor":40,"key":"Bottled Lightning"},{"floor":43,"key":"Question Card"}],"event_choices":[{"damage_healed":0,"gold_gain":175,"player_choice":"AGREE","damage_taken":0,"max_hp_gain":0,"max_hp_loss":0,"event_name":"Liars Game","floor":2,"gold_loss":0,"cards_obtained":["Doubt"]},{"damage_healed":0,"gold_gain":0,"player_choice":"Entered Light","damage_taken":16,"max_hp_gain":0,"max_hp_loss":0,"event_name":"Shining Light","floor":4,"gold_loss":0,"cards_upgraded":["Strike_R","Defend_R"]},{"damage_healed":0,"gold_gain":0,"player_choice":"Take Damage","damage_taken":20,"relics_obtained":["Golden Idol"],"max_hp_gain":0,"max_hp_loss":0,"event_name":"Golden Idol","floor":8,"gold_loss":0},{"damage_healed":0,"gold_gain":0,"player_choice":"Fought Mushrooms","damage_taken":0,"max_hp_gain":0,"max_hp_loss":0,"event_name":"Mushrooms","floor":10,"gold_loss":0},{"cards_removed":["Strike_R"],"damage_healed":0,"gold_gain":0,"player_choice":"Gave Gold","damage_taken":0,"max_hp_gain":0,"max_hp_loss":0,"event_name":"Beggar","floor":19,"gold_loss":75},{"damage_healed":0,"gold_gain":0,"player_choice":"Obtained Book","damage_taken":16,"max_hp_gain":0,"max_hp_loss":0,"event_name":"Cursed Tome","floor":21,"gold_loss":0},{"cards_removed":["Strike_R"],"damage_healed":0,"gold_gain":0,"player_choice":"Offered Basic","damage_taken":0,"max_hp_gain":0,"max_hp_loss":0,"event_name":"Bonfire Elementals","floor":22,"gold_loss":0},{"damage_healed":0,"gold_gain":0,"player_choice":"Fight","damage_taken":0,"max_hp_gain":0,"max_hp_loss":0,"event_name":"Colosseum","floor":28,"gold_loss":0},{"damage_healed":0,"gold_gain":0,"player_choice":"Fought Nobs","damage_taken":0,"max_hp_gain":0,"max_hp_loss":0,"event_name":"Colosseum","floor":28,"gold_loss":0},{"damage_healed":0,"gold_gain":0,"player_choice":"Ignored","damage_taken":0,"max_hp_gain":0,"max_hp_loss":0,"event_name":"Ghosts","floor":31,"gold_loss":0},{"damage_healed":0,"gold_gain":0,"player_choice":"Memory 2","damage_taken":5,"max_hp_gain":0,"max_hp_loss":0,"event_name":"SensoryStone","floor":36,"gold_loss":0},{"damage_healed":0,"gold_gain":0,"player_choice":"Rummage","damage_taken":0,"relics_obtained":["WarpedTongs"],"max_hp_gain":0,"max_hp_loss":0,"event_name":"Accursed Blacksmith","floor":44,"gold_loss":0,"cards_obtained":["Pain"]},{"damage_healed":0,"gold_gain":0,"player_choice":"Got Potions","damage_taken":0,"max_hp_gain":0,"max_hp_loss":0,"event_name":"Lab","floor":46,"gold_loss":0}],"is_beta":false,"boss_relics":[{"not_picked":["Ectoplasm","Black Star"],"picked":"Coffee Dripper"},{"not_picked":["Cursed Key","Black Blood"],"picked":"Sozu"}],"items_purged_floors":[5,20,30,41],"is_endless":false,"potions_floor_spawned":[6,10,12,13,28,29,33,35,40,42,47,48],"ascension_level":0}