{"gold_per_floor":[110,129,54,70,80,80,112,112,112,124,143,143,43,368,368,368],"floor_reached":16,"playtime":1164,"items_purged":["Strike_R","Strike_R"],"score":140,"play_id":"6c632f92-5c84-40a0-95d8-b2fea475aab4","local_time":"20190415223332","is_ascension_mode":true,"campfire_choices":[{"data":"Armaments","floor":6,"key":"SMITH"},{"data":"Barricade","floor":8,"key":"SMITH"},{"data":"Pommel Strike","floor":12,"key":"SMITH"},{"floor":15,"key":"REST"}],"neow_cost":"NONE","seed_source_timestamp":3576146554868222,"circlet_count":0,"master_deck":["Strike_R","Strike_R","Strike_R","Defend_R","Defend_R","Defend_R","Defend_R","Bash","Barricade+1","Pommel Strike+1","Heavy Blade","Armaments+1","Offering","Whirlwind","Inflame"],"relics":["Burning Blood","FossilizedHelix","Calipers","Old Coin"],"potions_floor_usage":[7,14],"damage_taken":[{"damage":6,"enemies":"Cultist","floor":1,"turns":3},{"damage":2,"enemies":"Jaw Worm","floor":2,"turns":3},{"damage":0,"enemies":"2 Louse","floor":4,"turns":3},{"damage":32,"enemies":"Exordium Thugs","floor":5,"turns":5},{"damage":20,"enemies":"Gremlin Nob","floor":7,"turns":4},{"damage":1,"enemies":"2 Fungi Beasts","floor":10,"turns":5},{"damage":0,"enemies":"Exordium Wildlife","floor":11,"turns":3},{"damage":62,"enemies":"Lagavulin","floor":14,"turns":9},{"damage":43,"enemies":"Hexaghost","floor":16,"turns":11}],"seed_played":"7332601705591063303","potions_obtained":[{"floor":4,"key":"Regen Potion"},{"floor":5,"key":"Explosive Potion"},{"floor":7,"key":"FairyPotion"}],"is_trial":false,"path_per_floor":["M","M","$","M","M","R","E","R","T","M","M","R","$","E","R","B"],"character_chosen":"IRONCLAD","items_purchased":[],"campfire_rested":1,"item_purchase_floors":[],"current_hp_per_floor":[80,80,80,80,54,54,52,52,52,57,63,63,63,7,31,0],"gold":368,"neow_bonus":"ONE_RANDOM_RARE_CARD","is_prod":false,"is_daily":false,"chose_seed":false,"campfire_upgraded":3,"win_rate":0,"timestamp":1555382012,"path_taken":["M","M","$","M","M","R","E","R","T","M","M","R","?","E","R","BOSS"],"build_version":"2019-01-23","purchased_purges":2,"victory":false,"max_hp_per_floor":[80,80,80,80,80,80,80,80,80,80,80,80,80,80,80,80],"card_choices":[{"not_picked":["Thunderclap","Havoc"],"picked":"Pommel Strike","floor":1},{"not_picked":["Pommel Strike","Thunderclap"],"picked":"Heavy Blade","floor":2},{"not_picked":["Perfected Strike","Intimidate"],"picked":"Armaments","floor":4},{"not_picked":["Brutality","Ghostly Armor","Havoc"],"picked":"SKIP","floor":5},{"not_picked":["Barricade","Thunderclap"],"picked":"Offering","floor":7},{"not_picked":["Shrug It Off","Heavy Blade"],"picked":"Whirlwind","floor":10},{"not_picked":["Headbutt","Sever Soul","Infernal Blade"],"picked":"SKIP","floor":11},{"not_picked":["Perfected Strike","Infernal Blade"],"picked":"Inflame","floor":14}],"player_experience":113229,"relics_obtained":[{"floor":7,"key":"FossilizedHelix"},{"floor":9,"key":"Calipers"},{"floor":14,"key":"Old Coin"}],"event_choices":[],"is_beta":false,"boss_relics":[],"items_purged_floors":[3,13],"is_endless":false,"potions_floor_spawned":[4,5,7],"killed_by":"Hexaghost","ascension_level":5}