{"gold_per_floor":[119,66,82,92,92,130,153,153,153,172,172,21,35,54,54,174,174,194,207,21,37,57,57,57,76,76,76,94,113,113,113],"floor_reached":31,"playtime":2580,"items_purged":[],"score":243,"play_id":"e133bbbc-5a21-47be-b023-0ab879b7618e","local_time":"20190305220824","is_ascension_mode":false,"campfire_choices":[{"floor":11,"key":"REST"},{"floor":15,"key":"REST"},{"floor":23,"key":"REST"}],"neow_cost":"PERCENT_DAMAGE","seed_source_timestamp":1459232438871500,"circlet_count":0,"master_deck":["Strike_B","Strike_B","Defend_B","Defend_B","Defend_B","Defend_B","Zap","Dualcast","Gash","Ball Lightning","Steam Power","Double Energy+1","Barrage","Gash","Sweeping Beam","Meteor Strike","Turbo","Coolheaded","Meteor Strike","Darkness","Sweeping Beam","The Bomb","Compile Driver","Go for the Eyes","Beam Cell","Ball Lightning","Meteor Strike"],"relics":["Cracked Core","Golden Idol","Happy Flower","Orichalcum","Fusion Hammer","MutagenicStrength","Vajra"],"potions_floor_usage":[6,7,16,16,29,30,30,30],"damage_taken":[{"damage":0,"enemies":"Small Slimes","floor":1,"turns":3},{"damage":2,"enemies":"2 Louse","floor":3,"turns":2},{"damage":1,"enemies":"Jaw Worm","floor":4,"turns":3},{"damage":16,"enemies":"Lagavulin","floor":6,"turns":5},{"damage":17,"enemies":"Gremlin Gang","floor":7,"turns":3},{"damage":0,"enemies":"Exordium Thugs","floor":10,"turns":3},{"damage":6,"enemies":"Exordium Wildlife","floor":13,"turns":3},{"damage":0,"enemies":"Large Slime","floor":14,"turns":4},{"damage":25,"enemies":"The Guardian","floor":16,"turns":8},{"damage":0,"enemies":"Spheric Guardian","floor":18,"turns":1},{"damage":10,"enemies":"Shell Parasite","floor":19,"turns":4},{"damage":23,"enemies":"Centurion and Healer","floor":21,"turns":6},{"damage":31,"enemies":"Snake Plant","floor":22,"turns":3},{"damage":0,"enemies":"3 Cultists","floor":25,"turns":3},{"damage":5,"enemies":"Snecko","floor":28,"turns":3},{"damage":4,"enemies":"Cultist and Chosen","floor":29,"turns":3},{"damage":6,"enemies":"Colosseum Slavers","floor":30,"turns":4},{"damage":16,"enemies":"Snake Plant","floor":31,"turns":1}],"seed_played":"5333101507851393622","potions_obtained":[{"floor":3,"key":"PowerPotion"},{"floor":4,"key":"Strength Potion"},{"floor":7,"key":"Explosive Potion"},{"floor":14,"key":"SkillPotion"},{"floor":16,"key":"SpeedPotion"},{"floor":19,"key":"GamblersBrew"},{"floor":28,"key":"Fire Potion"},{"floor":29,"key":"Block Potion"}],"is_trial":false,"path_per_floor":["M","$","M","M","?","E","M","?","T","M","R","$","M","M","R","B",null,"M","M","$","M","M","R","?","M","T","?","M","M","?","M"],"character_chosen":"DEFECT","items_purchased":["Ball Lightning","Meteor Strike","The Bomb"],"campfire_rested":3,"item_purchase_floors":[2,12,20],"current_hp_per_floor":[54,54,52,51,51,35,18,18,18,18,38,38,32,32,52,27,69,69,59,59,36,5,25,25,25,25,25,20,16,10,0],"gold":113,"neow_bonus":"REMOVE_TWO","is_prod":false,"is_daily":false,"chose_seed":false,"campfire_upgraded":0,"win_rate":0,"timestamp":1551845304,"path_taken":["M","$","M","M","?","E","M","?","T","M","R","$","M","M","R","BOSS","M","M","$","M","M","R","?","M","T","?","M","M","?","M"],"build_version":"2019-01-23","purchased_purges":0,"victory":false,"max_hp_per_floor":[75,75,75,75,69,69,69,69,69,69,69,69,69,69,69,69,69,69,69,69,69,69,69,69,69,69,69,69,69,69,69],"card_choices":[{"not_picked":["Hologram","Conserve Battery"],"picked":"Gash","floor":1},{"not_picked":["Sweeping Beam","Glacier"],"picked":"Steam Power","floor":3},{"not_picked":["Barrage","Melter"],"picked":"Double Energy","floor":4},{"not_picked":["Rebound","Sweeping Beam"],"picked":"Barrage","floor":6},{"not_picked":["Lockon","Stack"],"picked":"Gash","floor":7},{"not_picked":["Melter","Hyperbeam"],"picked":"Sweeping Beam","floor":10},{"not_picked":["Recycle","Lockon"],"picked":"Turbo","floor":13},{"not_picked":["Steam","Static Discharge"],"picked":"Coolheaded","floor":14},{"not_picked":["Creative AI","Fission"],"picked":"Meteor Strike","floor":16},{"not_picked":["Defragment","Barrage"],"picked":"Darkness","floor":18},{"not_picked":["Conserve Battery","White Noise"],"picked":"Sweeping Beam","floor":19},{"not_picked":["Steam+1","Coolheaded"],"picked":"Compile Driver","floor":21},{"not_picked":["Redo","Hologram"],"picked":"Go for the Eyes","floor":22},{"not_picked":["Reinforced Body","Ball Lightning+1"],"picked":"Beam Cell","floor":25},{"not_picked":["Beam Cell","Chaos"],"picked":"Ball Lightning","floor":28},{"not_picked":["Sweeping Beam","Turbo+1"],"picked":"Meteor Strike","floor":29}],"player_experience":93844,"relics_obtained":[{"floor":6,"key":"Happy Flower"},{"floor":9,"key":"Orichalcum"},{"floor":26,"key":"Vajra"}],"event_choices":[{"damage_healed":0,"gold_gain":0,"player_choice":"Lose Max HP","damage_taken":0,"relics_obtained":["Golden Idol"],"max_hp_gain":0,"max_hp_loss":6,"event_name":"Golden Idol","floor":5,"gold_loss":0},{"damage_healed":0,"gold_gain":0,"player_choice":"Grow","damage_taken":0,"max_hp_gain":0,"max_hp_loss":0,"event_name":"Living Wall","floor":8,"gold_loss":0,"cards_upgraded":["Double Energy"]},{"damage_healed":0,"gold_gain":0,"player_choice":"Inject Mutagens","damage_taken":0,"relics_obtained":["MutagenicStrength"],"max_hp_gain":0,"max_hp_loss":0,"event_name":"Drug Dealer","floor":24,"gold_loss":0},{"damage_healed":0,"gold_gain":0,"player_choice":"Ignored","damage_taken":0,"max_hp_gain":0,"max_hp_loss":0,"event_name":"Ghosts","floor":27,"gold_loss":0},{"damage_healed":0,"gold_gain":0,"player_choice":"Fight","damage_taken":0,"max_hp_gain":0,"max_hp_loss":0,"event_name":"Colosseum","floor":30,"gold_loss":0},{"damage_healed":0,"gold_gain":0,"player_choice":"Fled From Nobs","damage_taken":0,"max_hp_gain":0,"max_hp_loss":0,"event_name":"Colosseum","floor":30,"gold_loss":0}],"is_beta":false,"boss_relics":[{"not_picked":["Ectoplasm","Pandora\u0027s Box"],"picked":"Fusion Hammer"}],"items_purged_floors":[],"is_endless":false,"potions_floor_spawned":[3,4,7,14,16,19,28,29],"killed_by":"Snake Plant","ascension_level":0}