{"gold_per_floor":[112,12,24,24,44,44,56,56,56,87,18,18,30,61,61,160,160,175,75,75,75,87,87,117,117,117,117,142,142,175,186,186,282,282,300,175,175,187,198,232,70,70,70,82,82,102,119,119,131,143],"floor_reached":50,"playtime":4376,"items_purged":["Defend_G","Strike_G","Strike_G"],"score":593,"play_id":"02237e91-af4f-41fe-b041-cced786d0667","local_time":"20190221232545","is_ascension_mode":false,"campfire_choices":[{"data":"Accuracy","floor":6,"key":"SMITH"},{"data":"Cloak And Dagger","floor":8,"key":"SMITH"},{"floor":12,"key":"REST"},{"floor":15,"key":"REST"},{"data":"Storm of Steel","floor":23,"key":"SMITH"},{"floor":25,"key":"REST"},{"data":"Accuracy","floor":27,"key":"SMITH"},{"data":"Blade Dance","floor":32,"key":"SMITH"},{"floor":42,"key":"REST"},{"floor":49,"key":"REST"}],"neow_cost":"NONE","seed_source_timestamp":425245172947200,"circlet_count":0,"master_deck":["Defend_G","Defend_G","Defend_G","Defend_G","Strike_G","Strike_G","Survivor","Neutralize","Accuracy+1","Cloak And Dagger+1","Deadly Poison","Blade Dance+1","Poisoned Stab","Accuracy+1","Backflip","Cloak And Dagger","Storm of Steel+1","Poisoned Stab","Blade Dance+1","Tools of the Trade","Prepared+1","Quick Slash+1","Terror","Adrenaline","Distraction+1","After Image","Apotheosis","Accuracy+1","Accuracy"],"relics":["Ring of the Snake","Dodecahedron","The Specimen","Sundial","Runic Pyramid","Meat on the Bone","Letter Opener","Red Mask","Pantograph","Bottled Flame","Lizard Tail","Ginger","Centennial Puzzle","MawBank"],"potions_floor_usage":[10,16,24,28,33,39,40,40,50],"damage_taken":[{"damage":0,"enemies":"Cultist","floor":1,"turns":3},{"damage":2,"enemies":"Jaw Worm","floor":3,"turns":5},{"damage":0,"enemies":"2 Louse","floor":5,"turns":3},{"damage":2,"enemies":"Blue Slaver","floor":7,"turns":3},{"damage":30,"enemies":"3 Sentries","floor":10,"turns":9},{"damage":15,"enemies":"Exordium Thugs","floor":13,"turns":5},{"damage":13,"enemies":"Lagavulin","floor":14,"turns":6},{"damage":0,"enemies":"Slime Boss","floor":16,"turns":8},{"damage":0,"enemies":"Spheric Guardian","floor":18,"turns":2},{"damage":12,"enemies":"Colosseum Slavers","floor":20,"turns":3},{"damage":1,"enemies":"Chosen","floor":22,"turns":4},{"damage":41,"enemies":"Slavers","floor":24,"turns":4},{"damage":9,"enemies":"Masked Bandits","floor":28,"turns":3},{"damage":10,"enemies":"Gremlin Leader","floor":30,"turns":4},{"damage":10,"enemies":"Shelled Parasite and Fungi","floor":31,"turns":3},{"damage":41,"enemies":"Champ","floor":33,"turns":8},{"damage":17,"enemies":"3 Shapes","floor":35,"turns":3},{"damage":7,"enemies":"Orb Walker","floor":38,"turns":4},{"damage":21,"enemies":"Writhing Mass","floor":39,"turns":4},{"damage":48,"enemies":"Reptomancer","floor":40,"turns":5},{"damage":18,"enemies":"3 Darklings","floor":44,"turns":3},{"damage":18,"enemies":"Jaw Worm Horde","floor":46,"turns":4},{"damage":7,"enemies":"Transient","floor":47,"turns":5},{"damage":77,"enemies":"Awakened One","floor":50,"turns":6}],"seed_played":"-3589478656863376326","potions_obtained":[{"floor":7,"key":"Weak Potion"},{"floor":13,"key":"Strength Potion"},{"floor":14,"key":"SkillPotion"},{"floor":24,"key":"AttackPotion"},{"floor":30,"key":"LiquidBronze"},{"floor":33,"key":"FearPotion"},{"floor":35,"key":"Block Potion"},{"floor":39,"key":"Poison Potion"},{"floor":44,"key":"Swift Potion"}],"is_trial":false,"path_per_floor":["M","$","M","?","M","R","M","R","T","E","$","R","M","E","R","B",null,"M","$","?","$","M","R","E","R","T","R","?","T","E","M","R","B",null,"M","$","?","M","M","E","$","R","T","M","?","M","M","T","R","B"],"character_chosen":"THE_SILENT","items_purchased":["Cloak And Dagger","Accuracy","Apotheosis"],"campfire_rested":5,"item_purchase_floors":[2,11,41],"current_hp_per_floor":[77,77,75,68,68,68,66,66,66,36,36,59,44,31,54,54,77,77,77,65,65,64,64,23,46,46,46,49,49,39,41,41,37,77,60,60,60,53,44,50,50,73,73,55,55,37,42,42,63,0],"gold":143,"neow_bonus":"TEN_PERCENT_HP_BONUS","is_prod":false,"is_daily":false,"chose_seed":false,"campfire_upgraded":5,"win_rate":0,"timestamp":1550813145,"path_taken":["M","?","M","?","M","R","M","R","T","E","$","R","M","E","R","BOSS","M","$","?","$","M","R","E","R","T","R","?","?","E","?","R","BOSS","M","$","?","M","M","E","$","R","T","M","?","M","M","?","R","BOSS"],"build_version":"2019-01-23","purchased_purges":3,"victory":false,"max_hp_per_floor":[77,77,77,77,77,77,77,77,77,77,77,77,77,77,77,77,77,77,77,77,77,77,77,77,77,77,77,77,77,77,77,77,77,77,77,77,77,77,77,77,77,77,77,77,73,73,73,73,73,73],"card_choices":[{"not_picked":["Acrobatics","Prepared"],"picked":"Accuracy","floor":1},{"not_picked":["Slice","PiercingWail"],"picked":"Deadly Poison","floor":3},{"not_picked":["Prepared","Dash"],"picked":"Blade Dance","floor":5},{"not_picked":["Underhanded Strike","Deflect","Heel Hook"],"picked":"SKIP","floor":7},{"not_picked":["Dagger Spray","Glass Knife"],"picked":"Poisoned Stab","floor":10},{"not_picked":["Caltrops","Dodge and Roll"],"picked":"Backflip","floor":13},{"not_picked":["PiercingWail","Backstab"],"picked":"Cloak And Dagger","floor":14},{"not_picked":["Wraith Form v2","Burst"],"picked":"Storm of Steel","floor":16},{"not_picked":["Dodge and Roll","Underhanded Strike"],"picked":"Poisoned Stab","floor":18},{"not_picked":["Deadly Poison","Backflip"],"picked":"Blade Dance+1","floor":22},{"not_picked":["PiercingWail+1","Flying Knee"],"picked":"Tools of the Trade","floor":24},{"not_picked":["Bouncing Flask","Flying Knee"],"picked":"Prepared+1","floor":28},{"not_picked":["Footwork","Leg Sweep"],"picked":"Quick Slash+1","floor":30},{"not_picked":["Blade Dance","Prepared"],"picked":"Terror","floor":31},{"not_picked":["Night Terror","Corpse Explosion"],"picked":"Adrenaline","floor":33},{"not_picked":["Deadly Poison+1","Quick Slash","Dagger Spray+1"],"picked":"SKIP","floor":35},{"not_picked":["Finisher+1","Well Laid Plans","Deadly Poison+1"],"picked":"SKIP","floor":38},{"not_picked":["Catalyst+1","Outmaneuver"],"picked":"Distraction+1","floor":39},{"not_picked":["Quick Slash+1","Expertise"],"picked":"After Image","floor":40},{"not_picked":["Deadly Poison","Quick Slash+1"],"picked":"Accuracy+1","floor":44},{"not_picked":["Endless Agony","Blur+1"],"picked":"Accuracy","floor":46},{"not_picked":["PiercingWail+1","Well Laid Plans","Deadly Poison"],"picked":"SKIP","floor":47}],"player_experience":60178,"relics_obtained":[{"floor":9,"key":"Dodecahedron"},{"floor":10,"key":"The Specimen"},{"floor":14,"key":"Sundial"},{"floor":24,"key":"Meat on the Bone"},{"floor":26,"key":"Letter Opener"},{"floor":28,"key":"Red Mask"},{"floor":29,"key":"Pantograph"},{"floor":30,"key":"Bottled Flame"},{"floor":40,"key":"Ginger"},{"floor":43,"key":"Centennial Puzzle"},{"floor":48,"key":"MawBank"}],"event_choices":[{"cards_removed":["Strike_G"],"damage_healed":0,"gold_gain":0,"player_choice":"Card Removal","damage_taken":7,"max_hp_gain":0,"max_hp_loss":0,"event_name":"Golden Wing","floor":4,"gold_loss":0},{"damage_healed":0,"gold_gain":0,"player_choice":"Fight","damage_taken":0,"max_hp_gain":0,"max_hp_loss":0,"event_name":"Colosseum","floor":20,"gold_loss":0},{"damage_healed":0,"gold_gain":0,"player_choice":"Fled From Nobs","damage_taken":0,"max_hp_gain":0,"max_hp_loss":0,"event_name":"Colosseum","floor":20,"gold_loss":0},{"damage_healed":0,"gold_gain":0,"player_choice":"Fought Bandits","damage_taken":0,"max_hp_gain":0,"max_hp_loss":0,"event_name":"Masked Bandits","floor":28,"gold_loss":0},{"damage_healed":0,"gold_gain":0,"player_choice":"Ignored","damage_taken":0,"max_hp_gain":0,"max_hp_loss":0,"event_name":"Mysterious Sphere","floor":37,"gold_loss":0},{"damage_healed":0,"gold_gain":0,"player_choice":"Max HP","damage_taken":0,"max_hp_gain":0,"max_hp_loss":4,"event_name":"Winding Halls","floor":45,"gold_loss":0}],"is_beta":false,"boss_relics":[{"not_picked":["Sozu","White Beast Statue"],"picked":"Runic Pyramid"},{"not_picked":["Tiny House","Eternal Feather"],"picked":"Lizard Tail"}],"items_purged_floors":[2,19,36],"is_endless":false,"potions_floor_spawned":[7,13,14,20,24,30,33,35,39,44],"killed_by":"Awakened One","ascension_level":0}