{"gold_per_floor":[13,13,27,39,53,53,87,87,87,98,124,142,142,160,160,237,237,250,261,261,280,291,291,311,374,374,387,387,387,400,40,40,111,111,127,127,137,155,172,172,172,172],"floor_reached":42,"playtime":2628,"items_purged":["Strike_R"],"score":878,"play_id":"1f0060ec-1e43-40e6-8d9e-7c519bd00644","local_time":"20190509175831","is_ascension_mode":true,"campfire_choices":[{"data":"Clothesline","floor":6.0,"key":"SMITH"},{"data":"Bash","floor":8.0,"key":"SMITH"},{"data":"Flame Barrier","floor":15.0,"key":"SMITH"},{"data":"Barricade","floor":23.0,"key":"SMITH"},{"floor":29.0,"key":"REST"},{"floor":32.0,"key":"REST"},{"floor":40.0,"key":"REST"}],"neow_cost":"NO_GOLD","seed_source_timestamp":429990662574651,"circlet_count":0,"master_deck":["AscendersBane","Strike_R","Strike_R","Strike_R","Defend_R","Defend_R","Defend_R","Defend_R","Bash+1","Flame Barrier+1","Bludgeon","Clothesline+1","Anger","Feed","Rupture","Cleave","Combust","Twin Strike","Seeing Red","Barricade+1","Warcry+1","Uppercut+1","Metallicize","Shockwave","Shrug It Off","Disarm+1","Shrug It Off","Corruption","Impervious"],"special_seed":0,"relics":["Burning Blood","FossilizedHelix","Bronze Scales","Bag of Marbles","Sundial","Matryoshka","Sozu","Tiny Chest","Omamori","Bottled Flame","NlothsMask","Oddly Smooth Stone","Busted Crown","Pear"],"potions_floor_usage":[],"damage_taken":[{"damage":2.0,"enemies":"Jaw Worm","floor":1.0,"turns":4.0},{"damage":0.0,"enemies":"Cultist","floor":3.0,"turns":3.0},{"damage":0.0,"enemies":"Small Slimes","floor":4.0,"turns":2.0},{"damage":8.0,"enemies":"Looter","floor":5.0,"turns":3.0},{"damage":15.0,"enemies":"Lagavulin","floor":7.0,"turns":5.0},{"damage":0.0,"enemies":"Red Slaver","floor":10.0,"turns":2.0},{"damage":0.0,"enemies":"Gremlin Nob","floor":11.0,"turns":3.0},{"damage":13.0,"enemies":"Blue Slaver","floor":12.0,"turns":2.0},{"damage":0.0,"enemies":"Exordium Thugs","floor":14.0,"turns":3.0},{"damage":35.0,"enemies":"The Guardian","floor":16.0,"turns":7.0},{"damage":15.0,"enemies":"Shell Parasite","floor":18.0,"turns":4.0},{"damage":0.0,"enemies":"Chosen","floor":19.0,"turns":3.0},{"damage":15.0,"enemies":"Centurion and Healer","floor":21.0,"turns":7.0},{"damage":14.0,"enemies":"Chosen and Byrds","floor":22.0,"turns":5.0},{"damage":22.0,"enemies":"Shelled Parasite and Fungi","floor":24.0,"turns":6.0},{"damage":27.0,"enemies":"Book of Stabbing","floor":25.0,"turns":5.0},{"damage":9.0,"enemies":"Centurion and Healer","floor":27.0,"turns":4.0},{"damage":16.0,"enemies":"Snake Plant","floor":30.0,"turns":2.0},{"damage":48.0,"enemies":"Collector","floor":33.0,"turns":12.0},{"damage":0.0,"enemies":"Orb Walker","floor":35.0,"turns":3.0},{"damage":38.0,"enemies":"3 Darklings","floor":37.0,"turns":8.0},{"damage":22.0,"enemies":"Sphere and 2 Shapes","floor":38.0,"turns":7.0},{"damage":0.0,"enemies":"4 Shapes","floor":39.0,"turns":15.0},{"damage":93,"enemies":"Giant Head","floor":42,"turns":8}],"seed_played":"-4117361929640810579","potions_obtained":[{"floor":1.0,"key":"Swift Potion"},{"floor":4.0,"key":"LiquidBronze"},{"floor":11.0,"key":"LiquidBronze"},{"floor":14.0,"key":"Energy Potion"}],"is_trial":false,"path_per_floor":["M","?","M","M","M","R","E","R","T","M","E","M","T","M","R","B",null,"M","M","?","M","M","R","M","E","T","M","?","R","M","$","R","B",null,"M","T","M","M","M","R","?","E"],"character_chosen":"IRONCLAD","items_purchased":["Shrug It Off","Oddly Smooth Stone","Corruption"],"campfire_rested":3,"item_purchase_floors":[31,31,31],"current_hp_per_floor":[72,72,75,75,73,73,64,64,64,70,78,74,74,80,80,51,74,65,71,66,60,52,52,36,15,15,12,12,37,27,27,52,10,66,75,85,53,37,43,72,72,0],"gold":172,"neow_bonus":"ONE_RARE_RELIC","is_prod":false,"is_daily":false,"chose_seed":false,"campfire_upgraded":4,"win_rate":0,"timestamp":1557439111,"path_taken":["M","?","M","M","M","R","E","R","T","?","E","M","?","M","R","BOSS","M","M","?","M","?","R","M","E","T","M","?","R","M","$","R","BOSS","M","?","M","M","M","R","?","E"],"build_version":"2019-01-23","purchased_purges":1,"victory":false,"max_hp_per_floor":[75,75,75,75,75,75,75,75,75,75,78,81,81,81,81,81,81,81,81,81,84,84,84,84,84,84,84,84,84,84,84,84,84,84,87,97,97,97,97,97,97,97],"card_choices":[{"not_picked":["Twin Strike","Havoc"],"picked":"Flame Barrier","floor":1.0},{"not_picked":["Heavy Blade","Warcry"],"picked":"Clothesline","floor":3.0},{"not_picked":["Clash","True Grit"],"picked":"Anger","floor":4.0},{"not_picked":["Shrug It Off","Whirlwind"],"picked":"Feed","floor":5.0},{"not_picked":["Warcry","Havoc"],"picked":"Rupture","floor":7.0},{"not_picked":["Body Slam","Pommel Strike"],"picked":"Cleave","floor":10.0},{"not_picked":["Dark Embrace","Clash"],"picked":"Combust","floor":11.0},{"not_picked":["Heavy Blade","Thunderclap"],"picked":"Twin Strike","floor":12.0},{"not_picked":["Wild Strike","Bloodletting"],"picked":"Seeing Red","floor":14.0},{"not_picked":["Reaper","Offering"],"picked":"Barricade","floor":16.0},{"not_picked":["Twin Strike","Rage"],"picked":"Warcry+1","floor":18.0},{"not_picked":["Cleave","Second Wind","Perfected Strike"],"picked":"SKIP","floor":19.0},{"not_picked":["Dropkick","Inflame"],"picked":"Uppercut+1","floor":21.0},{"not_picked":["Anger+1","Wild Strike"],"picked":"Metallicize","floor":22.0},{"not_picked":["Metallicize","Reckless Charge"],"picked":"Shockwave","floor":24.0},{"not_picked":["Feel No Pain","Uppercut+1"],"picked":"Shrug It Off","floor":25.0},{"not_picked":["Infernal Blade","Cleave"],"picked":"Disarm+1","floor":27.0},{"not_picked":["Cleave","Combust","Sword Boomerang"],"picked":"SKIP","floor":30.0},{"not_picked":["Feed","Demon Form"],"picked":"Impervious","floor":33.0},{"not_picked":["Havoc"],"picked":"SKIP","floor":35.0},{"not_picked":["Anger"],"picked":"SKIP","floor":37.0},{"not_picked":["Sword Boomerang"],"picked":"SKIP","floor":38.0},{"not_picked":["Hemokinesis"],"picked":"SKIP","floor":39.0}],"player_experience":467250,"relics_obtained":[{"floor":7.0,"key":"Bronze Scales"},{"floor":9.0,"key":"Bag of Marbles"},{"floor":11.0,"key":"Sundial"},{"floor":13.0,"key":"Matryoshka"},{"floor":25.0,"key":"Tiny Chest"},{"floor":26.0,"key":"Omamori"},{"floor":26.0,"key":"Bottled Flame"},{"floor":36.0,"key":"Pear"}],"event_choices":[{"damage_healed":0.0,"max_hp_gain":0.0,"max_hp_loss":0.0,"gold_gain":0.0,"cards_transformed":["Strike_R"],"event_name":"Transmorgrifier","player_choice":"Transformed","floor":2.0,"gold_loss":0.0,"damage_taken":0.0,"cards_obtained":["Bludgeon"]},{"damage_healed":0.0,"max_hp_gain":0.0,"max_hp_loss":0.0,"gold_gain":0.0,"event_name":"The Woman in Blue","player_choice":"Bought 0 Potions","floor":20.0,"gold_loss":0.0,"damage_taken":0.0},{"damage_healed":0.0,"max_hp_gain":0.0,"max_hp_loss":0.0,"gold_gain":0.0,"event_name":"FaceTrader","player_choice":"Trade","floor":28.0,"gold_loss":0.0,"damage_taken":0.0,"relics_obtained":["NlothsMask"]},{"damage_healed":0.0,"max_hp_gain":0.0,"max_hp_loss":0.0,"gold_gain":0.0,"event_name":"Mysterious Sphere","player_choice":"Ignored","floor":41.0,"gold_loss":0.0,"damage_taken":0.0}],"is_beta":false,"boss_relics":[{"not_picked":["Eternal Feather","Runic Dome"],"picked":"Sozu"},{"not_picked":["Pandora\u0027s Box","Empty Cage"],"picked":"Busted Crown"}],"items_purged_floors":[31],"is_endless":false,"potions_floor_spawned":[1,4,11,12,14,18,22,30,33,38,39],"killed_by":"Giant Head","ascension_level":17}