{"gold_per_floor":[113,113,63,138,55,84,84,95,165,183,31,31,63,63,63,163,163,178,278,296,310,310,310,310],"floor_reached":24,"playtime":2729,"items_purged":[],"score":318,"play_id":"d4665f6c-e5f5-4f8d-b9a4-2ccb9ac70db1","local_time":"20190518203521","is_ascension_mode":true,"campfire_choices":[{"data":"Armaments","floor":12.0,"key":"SMITH"},{"data":"Demon Form","floor":15.0,"key":"SMITH"},{"data":"Exhume","floor":23,"key":"SMITH"}],"neow_cost":"NONE","seed_source_timestamp":0,"circlet_count":0,"master_deck":["Strike_R+1","Strike_R","Strike_R","Strike_R","Defend_R","Defend_R","Defend_R","Defend_R","Bash+1","Good Instincts","Armaments+1","Demon Form+1","Seeing Red+1","Exhume+1","Heavy Blade"],"special_seed":0,"relics":["Burning Blood","NeowsBlessing","Champion Belt","Centennial Puzzle","Pear","Ornamental Fan","Sozu","Bird Faced Urn","Self Forming Clay","Ginger"],"potions_floor_usage":[],"damage_taken":[{"damage":0.0,"enemies":"Jaw Worm","floor":1.0,"turns":1.0},{"damage":0.0,"enemies":"3 Sentries","floor":6.0,"turns":1.0},{"damage":0.0,"enemies":"2 Louse","floor":8.0,"turns":1.0},{"damage":0.0,"enemies":"Small Slimes","floor":10.0,"turns":3.0},{"damage":18.0,"enemies":"Lagavulin","floor":13.0,"turns":8.0},{"damage":28.0,"enemies":"Slime Boss","floor":16.0,"turns":9.0},{"damage":12.0,"enemies":"2 Thieves","floor":18.0,"turns":4.0},{"damage":14.0,"enemies":"Colosseum Slavers","floor":19.0,"turns":6.0},{"damage":25.0,"enemies":"Colosseum Nobs","floor":19.0,"turns":6.0},{"damage":8.0,"enemies":"Shell Parasite","floor":20.0,"turns":4.0},{"damage":10,"enemies":"3 Cultists","floor":21,"turns":6},{"damage":43,"enemies":"Book of Stabbing","floor":24,"turns":5}],"seed_played":"5229678946785405167","potions_obtained":[{"floor":1.0,"key":"GamblersBrew"},{"floor":8.0,"key":"Energy Potion"},{"floor":16.0,"key":"Strength Potion"}],"is_trial":false,"path_per_floor":["M","?","?","?","$","E","?","M","T","M","$","R","E","?","R","B",null,"M","?","M","M","T","R","E"],"character_chosen":"IRONCLAD","items_purchased":["Good Instincts","Demon Form"],"campfire_rested":0,"item_purchase_floors":[5,11],"current_hp_per_floor":[78,62,62,51,51,57,45,51,61,67,67,67,55,55,55,33,76,70,43,43,41,41,41,0],"gold":310,"neow_bonus":"THREE_ENEMY_KILL","is_prod":false,"is_daily":false,"chose_seed":false,"campfire_upgraded":3,"win_rate":0,"timestamp":1558236921,"path_taken":["M","?","?","?","$","E","?","?","T","M","?","R","E","?","R","BOSS","M","?","M","M","?","R","E"],"build_version":"2019-01-23","purchased_purges":0,"victory":false,"max_hp_per_floor":[80,80,80,80,80,80,80,80,90,90,90,90,90,90,90,90,90,90,90,90,90,90,90,90],"card_choices":[{"not_picked":["Flex","Heavy Blade","Disarm"],"picked":"SKIP","floor":1.0},{"not_picked":["Brutality","Intimidate","Sword Boomerang"],"picked":"SKIP","floor":6.0},{"not_picked":["Flex","Iron Wave"],"picked":"Armaments","floor":8.0},{"not_picked":["Armaments","Power Through","Iron Wave"],"picked":"SKIP","floor":10.0},{"not_picked":["Armaments","Evolve"],"picked":"Seeing Red","floor":13.0},{"not_picked":["Berserk","Juggernaut"],"picked":"Exhume","floor":16.0},{"not_picked":["Second Wind+1","Thunderclap","True Grit"],"picked":"SKIP","floor":18.0},{"not_picked":["Twin Strike","Anger+1"],"picked":"Heavy Blade","floor":19.0},{"not_picked":["Cleave","Second Wind+1","Fire Breathing"],"picked":"SKIP","floor":20.0},{"not_picked":["Immolate","Dual Wield","Rampage+1"],"picked":"SKIP","floor":21}],"player_experience":233802,"relics_obtained":[{"floor":6.0,"key":"Champion Belt"},{"floor":9.0,"key":"Pear"},{"floor":13.0,"key":"Ornamental Fan"},{"floor":19.0,"key":"Bird Faced Urn"},{"floor":19.0,"key":"Self Forming Clay"},{"floor":22,"key":"Ginger"}],"event_choices":[{"damage_healed":0.0,"max_hp_gain":0.0,"max_hp_loss":0.0,"gold_gain":0.0,"event_name":"Shining Light","player_choice":"Entered Light","floor":2.0,"gold_loss":0.0,"damage_taken":16.0,"cards_upgraded":["Bash","Strike_R"]},{"cards_removed":["Strike_R"],"damage_healed":0.0,"max_hp_gain":0.0,"max_hp_loss":0.0,"gold_gain":0.0,"event_name":"The Cleric","player_choice":"Card Removal","floor":3.0,"gold_loss":50.0,"damage_taken":0.0},{"damage_healed":0.0,"max_hp_gain":0.0,"max_hp_loss":0.0,"gold_gain":75.0,"event_name":"World of Goop","player_choice":"Gather Gold","floor":4.0,"gold_loss":0.0,"damage_taken":11.0},{"damage_healed":0.0,"max_hp_gain":0.0,"max_hp_loss":0.0,"gold_gain":0.0,"event_name":"Scrap Ooze","player_choice":"Success","floor":7.0,"gold_loss":0.0,"damage_taken":12.0,"relics_obtained":["Centennial Puzzle"]},{"damage_healed":0.0,"max_hp_gain":0.0,"max_hp_loss":0.0,"gold_gain":0.0,"event_name":"Living Wall","player_choice":"Grow","floor":14.0,"gold_loss":0.0,"damage_taken":0.0,"cards_upgraded":["Seeing Red"]},{"damage_healed":0.0,"max_hp_gain":0.0,"max_hp_loss":0.0,"gold_gain":0.0,"event_name":"Colosseum","player_choice":"Fight","floor":19.0,"gold_loss":0.0,"damage_taken":0.0},{"damage_healed":0.0,"max_hp_gain":0.0,"max_hp_loss":0.0,"gold_gain":0.0,"event_name":"Colosseum","player_choice":"Fought Nobs","floor":19.0,"gold_loss":0.0,"damage_taken":0.0}],"is_beta":false,"boss_relics":[{"not_picked":["Eternal Feather","Coffee Dripper"],"picked":"Sozu"}],"items_purged_floors":[],"is_endless":false,"potions_floor_spawned":[1,8,16,18,19,21],"killed_by":"Book of Stabbing","ascension_level":8}