{"gold_per_floor":[113,131,144,144,144,144,162,162,162,162,180,180,180,190,190,286,286,296,296,315,315,11,11,42,42,68,86,102,119,119,3,3,102,102,115,132,132,146,146,146,160,207,207,207,8,8,8,8,8,8],"floor_reached":51,"playtime":2025,"items_purged":["Strike_G","Strike_G"],"score":680,"play_id":"4b639cf4-f9c5-4436-87c7-bf6b2606df1b","local_time":"20190523180909","is_ascension_mode":false,"campfire_choices":[{"data":"Neutralize","floor":6.0,"key":"SMITH"},{"data":"Cloak And Dagger","floor":8.0,"key":"SMITH"},{"data":"Blade Dance","floor":10.0,"key":"SMITH"},{"data":"Survivor","floor":13.0,"key":"SMITH"},{"data":"Defend_G","floor":15.0,"key":"SMITH"},{"data":"Well Laid Plans","floor":23.0,"key":"SMITH"},{"data":"Terror","floor":25.0,"key":"SMITH"},{"data":"A Thousand Cuts","floor":30.0,"key":"SMITH"},{"floor":32.0,"key":"REST"},{"data":"Apotheosis","floor":40,"key":"SMITH"},{"floor":44,"key":"REST"},{"data":"Defend_G","floor":46,"key":"PURGE"},{"data":"Strike_G+1","floor":49,"key":"PURGE"}],"neow_cost":"NONE","seed_source_timestamp":622497044083695,"circlet_count":0,"master_deck":["Defend_G+1","Defend_G+1","Defend_G+1","Strike_G+1","Survivor+1","Neutralize+1","Infinite Blades+1","Cloak And Dagger+1","Blade Dance+1","Burst+1","Blade Dance+1","Riddle With Holes+1","Well Laid Plans+1","Terror+1","A Thousand Cuts+1","PiercingWail+1","Accuracy+1","Crippling Poison+1","After Image+1","Backflip+1","Apotheosis+1","Backflip+1"],"special_seed":0,"relics":["Ring of the Snake","Shuriken","White Beast Statue","Blood Vial","Singing Bowl","Regal Pillow","WristBlade","Unceasing Top","Peace Pipe","Mark of the Bloom","Darkstone Periapt"],"potions_floor_usage":[42,45,50,50],"damage_taken":[{"damage":0.0,"enemies":"Jaw Worm","floor":1.0,"turns":5.0},{"damage":0.0,"enemies":"Small Slimes","floor":2.0,"turns":4.0},{"damage":1.0,"enemies":"Cultist","floor":3.0,"turns":4.0},{"damage":0.0,"enemies":"2 Fungi Beasts","floor":7.0,"turns":4.0},{"damage":0.0,"enemies":"Looter","floor":11.0,"turns":3.0},{"damage":0.0,"enemies":"Large Slime","floor":14.0,"turns":3.0},{"damage":18.0,"enemies":"Hexaghost","floor":16.0,"turns":8.0},{"damage":0.0,"enemies":"3 Byrds","floor":18.0,"turns":5.0},{"damage":1.0,"enemies":"Shell Parasite","floor":20.0,"turns":5.0},{"damage":24.0,"enemies":"Slavers","floor":24.0,"turns":5.0},{"damage":0.0,"enemies":"Centurion and Healer","floor":27.0,"turns":4.0},{"damage":17.0,"enemies":"Cultist and Chosen","floor":28.0,"turns":5.0},{"damage":0.0,"enemies":"Snecko","floor":29.0,"turns":4.0},{"damage":24.0,"enemies":"Collector","floor":33.0,"turns":6.0},{"damage":15.0,"enemies":"3 Shapes","floor":35.0,"turns":4.0},{"damage":5.0,"enemies":"Orb Walker","floor":36.0,"turns":3.0},{"damage":1.0,"enemies":"4 Shapes","floor":38.0,"turns":4.0},{"damage":12,"enemies":"Transient","floor":41,"turns":5},{"damage":8,"enemies":"2 Orb Walkers","floor":42,"turns":3},{"damage":37,"enemies":"Time Eater","floor":50,"turns":9}],"seed_played":"7007555693824499423","potions_obtained":[{"floor":1.0,"key":"EssenceOfSteel"},{"floor":5.0,"key":"AttackPotion"},{"floor":5.0,"key":"GamblersBrew"},{"floor":14.0,"key":"EssenceOfSteel"},{"floor":18.0,"key":"PowerPotion"},{"floor":20.0,"key":"Fire Potion"},{"floor":24.0,"key":"FearPotion"},{"floor":27.0,"key":"Strength Potion"},{"floor":33.0,"key":"GamblersBrew"},{"floor":35.0,"key":"PowerPotion"},{"floor":36.0,"key":"Strength Potion"},{"floor":38.0,"key":"SteroidPotion"},{"floor":42,"key":"FearPotion"}],"is_trial":false,"path_per_floor":["M","M","M","?","?","R","M","R","T","R","M","?","R","M","R","B",null,"M","?","M","?","$","R","E","R","T","M","M","M","R","$","R","B",null,"M","M","$","M","?","R","M","?","T","R","$","R","?","T","R","B",null],"character_chosen":"THE_SILENT","items_purchased":["Well Laid Plans","Blood Vial","Accuracy","Crippling Poison","Fruit Juice"],"campfire_rested":2,"item_purchase_floors":[22,22,31,31,45],"current_hp_per_floor":[70,70,69,74,74,74,74,74,74,74,74,74,74,74,74,56,75,75,75,74,74,74,74,51,51,51,53,40,42,42,42,77,53,77,62,61,61,64,58,58,48,44,44,85,90,90,90,90,90,53],"gold":8,"neow_bonus":"REMOVE_CARD","is_prod":false,"is_daily":false,"chose_seed":false,"campfire_upgraded":9,"win_rate":0,"timestamp":1558606149,"path_taken":["M","M","M","?","?","R","?","R","T","R","M","?","R","M","R","BOSS","M","?","M","?","$","R","E","R","T","M","M","?","R","$","R","BOSS","M","M","$","M","?","R","M","?","T","R","$","R","?","?","R","BOSS"],"build_version":"2019-01-23","purchased_purges":2,"victory":true,"max_hp_per_floor":[70,70,70,75,75,75,75,75,75,75,75,75,75,75,75,75,75,75,75,75,75,75,75,75,75,75,75,77,77,77,77,77,77,77,77,79,79,81,85,85,85,87,87,87,92,92,92,92,92,92],"card_choices":[{"not_picked":["Backflip","PiercingWail"],"picked":"Infinite Blades","floor":1.0},{"not_picked":["Outmaneuver","Endless Agony","Deflect"],"picked":"SKIP","floor":2.0},{"not_picked":["Calculated Gamble","Underhanded Strike"],"picked":"Cloak And Dagger","floor":3.0},{"not_picked":["Poisoned Stab","Eviscerate"],"picked":"Blade Dance","floor":7.0},{"not_picked":["Prepared","Reflex","Masterful Stab"],"picked":"SKIP","floor":11.0},{"not_picked":["Dagger Throw","Dodge and Roll","Eviscerate"],"picked":"SKIP","floor":14.0},{"not_picked":["Unload","Corpse Explosion"],"picked":"Burst","floor":16.0},{"not_picked":["Dodge and Roll","Backstab"],"picked":"Blade Dance+1","floor":18.0},{"not_picked":["Deadly Poison","Poisoned Stab+1"],"picked":"Riddle With Holes","floor":20.0},{"not_picked":["Riddle With Holes+1","Concentrate"],"picked":"Terror","floor":24.0},{"not_picked":["Blade Dance+1","Deflect"],"picked":"A Thousand Cuts","floor":27.0},{"not_picked":["Sucker Punch+1","Flying Knee","Deadly Poison"],"picked":"Singing Bowl","floor":28.0},{"not_picked":["Heel Hook","Dagger Throw"],"picked":"PiercingWail","floor":29.0},{"not_picked":["Doppelganger","Wraith Form v2"],"picked":"After Image","floor":33.0},{"not_picked":["Prepared","Acrobatics+1"],"picked":"Backflip+1","floor":35.0},{"not_picked":["Deflect+1","Distraction+1","Dagger Throw+1"],"picked":"Singing Bowl","floor":36.0},{"not_picked":["Sucker Punch+1","Endless Agony","Poisoned Stab"],"picked":"Singing Bowl","floor":38.0},{"not_picked":["Jack Of All Trades","Swift Strike","Bandage Up"],"picked":"Singing Bowl","floor":39},{"not_picked":["Enlightenment","Bandage Up"],"picked":"Apotheosis","floor":39},{"not_picked":["Impatience","Bandage Up","Forethought"],"picked":"Singing Bowl","floor":39},{"not_picked":["Prepared","Acrobatics+1"],"picked":"Backflip+1","floor":41},{"not_picked":["Deadly Poison","Prepared+1","Poisoned Stab"],"picked":"Singing Bowl","floor":42}],"player_experience":581614,"relics_obtained":[{"floor":9.0,"key":"Shuriken"},{"floor":24.0,"key":"Singing Bowl"},{"floor":26.0,"key":"Regal Pillow"},{"floor":42,"key":"Unceasing Top"},{"floor":43,"key":"Peace Pipe"},{"floor":48,"key":"Darkstone Periapt"}],"event_choices":[{"damage_healed":0.0,"max_hp_gain":5.0,"max_hp_loss":0.0,"gold_gain":0.0,"event_name":"Big Fish","player_choice":"Donut","floor":4.0,"gold_loss":0.0,"damage_taken":0.0},{"damage_healed":0.0,"max_hp_gain":0.0,"max_hp_loss":0.0,"gold_gain":0.0,"event_name":"Lab","player_choice":"Got Potions","floor":5.0,"gold_loss":0.0,"damage_taken":0.0},{"cards_removed":["Defend_G"],"damage_healed":0.0,"max_hp_gain":0.0,"max_hp_loss":0.0,"gold_gain":0.0,"event_name":"Living Wall","player_choice":"Forget","floor":12.0,"gold_loss":0.0,"damage_taken":0.0},{"damage_healed":0.0,"max_hp_gain":0.0,"max_hp_loss":0.0,"gold_gain":0.0,"event_name":"Vampires","player_choice":"Ignored","floor":19.0,"gold_loss":0.0,"damage_taken":0.0},{"damage_healed":0.0,"max_hp_gain":0.0,"max_hp_loss":0.0,"gold_gain":0.0,"event_name":"Accursed Blacksmith","player_choice":"Forge","floor":21.0,"gold_loss":0.0,"damage_taken":0.0,"cards_upgraded":["Burst"]},{"damage_healed":0,"gold_gain":0,"player_choice":"Memory 3","damage_taken":10,"max_hp_gain":0,"max_hp_loss":0,"event_name":"SensoryStone","floor":39,"gold_loss":0},{"damage_healed":0,"gold_gain":0,"player_choice":"Fight","damage_taken":0,"max_hp_gain":0,"max_hp_loss":0,"event_name":"Mysterious Sphere","floor":42,"gold_loss":0},{"damage_healed":0,"gold_gain":0,"player_choice":"Upgrade","damage_taken":0,"relics_obtained":["Mark of the Bloom"],"max_hp_gain":0,"max_hp_loss":0,"event_name":"MindBloom","floor":47,"gold_loss":0,"cards_upgraded":["Defend_G","Defend_G","Strike_G","Strike_G","Infinite Blades","Riddle With Holes","PiercingWail","Accuracy","Crippling Poison","After Image"]}],"is_beta":false,"boss_relics":[{"not_picked":["Snecko Eye","Cursed Key"],"picked":"White Beast Statue"},{"not_picked":["Astrolabe","Lizard Tail"],"picked":"WristBlade"}],"items_purged_floors":[22,45],"is_endless":false,"potions_floor_spawned":[1,7,14,18,20,24,27,28,29,33,35,36,38,41,42],"ascension_level":0}