{"gold_per_floor":[113,123,123,138,158,158,169,23,49,59,24,24,24,44,44,163,226,251,251,251,251,251,251,269,269,292,292,77,92,112,62,62,162,162,173,173,191,205,54,54,71,71,98,45,63,78,105,122,122,122],"floor_reached":51,"playtime":1084,"items_purged":[],"score":691,"play_id":"c8be52a9-4174-4fa0-a829-b91a0813d4ea","local_time":"20190516142752","is_ascension_mode":false,"campfire_choices":[{"data":"Spot Weakness","floor":6.0,"key":"SMITH"},{"data":"Inflame","floor":15.0,"key":"SMITH"},{"data":"Demon Form","floor":23.0,"key":"SMITH"},{"data":"Immolate","floor":25.0,"key":"SMITH"},{"data":"Bash","floor":27.0,"key":"SMITH"},{"data":"Perfected Strike","floor":32.0,"key":"SMITH"},{"data":"Limit Break","floor":40.0,"key":"SMITH"},{"data":"Wild Strike","floor":49.0,"key":"SMITH"}],"neow_cost":"NONE","seed_source_timestamp":663372309329749,"circlet_count":0,"master_deck":["Strike_R","Strike_R","Strike_R","Strike_R","Strike_R","Defend_R","Defend_R+1","Defend_R","Defend_R","Bash+1","Flex","Spot Weakness+1","Demon Form+1","Pommel Strike","Shockwave","Iron Wave","Shrug It Off","Inflame+1","Immolate+1","Ghostly Armor","Clash","Perfected Strike+1","Spot Weakness","Uppercut","Twin Strike","Spot Weakness+1","Twin Strike","Reaper","Thunderclap+1","Iron Wave","Pommel Strike+1","Limit Break+1","Anger+1","Wild Strike+1","Armaments+1","Twin Strike+1"],"special_seed":0,"relics":["Burning Blood","Boot","PreservedInsect","Omamori","Bloody Idol","Tiny House","Bag of Marbles","Bronze Scales","Lantern","Anchor","Sozu","Orichalcum","Strawberry"],"potions_floor_usage":[],"damage_taken":[{"damage":11.0,"enemies":"Small Slimes","floor":1.0,"turns":3.0},{"damage":15.0,"enemies":"Cultist","floor":2.0,"turns":4.0},{"damage":8.0,"enemies":"2 Louse","floor":4.0,"turns":3.0},{"damage":15.0,"enemies":"Looter","floor":5.0,"turns":3.0},{"damage":10.0,"enemies":"2 Fungi Beasts","floor":7.0,"turns":4.0},{"damage":16.0,"enemies":"Exordium Thugs","floor":10.0,"turns":3.0},{"damage":11.0,"enemies":"Blue Slaver","floor":14.0,"turns":3.0},{"damage":37.0,"enemies":"Slime Boss","floor":16.0,"turns":6.0},{"damage":15.0,"enemies":"Chosen","floor":18.0,"turns":4.0},{"damage":22.0,"enemies":"Spheric Guardian","floor":24.0,"turns":4.0},{"damage":10.0,"enemies":"Snecko","floor":29.0,"turns":4.0},{"damage":11.0,"enemies":"Centurion and Healer","floor":30.0,"turns":7.0},{"damage":55.0,"enemies":"Champ","floor":33.0,"turns":8.0},{"damage":23.0,"enemies":"3 Darklings","floor":35.0,"turns":4.0},{"damage":19.0,"enemies":"3 Shapes","floor":37.0,"turns":4.0},{"damage":15.0,"enemies":"3 Darklings","floor":38.0,"turns":3.0},{"damage":44.0,"enemies":"Spire Growth","floor":41.0,"turns":4.0},{"damage":38.0,"enemies":"Maw","floor":45.0,"turns":7.0},{"damage":0.0,"enemies":"Sphere and 2 Shapes","floor":46.0,"turns":2.0},{"damage":9.0,"enemies":"3 Darklings","floor":48.0,"turns":5.0},{"damage":84,"enemies":"Donu and Deca","floor":50,"turns":9}],"seed_played":"6678093617176857049","potions_obtained":[{"floor":2.0,"key":"Swift Potion"},{"floor":4.0,"key":"Energy Potion"},{"floor":7.0,"key":"Poison Potion"},{"floor":10.0,"key":"AttackPotion"},{"floor":14.0,"key":"Strength Potion"},{"floor":17.0,"key":"Poison Potion"},{"floor":24.0,"key":"PowerPotion"},{"floor":30.0,"key":"FearPotion"},{"floor":33.0,"key":"Explosive Potion"}],"is_trial":false,"path_per_floor":["M","M","?","M","M","R","M","$","T","M","?","?","?","M","R","B",null,"M","?","?","?","T","R","M","R","T","R","$","M","M","$","R","B",null,"M","?","M","M","$","R","M","?","T","$","M","M","T","M","R","B",null],"character_chosen":"IRONCLAD","items_purchased":["PreservedInsect","Anchor","Uppercut","Twin Strike","Limit Break","Wild Strike"],"campfire_rested":0,"item_purchase_floors":[8,28,28,31,39,44],"current_hp_per_floor":[75,66,66,64,55,55,51,51,51,41,61,61,61,56,56,25,79,70,70,70,70,70,70,59,59,64,64,64,65,65,65,65,21,79,67,67,59,55,55,55,22,42,47,47,32,43,55,86,86,8],"gold":122,"neow_bonus":"RANDOM_COMMON_RELIC","is_prod":false,"is_daily":false,"chose_seed":false,"campfire_upgraded":8,"win_rate":0,"timestamp":1558031272,"path_taken":["M","M","?","?","M","R","M","$","T","M","?","?","?","M","R","BOSS","M","?","?","?","?","R","M","R","T","R","?","M","?","$","R","BOSS","M","?","?","?","$","R","M","?","T","?","M","?","?","?","R","BOSS"],"build_version":"2019-01-23","purchased_purges":0,"victory":true,"max_hp_per_floor":[80,80,80,80,80,80,80,80,80,80,80,74,74,74,74,74,79,79,79,79,79,79,79,79,79,79,79,79,79,79,79,79,79,79,79,79,79,79,79,79,79,79,79,79,79,79,86,86,86,86],"card_choices":[{"not_picked":["True Grit","Fire Breathing"],"picked":"Flex","floor":1.0},{"not_picked":["Infernal Blade","Clothesline"],"picked":"Spot Weakness","floor":2.0},{"not_picked":["Inflame","Battle Trance"],"picked":"Pommel Strike","floor":4.0},{"not_picked":["Heavy Blade","Anger"],"picked":"Shockwave","floor":5.0},{"not_picked":["Blood for Blood","Havoc"],"picked":"Iron Wave","floor":7.0},{"not_picked":["Clothesline","Combust"],"picked":"Shrug It Off","floor":10.0},{"not_picked":["Offering","Body Slam"],"picked":"Inflame","floor":14.0},{"not_picked":["Berserk","Impervious"],"picked":"Immolate","floor":16.0},{"not_picked":["Iron Wave","Dual Wield"],"picked":"Ghostly Armor","floor":17.0},{"not_picked":["Dual Wield","Warcry"],"picked":"Clash","floor":18.0},{"not_picked":["Iron Wave","Body Slam"],"picked":"Spot Weakness","floor":24.0},{"not_picked":["Feel No Pain","Shrug It Off+1"],"picked":"Twin Strike","floor":29.0},{"not_picked":["Havoc","Uppercut"],"picked":"Spot Weakness+1","floor":30.0},{"not_picked":["Juggernaut","Exhume"],"picked":"Reaper","floor":33.0},{"not_picked":["Anger","Power Through+1"],"picked":"Thunderclap+1","floor":35.0},{"not_picked":["Combust","Rage"],"picked":"Iron Wave","floor":37.0},{"not_picked":["Disarm","Twin Strike"],"picked":"Pommel Strike+1","floor":38.0},{"not_picked":["Reckless Charge+1","True Grit+1"],"picked":"Anger+1","floor":41.0},{"not_picked":["Uppercut","Intimidate+1"],"picked":"Armaments+1","floor":45.0},{"not_picked":["Feed","Headbutt"],"picked":"Twin Strike+1","floor":46.0},{"not_picked":["Warcry","Sever Soul","True Grit"],"picked":"SKIP","floor":48.0}],"player_experience":283616,"relics_obtained":[{"floor":9.0,"key":"Omamori"},{"floor":22.0,"key":"Bronze Scales"},{"floor":26.0,"key":"Lantern"},{"floor":43.0,"key":"Orichalcum"},{"floor":47.0,"key":"Strawberry"}],"event_choices":[{"damage_healed":0.0,"max_hp_gain":0.0,"max_hp_loss":0.0,"gold_gain":0.0,"event_name":"Match and Keep!","player_choice":"1 cards matched","floor":3.0,"gold_loss":0.0,"damage_taken":0.0,"cards_obtained":["Demon Form"]},{"damage_healed":20.0,"max_hp_gain":0.0,"max_hp_loss":0.0,"gold_gain":0.0,"event_name":"The Cleric","player_choice":"Healed","floor":11.0,"gold_loss":35.0,"damage_taken":0.0},{"damage_healed":0.0,"max_hp_gain":0.0,"max_hp_loss":6.0,"gold_gain":0.0,"event_name":"Golden Idol","player_choice":"Lose Max HP","floor":12.0,"gold_loss":0.0,"damage_taken":0.0,"relics_obtained":["Golden Idol"]},{"damage_healed":0.0,"max_hp_gain":0.0,"max_hp_loss":0.0,"gold_gain":0.0,"event_name":"Liars Game","player_choice":"Ignored","floor":13.0,"gold_loss":0.0,"damage_taken":0.0},{"damage_healed":0.0,"max_hp_gain":0.0,"max_hp_loss":0.0,"gold_gain":0.0,"event_name":"The Library","player_choice":"Read","floor":19.0,"gold_loss":0.0,"damage_taken":0.0,"cards_obtained":["Perfected Strike"]},{"damage_healed":0.0,"max_hp_gain":0.0,"max_hp_loss":0.0,"gold_gain":0.0,"event_name":"The Mausoleum","player_choice":"Opened","floor":20.0,"gold_loss":0.0,"damage_taken":0.0,"relics_obtained":["Bag of Marbles"],"cards_obtained":["Writhe"]},{"damage_healed":0.0,"max_hp_gain":0.0,"max_hp_loss":0.0,"gold_gain":0.0,"event_name":"Forgotten Altar","player_choice":"Gave Idol","floor":21.0,"relics_lost":["Golden Idol"],"gold_loss":0.0,"damage_taken":0.0,"relics_obtained":["Bloody Idol"]},{"damage_healed":0.0,"max_hp_gain":0.0,"max_hp_loss":0.0,"gold_gain":0.0,"event_name":"Lab","player_choice":"Got Potions","floor":36.0,"gold_loss":0.0,"damage_taken":0.0},{"damage_healed":20.0,"max_hp_gain":0.0,"max_hp_loss":0.0,"gold_gain":0.0,"event_name":"Winding Halls","player_choice":"Writhe","floor":42.0,"gold_loss":0.0,"damage_taken":0.0,"cards_obtained":["Writhe"]}],"is_beta":false,"boss_relics":[{"not_picked":["Runic Dome","Mark of Pain"],"picked":"Tiny House"},{"not_picked":["Calling Bell","Snecko Eye"],"picked":"Sozu"}],"items_purged_floors":[],"is_endless":false,"potions_floor_spawned":[2,4,7,10,14,24,30,33,38,41,48],"ascension_level":0}