{"gold_per_floor":[110,5,5,5,5,5,30,30,55,87,87,104,104,120,120,220,220,234,50,60,6,21,46,46,76,76,102,102,130,149,160,160,264,264,277,19,36,36,47,47,80,145,145,163,182,232,232,16,16,16],"floor_reached":51,"playtime":2587,"items_purged":["Strike_R"],"score":1360,"play_id":"089c39ca-e3ad-475c-a1e4-6caa4067cbc2","local_time":"20190508184635","is_ascension_mode":true,"campfire_choices":[{"data":"True Grit","floor":6.0,"key":"SMITH"},{"data":"True Grit","floor":8.0,"key":"SMITH"},{"data":"Combust","floor":11.0,"key":"SMITH"},{"data":"Cleave","floor":13.0,"key":"SMITH"},{"data":"Limit Break","floor":15.0,"key":"SMITH"},{"floor":24.0,"key":"REST"},{"floor":28.0,"key":"REST"},{"floor":32.0,"key":"REST"},{"floor":40.0,"key":"REST"},{"floor":47,"key":"REST"},{"floor":49,"key":"REST"}],"neow_cost":"NONE","seed_source_timestamp":346761226690303,"circlet_count":0,"master_deck":["AscendersBane","Strike_R","Strike_R","Defend_R","Defend_R+1","Defend_R","Defend_R","Bash+1","Clothesline+1","True Grit+1","True Grit+1","Combust+1","Cleave+1","Limit Break+1","Impervious","Dropkick+1","Metallicize","Shockwave+1","Warcry+1","Inflame","Shrug It Off","Heavy Blade+1","Heavy Blade+1","Feed+1","Headbutt+1","Reaper+1","True Grit+1","Fiend Fire+1","Body Slam+1","Parasite","Iron Wave+1","Pummel+1","Rupture","Uppercut+1","Panacea","Inflame"],"special_seed":0,"relics":["Burning Blood","NeowsBlessing","Singing Bowl","Art of War","Question Card","Fusion Hammer","War Paint","Vajra","Centennial Puzzle","The Courier","Ice Cream","Molten Egg 2","Empty Cage","Shuriken","SsserpentHead","Calipers","Mummified Hand","Regal Pillow"],"potions_floor_usage":[41,41,42,45,50],"damage_taken":[{"damage":0.0,"enemies":"Cultist","floor":1.0,"turns":1.0},{"damage":0.0,"enemies":"Lagavulin","floor":7.0,"turns":1.0},{"damage":0.0,"enemies":"Gremlin Nob","floor":10.0,"turns":1.0},{"damage":2.0,"enemies":"2 Louse","floor":12.0,"turns":4.0},{"damage":3.0,"enemies":"Small Slimes","floor":14.0,"turns":3.0},{"damage":40.0,"enemies":"Slime Boss","floor":16.0,"turns":10.0},{"damage":4.0,"enemies":"Chosen","floor":18.0,"turns":6.0},{"damage":2.0,"enemies":"Shell Parasite","floor":20.0,"turns":7.0},{"damage":21.0,"enemies":"3 Cultists","floor":22.0,"turns":6.0},{"damage":35.0,"enemies":"Slavers","floor":23.0,"turns":5.0},{"damage":5.0,"enemies":"Gremlin Leader","floor":25.0,"turns":7.0},{"damage":25.0,"enemies":"Book of Stabbing","floor":27.0,"turns":6.0},{"damage":22.0,"enemies":"Gremlin Leader","floor":29.0,"turns":6.0},{"damage":9.0,"enemies":"Cultist and Chosen","floor":30.0,"turns":5.0},{"damage":0.0,"enemies":"Centurion and Healer","floor":31.0,"turns":6.0},{"damage":33.0,"enemies":"Collector","floor":33.0,"turns":9.0},{"damage":35.0,"enemies":"3 Darklings","floor":35.0,"turns":5.0},{"damage":25.0,"enemies":"3 Shapes","floor":37.0,"turns":4.0},{"damage":43.0,"enemies":"Writhing Mass","floor":39.0,"turns":5.0},{"damage":29,"enemies":"Nemesis","floor":41,"turns":3},{"damage":18,"enemies":"4 Shapes","floor":42,"turns":6},{"damage":37,"enemies":"Transient","floor":44,"turns":5},{"damage":23,"enemies":"Jaw Worm Horde","floor":45,"turns":5},{"damage":95,"enemies":"Donu and Deca","floor":50,"turns":7}],"seed_played":"-4115354203995025668","potions_obtained":[{"floor":7.0,"key":"FairyPotion"},{"floor":16.0,"key":"FearPotion"},{"floor":23.0,"key":"Energy Potion"},{"floor":29.0,"key":"EssenceOfSteel"},{"floor":31.0,"key":"Block Potion"},{"floor":33.0,"key":"EssenceOfSteel"},{"floor":37.0,"key":"SteroidPotion"},{"floor":41,"key":"Regen Potion"},{"floor":44,"key":"BloodPotion"}],"is_trial":false,"path_per_floor":["M","$","?","?","?","R","E","R","T","E","R","M","R","M","R","B",null,"M","$","M","?","M","E","R","E","T","E","R","E","M","M","R","B",null,"M","$","M","?","M","R","E","M","T","M","M","?","R","$","R","B",null],"character_chosen":"IRONCLAD","items_purchased":["Clothesline","True Grit","Metallicize","Shockwave","Shuriken","Fiend Fire+1","Regal Pillow","Inflame","Energy Potion"],"campfire_rested":6,"item_purchase_floors":[2,2,19,19,36,36,48,48,48],"current_hp_per_floor":[78,78,62,62,67,67,73,73,73,79,79,83,83,85,85,51,77,79,79,83,83,68,41,67,68,68,49,75,59,56,62,87,60,80,64,64,54,54,24,51,28,59,59,28,30,30,59,59,97,8],"gold":16,"neow_bonus":"THREE_ENEMY_KILL","is_prod":false,"is_daily":false,"chose_seed":false,"campfire_upgraded":5,"win_rate":0,"timestamp":1557355595,"path_taken":["M","?","?","?","?","R","E","R","T","E","R","M","R","M","R","BOSS","M","$","M","?","M","E","R","E","T","E","R","E","M","?","R","BOSS","M","$","?","?","M","R","E","?","T","M","M","?","R","$","R","BOSS"],"build_version":"2019-01-23","purchased_purges":1,"victory":true,"max_hp_per_floor":[80,80,80,80,85,85,85,85,85,85,85,85,85,85,85,85,85,85,85,85,85,85,87,87,87,87,87,87,87,87,87,87,87,87,87,87,91,91,91,91,91,95,95,95,97,97,97,97,97,97],"card_choices":[{"not_picked":["Perfected Strike","Evolve","Havoc"],"picked":"SKIP","floor":1.0},{"not_picked":["Flex","Headbutt"],"picked":"True Grit","floor":7.0},{"not_picked":["Perfected Strike","Warcry"],"picked":"Combust","floor":10.0},{"not_picked":["Clash","Evolve","Headbutt"],"picked":"Cleave","floor":12.0},{"not_picked":["Armaments","Infernal Blade","Twin Strike"],"picked":"Limit Break","floor":14.0},{"not_picked":["Offering","Limit Break","Immolate"],"picked":"Impervious","floor":16.0},{"not_picked":["Corruption","Twin Strike","Power Through"],"picked":"Dropkick+1","floor":18.0},{"not_picked":["Carnage","Pommel Strike","Iron Wave"],"picked":"Warcry+1","floor":20.0},{"not_picked":["Armaments","Clothesline","Headbutt"],"picked":"Inflame","floor":22.0},{"not_picked":["Carnage","Barricade","True Grit","Thunderclap"],"picked":"Singing Bowl","floor":23.0},{"not_picked":["Sword Boomerang","Wild Strike","Cleave"],"picked":"Shrug It Off","floor":25.0},{"not_picked":["Infernal Blade","Feed","Corruption+1"],"picked":"Heavy Blade+1","floor":27.0},{"not_picked":["Sever Soul","Wild Strike","Evolve"],"picked":"Heavy Blade","floor":29.0},{"not_picked":["Clothesline+1","Power Through","Body Slam+1"],"picked":"Feed+1","floor":30.0},{"not_picked":["Twin Strike+1","Carnage+1","Pommel Strike+1"],"picked":"Headbutt+1","floor":31.0},{"not_picked":["Feed+1","Double Tap","Exhume"],"picked":"Reaper+1","floor":33.0},{"not_picked":["Searing Blow+1","Havoc","Carnage+1"],"picked":"True Grit+1","floor":35.0},{"not_picked":["Fire Breathing","Burning Pact+1","Heavy Blade+1"],"picked":"Body Slam+1","floor":37.0},{"not_picked":["Headbutt+1","Heavy Blade+1","Clash+1"],"picked":"Iron Wave+1","floor":39.0},{"not_picked":["Pommel Strike+1","Infernal Blade","Entrench"],"picked":"Pummel+1","floor":41},{"not_picked":["Intimidate+1","Havoc+1","Perfected Strike+1"],"picked":"Rupture","floor":42},{"not_picked":["Perfected Strike+1","Heavy Blade+1","True Grit"],"picked":"Uppercut+1","floor":44},{"not_picked":["Wild Strike+1","Berserk","Body Slam+1","Clothesline+1"],"picked":"Singing Bowl","floor":45},{"not_picked":["The Bomb","Enlightenment","Forethought"],"picked":"Panacea","floor":46}],"player_experience":425331,"relics_obtained":[{"floor":7.0,"key":"Singing Bowl"},{"floor":9.0,"key":"Art of War"},{"floor":10.0,"key":"Question Card"},{"floor":23.0,"key":"Vajra"},{"floor":25.0,"key":"Centennial Puzzle"},{"floor":26.0,"key":"The Courier"},{"floor":27.0,"key":"Ice Cream"},{"floor":29.0,"key":"Molten Egg 2"},{"floor":41,"key":"Calipers"},{"floor":43,"key":"Mummified Hand"}],"event_choices":[{"damage_healed":0.0,"max_hp_gain":0.0,"max_hp_loss":0.0,"gold_gain":0.0,"event_name":"Shining Light","player_choice":"Entered Light","floor":3.0,"gold_loss":0.0,"damage_taken":16.0,"cards_upgraded":["Bash","Clothesline"]},{"damage_healed":0.0,"max_hp_gain":0.0,"max_hp_loss":0.0,"gold_gain":0.0,"event_name":"The Cleric","player_choice":"Leave","floor":4.0,"gold_loss":0.0,"damage_taken":0.0},{"damage_healed":0.0,"max_hp_gain":5.0,"max_hp_loss":0.0,"gold_gain":0.0,"event_name":"Big Fish","player_choice":"Donut","floor":5.0,"gold_loss":0.0,"damage_taken":0.0},{"damage_healed":0.0,"max_hp_gain":0.0,"max_hp_loss":0.0,"gold_gain":0.0,"event_name":"WeMeetAgain","player_choice":"Paid Gold","floor":21.0,"gold_loss":54.0,"damage_taken":0.0,"relics_obtained":["War Paint"]},{"damage_healed":0.0,"max_hp_gain":0.0,"max_hp_loss":0.0,"gold_gain":0.0,"event_name":"FaceTrader","player_choice":"Trade","floor":38.0,"gold_loss":0.0,"damage_taken":0.0,"relics_obtained":["SsserpentHead"]},{"damage_healed":0,"gold_gain":0,"player_choice":"Memory 1","damage_taken":0,"max_hp_gain":0,"max_hp_loss":0,"event_name":"SensoryStone","floor":46,"gold_loss":0}],"is_beta":false,"boss_relics":[{"not_picked":["Black Blood","Runic Dome"],"picked":"Fusion Hammer"},{"not_picked":["Lizard Tail","White Beast Statue"],"picked":"Empty Cage"}],"items_purged_floors":[19],"is_endless":false,"potions_floor_spawned":[7,16,20,23,29,31,33,37,39,41,44],"ascension_level":11}