{"gold_per_floor":[113,127,143,34,49,49,79,79,79,99,99,115,190,202,202,202],"floor_reached":16,"playtime":1189,"items_purged":[],"score":114,"play_id":"1cce87bb-1a34-468c-9fba-c0b8a24d5ff4","local_time":"20190505122607","is_ascension_mode":true,"campfire_choices":[{"data":"Terror","floor":6,"key":"SMITH"},{"floor":8,"key":"RECALL"},{"floor":11,"key":"REST"},{"floor":15,"key":"REST"}],"neow_cost":"NONE","seed_source_timestamp":128108777688200,"circlet_count":0,"master_deck":["Defend_G","Defend_G","Defend_G","Defend_G","Defend_G","Strike_G","Strike_G","Strike_G","Strike_G","Survivor","Neutralize","Expertise","Terror+1","Leg Sweep","Well Laid Plans","Blade Dance","Blade Dance","Catalyst"],"relics":["Ring of the Snake","Pantograph"],"potions_floor_usage":[16,16],"damage_taken":[{"damage":0,"enemies":"2 Louse","floor":1,"turns":4},{"damage":9,"enemies":"Cultist","floor":2,"turns":5},{"damage":0,"enemies":"Jaw Worm","floor":3,"turns":6},{"damage":0,"enemies":"3 Louse","floor":5,"turns":6},{"damage":47,"enemies":"Gremlin Nob","floor":7,"turns":7},{"damage":2,"enemies":"Looter","floor":10,"turns":4},{"damage":4,"enemies":"Blue Slaver","floor":12,"turns":4},{"damage":14,"enemies":"3 Louse","floor":14,"turns":4},{"damage":51,"enemies":"Slime Boss","floor":16,"turns":11}],"seed_played":"5043328007068864775","potions_obtained":[{"floor":5,"key":"GhostInAJar"},{"floor":7,"key":"Swift Potion"},{"floor":12,"key":"Explosive Potion"}],"is_trial":false,"path_per_floor":["M","M","M","$","M","R","E","R","T","M","R","M","?","M","R","B"],"character_chosen":"THE_SILENT","items_purchased":["Leg Sweep","Well Laid Plans"],"campfire_rested":2,"item_purchase_floors":[4,4],"current_hp_per_floor":[70,61,61,61,61,61,14,14,14,12,33,29,22,8,29,3],"gold":202,"neow_bonus":"REMOVE_CARD","is_prod":false,"is_daily":false,"chose_seed":false,"campfire_upgraded":1,"win_rate":0,"timestamp":1557077167,"path_taken":["M","M","M","$","M","R","E","R","T","M","R","M","?","?","R","BOSS"],"build_version":"2019-01-23","purchased_purges":0,"victory":false,"max_hp_per_floor":[70,70,70,70,70,70,70,70,70,70,70,70,70,70,70,70],"card_choices":[{"not_picked":["Sucker Punch","Underhanded Strike"],"picked":"Expertise","floor":1},{"not_picked":["Dagger Spray","Heel Hook","Accuracy"],"picked":"SKIP","floor":2},{"not_picked":["Blade Dance","Cloak And Dagger"],"picked":"Terror","floor":3},{"not_picked":["Terror","Dagger Throw"],"picked":"Blade Dance","floor":5},{"not_picked":["Expertise","Slice","Prepared"],"picked":"SKIP","floor":7},{"not_picked":["Prepared","All Out Attack"],"picked":"Blade Dance","floor":10},{"not_picked":["Expertise","Prepared","All Out Attack"],"picked":"SKIP","floor":12},{"not_picked":["Underhanded Strike","Flying Knee"],"picked":"Catalyst","floor":14}],"player_experience":171484,"relics_obtained":[{"floor":7,"key":"Pantograph"}],"event_choices":[{"damage_healed":0,"gold_gain":75,"player_choice":"Touch","damage_taken":7,"max_hp_gain":0,"max_hp_loss":0,"event_name":"FaceTrader","floor":13,"gold_loss":0}],"is_beta":false,"boss_relics":[],"items_purged_floors":[],"is_endless":false,"potions_floor_spawned":[5,7,12],"killed_by":"Slime Boss","ascension_level":2}