{"gold_per_floor":[119,139,152,227,242,242,268,268,291,441,441,145,19,37,37,37],"floor_reached":16,"playtime":661,"items_purged":["Doubt","Strike_R"],"score":185,"play_id":"dbf11ece-183b-497b-b0c4-543236637f84","local_time":"20190509194823","is_ascension_mode":true,"campfire_choices":[{"data":"Flame Barrier","floor":6,"key":"SMITH"},{"floor":8,"key":"REST"},{"data":"Rampage","floor":11,"key":"SMITH"},{"data":"Cleave","floor":15,"key":"SMITH"}],"neow_cost":"NONE","seed_source_timestamp":438891447039094,"circlet_count":0,"master_deck":["AscendersBane","Strike_R","Strike_R","Strike_R","Strike_R","Defend_R","Defend_R","Defend_R","Defend_R","Bash+1","Twin Strike","Flame Barrier+1","Shrug It Off","Disarm","Rampage+1","Cleave+1","Shrug It Off","Iron Wave"],"relics":["Burning Blood","Bag of Preparation","PreservedInsect","Oddly Smooth Stone"],"potions_floor_usage":[7,7,16],"damage_taken":[{"damage":12,"enemies":"Jaw Worm","floor":1,"turns":3},{"damage":8,"enemies":"Small Slimes","floor":2,"turns":3},{"damage":6,"enemies":"Cultist","floor":3,"turns":4},{"damage":24,"enemies":"Exordium Thugs","floor":5,"turns":6},{"damage":25,"enemies":"3 Sentries","floor":7,"turns":9},{"damage":1,"enemies":"Lots of Slimes","floor":14,"turns":2},{"damage":40,"enemies":"Slime Boss","floor":16,"turns":11}],"seed_played":"-3135687458810256919","potions_obtained":[{"floor":3,"key":"SteroidPotion"},{"floor":5,"key":"SteroidPotion"},{"floor":7,"key":"Swift Potion"}],"is_trial":false,"path_per_floor":["M","M","M","?","M","R","E","R","T","?","R","$","$","M","R","B"],"character_chosen":"IRONCLAD","items_purchased":["Oddly Smooth Stone","Cleave","Shrug It Off"],"campfire_rested":1,"item_purchase_floors":[12,12,13],"current_hp_per_floor":[62,60,60,49,31,31,12,34,34,34,34,34,34,39,39,0],"gold":37,"neow_bonus":"UPGRADE_CARD","is_prod":false,"is_daily":false,"chose_seed":false,"campfire_upgraded":3,"win_rate":0,"timestamp":1557445703,"path_taken":["M","M","M","?","M","R","E","R","T","?","R","?","$","M","R","BOSS"],"build_version":"2019-01-23","purchased_purges":2,"victory":false,"max_hp_per_floor":[75,75,75,75,75,75,75,75,75,75,75,75,75,75,75,75],"card_choices":[{"not_picked":["Wild Strike","Body Slam"],"picked":"Twin Strike","floor":1},{"not_picked":["Perfected Strike","Twin Strike"],"picked":"Flame Barrier","floor":2},{"not_picked":["Rage","Wild Strike"],"picked":"Shrug It Off","floor":3},{"not_picked":["Hemokinesis","Shrug It Off"],"picked":"Disarm","floor":5},{"not_picked":["Sword Boomerang","Headbutt"],"picked":"Rampage","floor":7},{"not_picked":["Sword Boomerang","Flame Barrier"],"picked":"Iron Wave","floor":14}],"player_experience":475575,"relics_obtained":[{"floor":7,"key":"Bag of Preparation"},{"floor":9,"key":"PreservedInsect"}],"event_choices":[{"damage_healed":0,"gold_gain":75,"player_choice":"Gather Gold","damage_taken":11,"max_hp_gain":0,"max_hp_loss":0,"event_name":"World of Goop","floor":4,"gold_loss":0},{"damage_healed":0,"gold_gain":150,"player_choice":"AGREE","damage_taken":0,"max_hp_gain":0,"max_hp_loss":0,"event_name":"Liars Game","floor":10,"gold_loss":0,"cards_obtained":["Doubt"]}],"is_beta":false,"boss_relics":[],"items_purged_floors":[12,13],"is_endless":false,"potions_floor_spawned":[3,5,7],"killed_by":"Slime Boss","ascension_level":17}