{"gold_per_floor":[109,125,125,140,30,30,65,30,30,30,42,42,42,58,58,132,132,150,166,81,6,6,6,32,32,32,59,74,124,124,8,8,87,87,98,98,118,128,140,173,173,191,191,241,251,271,271,25,25,25],"floor_reached":50,"playtime":3169,"items_purged":["Strike_B"],"score":1070,"play_id":"87cae892-82ad-4e87-8da4-9b447c1c1a16","local_time":"20190515143335","is_ascension_mode":true,"campfire_choices":[{"data":"Compile Driver","floor":6,"key":"SMITH"},{"data":"Coolheaded","floor":10,"key":"SMITH"},{"data":"Biased Cognition","floor":13,"key":"SMITH"},{"data":"Hologram","floor":15,"key":"SMITH"},{"data":"Defragment","floor":23,"key":"SMITH"},{"data":"Self Repair","floor":25,"key":"SMITH"},{"floor":30,"key":"REST"},{"floor":32,"key":"REST"},{"data":"Self Repair","floor":41,"key":"SMITH"},{"floor":49,"key":"RECALL"}],"neow_cost":"NONE","seed_source_timestamp":2511439260293686,"circlet_count":0,"master_deck":["AscendersBane","Strike_B","Strike_B+1","Defend_B","Defend_B","Defend_B","Defend_B","Zap","Dualcast+1","Glacier","Streamline","Coolheaded+1","Compile Driver+1","Biased Cognition+1","Compile Driver","Hologram+1","Fission+1","Defragment+1","Doom and Gloom+1","Self Repair+1","Steam","Conserve Battery","Undo","Self Repair+1","Electrodynamics","Compile Driver","Go for the Eyes","Machine Learning","Injury","Defragment+1","Coolheaded"],"relics":["Cracked Core","Bottled Lightning","Cursed Key","Blood Vial","GremlinMask","DataDisk","Boot","Coffee Dripper","Art of War","DollysMirror"],"potions_floor_usage":[16,16,33,50],"damage_taken":[{"damage":0,"enemies":"2 Louse","floor":1,"turns":1},{"damage":7,"enemies":"Jaw Worm","floor":2,"turns":3},{"damage":7,"enemies":"Small Slimes","floor":4,"turns":3},{"damage":9,"enemies":"3 Sentries","floor":7,"turns":12},{"damage":0,"enemies":"Looter","floor":11,"turns":3},{"damage":0,"enemies":"Blue Slaver","floor":14,"turns":3},{"damage":16,"enemies":"Hexaghost","floor":16,"turns":9},{"damage":6,"enemies":"Chosen","floor":18,"turns":5},{"damage":10,"enemies":"Spheric Guardian","floor":19,"turns":4},{"damage":11,"enemies":"Book of Stabbing","floor":24,"turns":7},{"damage":34,"enemies":"Slavers","floor":27,"turns":7},{"damage":15,"enemies":"Chosen and Byrds","floor":28,"turns":5},{"damage":6,"enemies":"Champ","floor":33,"turns":19},{"damage":7,"enemies":"3 Darklings","floor":35,"turns":4},{"damage":0,"enemies":"Orb Walker","floor":37,"turns":3},{"damage":2,"enemies":"4 Shapes","floor":38,"turns":3},{"damage":0,"enemies":"Sphere and 2 Shapes","floor":39,"turns":3},{"damage":53,"enemies":"Reptomancer","floor":40,"turns":11},{"damage":5,"enemies":"Writhing Mass","floor":42,"turns":7},{"damage":28,"enemies":"Transient","floor":45,"turns":6},{"damage":15,"enemies":"4 Shapes","floor":46,"turns":5},{"damage":76,"enemies":"Time Eater","floor":50,"turns":17}],"seed_played":"-7900446221472903382","potions_obtained":[{"floor":4,"key":"SkillPotion"},{"floor":19,"key":"Ancient Potion"},{"floor":24,"key":"Strength Potion"},{"floor":37,"key":"PowerPotion"},{"floor":38,"key":"GamblersBrew"}],"is_trial":false,"path_per_floor":["M","M","?","M","$","R","E","?","T","R","M","?","R","M","R","B",null,"M","M","?","$","?","R","E","R","T","E","M","?","R","$","R","B",null,"M","?","M","M","M","E","R","M","T","?","M","M","?","$","R","B"],"character_chosen":"DEFECT","items_purchased":["Compile Driver","AttackPotion","Undo","Self Repair","DollysMirror","Coolheaded"],"campfire_rested":2,"item_purchase_floors":[5,5,31,31,48,48],"current_hp_per_floor":[71,64,41,34,34,34,25,44,44,44,44,37,37,37,37,21,64,58,48,48,48,48,48,39,39,39,17,14,14,37,37,60,73,77,78,78,78,78,78,42,42,59,59,59,53,60,60,60,60,0],"gold":25,"neow_bonus":"TEN_PERCENT_HP_BONUS","is_prod":false,"is_daily":false,"chose_seed":false,"campfire_upgraded":7,"win_rate":0,"timestamp":1557945215,"path_taken":["M","M","?","M","$","R","E","?","T","R","M","?","R","M","R","BOSS","M","M","?","$","?","R","E","R","T","E","?","?","R","$","R","BOSS","M","?","M","M","?","E","R","M","T","?","M","?","?","$","R","BOSS"],"build_version":"2019-01-23","purchased_purges":1,"victory":false,"max_hp_per_floor":[78,78,78,78,78,78,78,78,78,78,78,78,78,78,78,78,78,78,78,78,78,78,78,78,78,78,78,78,78,78,78,78,78,78,78,78,78,78,78,78,78,78,78,78,78,78,78,78,78,78],"card_choices":[{"not_picked":["Cold Snap","Gash"],"picked":"Glacier","floor":1},{"not_picked":["Skim","Steam Power"],"picked":"Streamline","floor":2},{"not_picked":["Go for the Eyes","Conserve Battery"],"picked":"Coolheaded","floor":4},{"not_picked":["Multi-Cast","Gash"],"picked":"Biased Cognition","floor":7},{"not_picked":["Leap","Redo"],"picked":"Compile Driver","floor":11},{"not_picked":["Conserve Battery","Leap"],"picked":"Hologram","floor":14},{"not_picked":["All For One","Meteor Strike"],"picked":"Fission","floor":16},{"not_picked":["Undo","Steam"],"picked":"Defragment","floor":18},{"not_picked":["Skim","Barrage"],"picked":"Doom and Gloom+1","floor":19},{"not_picked":["Cold Snap","Melter"],"picked":"Self Repair","floor":24},{"not_picked":["Heatsinks","Sunder"],"picked":"Steam","floor":27},{"not_picked":["Leap","Sunder"],"picked":"Conserve Battery","floor":28},{"not_picked":["Seek","Biased Cognition"],"picked":"Electrodynamics","floor":33},{"not_picked":["Self Repair","Leap+1","Streamline"],"picked":"SKIP","floor":35},{"not_picked":["Cold Snap","Sweeping Beam","Gash+1"],"picked":"SKIP","floor":37},{"not_picked":["Turbo+1","Ball Lightning","Rip and Tear"],"picked":"SKIP","floor":38},{"not_picked":["Turbo","Leap"],"picked":"Compile Driver","floor":39},{"not_picked":["Self Repair","Hologram"],"picked":"Go for the Eyes","floor":40},{"not_picked":["Redo+1","Consume+1"],"picked":"Machine Learning","floor":42},{"not_picked":["Sunder","Sweeping Beam+1","Hello World+1"],"picked":"SKIP","floor":45},{"not_picked":["Streamline","Conserve Battery","All For One"],"picked":"SKIP","floor":46}],"player_experience":1268844,"relics_obtained":[{"floor":9,"key":"Bottled Lightning"},{"floor":24,"key":"DataDisk"},{"floor":27,"key":"Boot"},{"floor":40,"key":"Art of War"}],"event_choices":[{"damage_healed":0,"gold_gain":0,"player_choice":"Entered Light","damage_taken":23,"max_hp_gain":0,"max_hp_loss":0,"event_name":"Shining Light","floor":3,"gold_loss":0,"cards_upgraded":["Dualcast","Strike_B"]},{"damage_healed":19,"gold_gain":0,"player_choice":"Healed","damage_taken":0,"max_hp_gain":0,"max_hp_loss":0,"event_name":"The Cleric","floor":8,"gold_loss":35},{"cards_removed":["Strike_B"],"damage_healed":0,"gold_gain":0,"player_choice":"Card Removal","damage_taken":7,"max_hp_gain":0,"max_hp_loss":0,"event_name":"Golden Wing","floor":12,"gold_loss":0},{"damage_healed":0,"gold_gain":0,"player_choice":"Obtained Relic","damage_taken":0,"relics_obtained":["Blood Vial"],"max_hp_gain":0,"max_hp_loss":0,"event_name":"Addict","floor":20,"gold_loss":85},{"damage_healed":0,"gold_gain":0,"player_choice":"Trade","damage_taken":0,"relics_obtained":["GremlinMask"],"max_hp_gain":0,"max_hp_loss":0,"event_name":"FaceTrader","floor":22,"gold_loss":0},{"damage_healed":0,"gold_gain":50,"player_choice":"Stole From Cult","damage_taken":0,"max_hp_gain":0,"max_hp_loss":0,"event_name":"Nest","floor":29,"gold_loss":0},{"damage_healed":0,"gold_gain":0,"player_choice":"Forge","damage_taken":0,"max_hp_gain":0,"max_hp_loss":0,"event_name":"Accursed Blacksmith","floor":36,"gold_loss":0,"cards_upgraded":["Fission"]},{"damage_healed":0,"gold_gain":50,"player_choice":"Pray","damage_taken":0,"max_hp_gain":0,"max_hp_loss":0,"event_name":"Golden Shrine","floor":44,"gold_loss":0},{"damage_healed":0,"gold_gain":0,"player_choice":"Ignored","damage_taken":0,"max_hp_gain":0,"max_hp_loss":0,"event_name":"Mysterious Sphere","floor":47,"gold_loss":0}],"is_beta":false,"boss_relics":[{"not_picked":["Lizard Tail","Empty Cage"],"picked":"Cursed Key"},{"not_picked":["FrozenCore","Calling Bell"],"picked":"Coffee Dripper"}],"items_purged_floors":[21],"is_endless":false,"potions_floor_spawned":[4,11,19,24,37,38,39],"killed_by":"Time Eater","ascension_level":20}