{"gold_per_floor":[369,6,25,25,40,40,68,68,92,110,75,75],"floor_reached":12,"playtime":644,"items_purged":["Pain"],"score":156,"play_id":"1623b311-2c69-40ba-87b5-3808ff71cd2e","local_time":"20190526143143","is_ascension_mode":true,"campfire_choices":[{"data":"Consume","floor":6.0,"key":"SMITH"},{"floor":8.0,"key":"REST"}],"neow_cost":"CURSE","seed_source_timestamp":507446081509094,"circlet_count":0,"master_deck":["AscendersBane","Strike_B","Strike_B","Strike_B","Strike_B","Defend_B+1","Defend_B+1","Defend_B","Defend_B","Zap","Dualcast","Consume+1","FTL","Decay","Go for the Eyes","Genetic Algorithm","Glacier"],"special_seed":0,"relics":["Cracked Core","Question Card","Anchor","War Paint"],"potions_floor_usage":[12],"damage_taken":[{"damage":16.0,"enemies":"2 Louse","floor":1.0,"turns":3.0},{"damage":1.0,"enemies":"Cultist","floor":3.0,"turns":3.0},{"damage":2.0,"enemies":"Jaw Worm","floor":5.0,"turns":3.0},{"damage":32.0,"enemies":"Gremlin Nob","floor":7.0,"turns":4.0},{"damage":29.0,"enemies":"Lots of Slimes","floor":10.0,"turns":5.0},{"damage":22,"enemies":"3 Sentries","floor":12,"turns":15}],"seed_played":"7117798655342348071","potions_obtained":[{"floor":1.0,"key":"Strength Potion"},{"floor":3.0,"key":"Poison Potion"},{"floor":10.0,"key":"Block Potion"}],"is_trial":false,"path_per_floor":["M","$","M","?","M","R","E","R","T","M","?","E"],"character_chosen":"DEFECT","items_purchased":["Question Card"],"campfire_rested":1,"item_purchase_floors":[2],"current_hp_per_floor":[48,48,47,47,45,45,13,34,34,5,22,0],"gold":75,"neow_bonus":"TWO_FIFTY_GOLD","is_prod":false,"is_daily":false,"chose_seed":false,"campfire_upgraded":1,"win_rate":0,"timestamp":1558895503,"path_taken":["M","$","M","?","M","R","E","R","T","?","?","E"],"build_version":"2019-01-23","purchased_purges":1,"victory":false,"max_hp_per_floor":[71,71,71,71,71,71,71,71,71,71,71,71],"card_choices":[{"not_picked":["Hello World","Turbo"],"picked":"Consume","floor":1.0},{"not_picked":["Undo","Stack","Compile Driver"],"picked":"FTL","floor":3.0},{"not_picked":["Gash","Streamline","BootSequence"],"picked":"Go for the Eyes","floor":5.0},{"not_picked":["Rebound","Sweeping Beam","Conserve Battery"],"picked":"Genetic Algorithm","floor":7.0},{"not_picked":["Barrage","Steam","Cold Snap"],"picked":"Glacier","floor":10.0}],"player_experience":817640,"relics_obtained":[{"floor":7.0,"key":"Anchor"},{"floor":9.0,"key":"War Paint"}],"event_choices":[{"damage_healed":0.0,"max_hp_gain":0.0,"max_hp_loss":0.0,"gold_gain":0.0,"event_name":"Wheel of Change","player_choice":"Cursed","floor":4.0,"gold_loss":0.0,"damage_taken":0.0,"cards_obtained":["Decay"]},{"damage_healed":17.0,"max_hp_gain":0.0,"max_hp_loss":0.0,"gold_gain":0.0,"event_name":"The Cleric","player_choice":"Healed","floor":11.0,"gold_loss":35.0,"damage_taken":0.0}],"is_beta":false,"boss_relics":[],"items_purged_floors":[2],"is_endless":false,"potions_floor_spawned":[1,3,5,10],"killed_by":"3 Sentries","ascension_level":20}