{"gold_per_floor":[110,110,129,129,129,163,163,204,252,252,287,308,332,125,125,256,256,279,279,279,133,154,185,185,204,204,220,236,251,264,279,279,410,410,429,429,84,98,164,164,497,497,497,509,535,78,78,78,78,78],"floor_reached":51,"playtime":2548,"items_purged":["Strike_R","Searing Blow"],"score":1179,"play_id":"3fef8e6f-8518-4eb8-a765-e5be71354d88","local_time":"20190526122605","is_ascension_mode":true,"campfire_choices":[{"data":"True Grit","floor":7.0,"key":"SMITH"},{"floor":10.0,"key":"REST"},{"floor":15.0,"key":"REST"},{"data":"Limit Break","floor":32.0,"key":"SMITH"},{"data":"Inflame","floor":40.0,"key":"SMITH"},{"data":"Seeing Red","floor":42.0,"key":"SMITH"},{"data":"Havoc","floor":47.0,"key":"SMITH"},{"data":"Flex","floor":49,"key":"SMITH"}],"neow_cost":"NONE","seed_source_timestamp":788286875455300,"circlet_count":0,"master_deck":["AscendersBane","Bash","True Grit+1","Shockwave","Inflame+1","Limit Break+1","Reaper","Carnage","Limit Break","Metallicize","Reaper","Seeing Red+1","Whirlwind","Reckless Charge","Flex+1","Shrug It Off","Warcry+1","Limit Break","Battle Trance","Evolve+1","Exhume","Ghostly Armor+1","Disarm+1","Havoc+1","Thinking Ahead","Warcry"],"special_seed":0,"relics":["Philosopher\u0027s Stone","Bronze Scales","Peace Pipe","Prayer Wheel","Centennial Puzzle","Blue Candle","Pandora\u0027s Box","Enchiridion","Thread and Needle","Gremlin Horn","Darkstone Periapt","Velvet Choker","Strange Spoon","Orichalcum","Dead Branch","Dodecahedron","Pantograph","Frozen Eye"],"potions_floor_usage":[50,50],"damage_taken":[{"damage":3.0,"enemies":"Jaw Worm","floor":1.0,"turns":3.0},{"damage":0.0,"enemies":"Small Slimes","floor":3.0,"turns":3.0},{"damage":22.0,"enemies":"Gremlin Nob","floor":6.0,"turns":4.0},{"damage":28.0,"enemies":"Lagavulin","floor":8.0,"turns":7.0},{"damage":26.0,"enemies":"Gremlin Nob","floor":11.0,"turns":4.0},{"damage":1.0,"enemies":"2 Louse","floor":12.0,"turns":2.0},{"damage":0.0,"enemies":"Blue Slaver","floor":13.0,"turns":3.0},{"damage":10.0,"enemies":"Slime Boss","floor":16.0,"turns":11.0},{"damage":12.0,"enemies":"3 Byrds","floor":18.0,"turns":3.0},{"damage":10.0,"enemies":"Chosen","floor":22.0,"turns":4.0},{"damage":55.0,"enemies":"Book of Stabbing","floor":23.0,"turns":4.0},{"damage":8.0,"enemies":"Centurion and Healer","floor":25.0,"turns":3.0},{"damage":11.0,"enemies":"Sentry and Sphere","floor":27.0,"turns":4.0},{"damage":10.0,"enemies":"Chosen and Byrds","floor":28.0,"turns":3.0},{"damage":0.0,"enemies":"Snecko","floor":29.0,"turns":3.0},{"damage":15.0,"enemies":"Snake Plant","floor":30.0,"turns":2.0},{"damage":11.0,"enemies":"Chosen and Byrds","floor":31.0,"turns":4.0},{"damage":28.0,"enemies":"Collector","floor":33.0,"turns":6.0},{"damage":26.0,"enemies":"Orb Walker","floor":35.0,"turns":5.0},{"damage":5.0,"enemies":"3 Shapes","floor":38.0,"turns":3.0},{"damage":115.0,"enemies":"2 Orb Walkers","floor":39.0,"turns":6.0},{"damage":3.0,"enemies":"3 Darklings","floor":44.0,"turns":2.0},{"damage":21.0,"enemies":"Nemesis","floor":45.0,"turns":5.0},{"damage":63,"enemies":"Donu and Deca","floor":50,"turns":6}],"seed_played":"-265787110043522362","potions_obtained":[{"floor":6.0,"key":"Explosive Potion"},{"floor":8.0,"key":"Ancient Potion"},{"floor":12.0,"key":"SkillPotion"},{"floor":22.0,"key":"EssenceOfSteel"},{"floor":31.0,"key":"Regen Potion"},{"floor":33.0,"key":"Regen Potion"}],"is_trial":false,"path_per_floor":["M","?","M","?","?","E","R","E","T","R","E","M","M","$","R","B",null,"M","?","?","$","M","E","T","M","T","M","M","M","M","M","R","B",null,"M","?","$","M","?","R","?","R","T","M","E","$","R","?","R","B",null],"character_chosen":"IRONCLAD","items_purchased":["Limit Break","PowerPotion","Flex","Strange Spoon","Orichalcum","Frozen Eye","Havoc","Thinking Ahead","Warcry"],"campfire_rested":2,"item_purchase_floors":[14,14,21,37,37,46,46,46,46],"current_hp_per_floor":[69,69,69,69,62,40,40,12,12,34,8,7,7,7,29,19,60,62,46,46,46,69,32,32,74,74,74,74,74,74,74,74,74,74,66,66,66,73,74,74,74,74,74,71,74,74,74,74,74,74],"gold":78,"neow_bonus":"BOSS_RELIC","is_prod":false,"is_daily":false,"chose_seed":false,"campfire_upgraded":6,"win_rate":0,"timestamp":1558898765,"path_taken":["M","?","M","?","?","E","R","E","T","R","E","M","M","$","R","BOSS","M","?","?","$","M","E","?","?","T","M","M","M","M","M","R","BOSS","M","?","$","M","?","R","?","R","T","?","E","$","R","?","R","BOSS"],"build_version":"2019-01-23","purchased_purges":2,"victory":true,"max_hp_per_floor":[80,74,74,74,74,74,74,74,74,74,74,74,74,74,74,74,74,74,74,74,74,74,74,74,74,74,74,74,74,74,74,74,74,74,74,74,74,74,74,74,74,74,74,74,74,74,74,74,74,74],"card_choices":[{"not_picked":["Sword Boomerang","Clothesline","Perfected Strike"],"picked":"SKIP","floor":1.0},{"not_picked":["Sword Boomerang","Uppercut","Clash"],"picked":"SKIP","floor":3.0},{"not_picked":["Pommel Strike","Iron Wave"],"picked":"True Grit","floor":6.0},{"not_picked":["Sever Soul","Pommel Strike","Rupture"],"picked":"SKIP","floor":8.0},{"not_picked":["Berserk","Anger","True Grit"],"picked":"SKIP","floor":11.0},{"not_picked":["Body Slam","Anger"],"picked":"Shockwave","floor":12.0},{"not_picked":["Perfected Strike","Heavy Blade"],"picked":"Inflame","floor":12.0},{"not_picked":["Rage","Reckless Charge","Seeing Red"],"picked":"SKIP","floor":13.0},{"not_picked":["Anger","Bloodletting","Warcry"],"picked":"SKIP","floor":13.0},{"not_picked":["Offering","Double Tap"],"picked":"Reaper","floor":16.0},{"not_picked":["Cleave","Clash","Rage"],"picked":"SKIP","floor":18.0},{"not_picked":["Twin Strike","Warcry","Body Slam"],"picked":"SKIP","floor":18.0},{"not_picked":["Wild Strike","Heavy Blade","Anger"],"picked":"SKIP","floor":22.0},{"not_picked":["Twin Strike","Perfected Strike","Sword Boomerang"],"picked":"SKIP","floor":22.0},{"not_picked":["Searing Blow+1","Anger+1"],"picked":"Shrug It Off","floor":23.0},{"not_picked":["Disarm","Shockwave+1"],"picked":"Warcry+1","floor":25.0},{"not_picked":["Pommel Strike+1","Iron Wave+1","Headbutt"],"picked":"SKIP","floor":25.0},{"not_picked":["Entrench+1","Thunderclap","Clothesline"],"picked":"SKIP","floor":27.0},{"not_picked":["Body Slam","Perfected Strike+1","Hemokinesis"],"picked":"SKIP","floor":27.0},{"not_picked":["Cleave","Pommel Strike"],"picked":"Limit Break","floor":28.0},{"not_picked":["Wild Strike+1","Combust","Iron Wave"],"picked":"SKIP","floor":28.0},{"not_picked":["Shrug It Off","Shockwave"],"picked":"Battle Trance","floor":29.0},{"not_picked":["Perfected Strike","Thunderclap","Havoc"],"picked":"SKIP","floor":29.0},{"not_picked":["Anger","Hemokinesis","Clash"],"picked":"SKIP","floor":30.0},{"not_picked":["Anger+1","Power Through","Rupture"],"picked":"SKIP","floor":30.0},{"not_picked":["Burning Pact","Twin Strike"],"picked":"Evolve+1","floor":31.0},{"not_picked":["Barricade","Headbutt+1","Heavy Blade"],"picked":"SKIP","floor":31.0},{"not_picked":["Feed","Impervious"],"picked":"Exhume","floor":33.0},{"not_picked":["Warcry","Whirlwind"],"picked":"Ghostly Armor+1","floor":35.0},{"not_picked":["Wild Strike","Iron Wave"],"picked":"Disarm+1","floor":35.0},{"not_picked":["Perfected Strike","Pummel","Hemokinesis+1"],"picked":"SKIP","floor":38.0},{"not_picked":["Hemokinesis","True Grit+1","Clothesline+1"],"picked":"SKIP","floor":38.0},{"not_picked":["Berserk","Uppercut","Iron Wave"],"picked":"SKIP","floor":44.0},{"not_picked":["Havoc","Thunderclap","Clash+1"],"picked":"SKIP","floor":44.0},{"not_picked":["Burning Pact","Anger","Heavy Blade"],"picked":"SKIP","floor":45.0}],"player_experience":276379,"relics_obtained":[{"floor":6.0,"key":"Peace Pipe"},{"floor":8.0,"key":"Prayer Wheel"},{"floor":9.0,"key":"Centennial Puzzle"},{"floor":11.0,"key":"Blue Candle"},{"floor":19.0,"key":"Enchiridion"},{"floor":23.0,"key":"Thread and Needle"},{"floor":24.0,"key":"Gremlin Horn"},{"floor":26.0,"key":"Darkstone Periapt"},{"floor":39.0,"key":"Dead Branch"},{"floor":43.0,"key":"Dodecahedron"},{"floor":45.0,"key":"Pantograph"}],"event_choices":[{"damage_healed":0.0,"max_hp_gain":0.0,"max_hp_loss":6.0,"gold_gain":0.0,"event_name":"Golden Idol","player_choice":"Lose Max HP","floor":2.0,"gold_loss":0.0,"damage_taken":0.0,"relics_obtained":["Golden Idol"]},{"damage_healed":0.0,"max_hp_gain":0.0,"max_hp_loss":0.0,"gold_gain":0.0,"event_name":"Liars Game","player_choice":"Ignored","floor":4.0,"gold_loss":0.0,"damage_taken":0.0},{"damage_healed":0.0,"max_hp_gain":0.0,"max_hp_loss":0.0,"gold_gain":0.0,"event_name":"Scrap Ooze","player_choice":"Success","floor":5.0,"gold_loss":0.0,"damage_taken":7.0,"relics_obtained":["Bronze Scales"]},{"damage_healed":0.0,"max_hp_gain":0.0,"max_hp_loss":0.0,"gold_gain":0.0,"event_name":"Cursed Tome","player_choice":"Obtained Book","floor":19.0,"gold_loss":0.0,"damage_taken":16.0},{"damage_healed":0.0,"max_hp_gain":0.0,"max_hp_loss":0.0,"gold_gain":0.0,"event_name":"Ghosts","player_choice":"Ignored","floor":20.0,"gold_loss":0.0,"damage_taken":0.0},{"damage_healed":0.0,"max_hp_gain":0.0,"max_hp_loss":0.0,"gold_gain":0.0,"event_name":"SensoryStone","player_choice":"Memory 1","floor":36.0,"gold_loss":0.0,"damage_taken":0.0},{"damage_healed":0.0,"max_hp_gain":0.0,"max_hp_loss":0.0,"gold_gain":0.0,"event_name":"Mysterious Sphere","player_choice":"Fight","floor":39.0,"gold_loss":0.0,"damage_taken":0.0},{"damage_healed":0.0,"max_hp_gain":0.0,"max_hp_loss":0.0,"gold_gain":333.0,"event_name":"The Moai Head","player_choice":"Gave Idol","floor":41.0,"relics_lost":["Golden Idol"],"gold_loss":0.0,"damage_taken":0.0},{"damage_healed":0,"gold_gain":0,"player_choice":"Leave","damage_taken":0,"max_hp_gain":0,"max_hp_loss":0,"event_name":"FaceTrader","floor":48,"gold_loss":0}],"is_beta":false,"boss_relics":[{"not_picked":["Runic Dome","Eternal Feather"],"picked":"Pandora\u0027s Box"},{"not_picked":["Mark of Pain","Black Star"],"picked":"Velvet Choker"}],"items_purged_floors":[14,21],"is_endless":false,"potions_floor_spawned":[6,8,12,22,23,29,30,31,33,44,45],"ascension_level":12}