{"gold_per_floor":[118,118,132,149,163,163,180,180,207,53,72,87,114,130,130,232,232,245,258,258,358,19,19,37,37,37,55,72,83,103,158,158,260,260,276,236,254,254,271,271,287,317,317,317,329,13,13,38,38,38],"floor_reached":51,"playtime":3737,"items_purged":["Doubt"],"score":760,"play_id":"fa5b87d2-b893-4639-8248-db020bcad037","local_time":"20190514233924","is_ascension_mode":false,"campfire_choices":[{"data":"Dagger Spray","floor":6,"key":"SMITH"},{"data":"Neutralize","floor":8,"key":"SMITH"},{"data":"Footwork","floor":15,"key":"SMITH"},{"floor":23,"key":"REST"},{"data":"Noxious Fumes","floor":32,"key":"SMITH"},{"data":"Well Laid Plans","floor":40,"key":"SMITH"},{"data":"Adrenaline","floor":44,"key":"SMITH"},{"data":"Crippling Poison","floor":47,"key":"SMITH"},{"data":"Footwork","floor":49,"key":"SMITH"}],"neow_cost":"NONE","seed_source_timestamp":0,"circlet_count":0,"master_deck":["Survivor+1","Neutralize+1","Footwork+1","Backflip","Deflect","Dagger Spray+1","Poisoned Stab","Poisoned Stab","Well Laid Plans+1","Outmaneuver","Adrenaline+1","All Out Attack+1","Terror","Bullet Time","Backflip","Doppelganger+1","Venomology","Infinite Blades","Choke","Finisher","Concentrate","Crippling Poison","Backflip+1","Dagger Spray","Noxious Fumes+1","Deadly Poison","Writhe","PiercingWail+1","Deadly Poison+1","Adrenaline","Footwork+1","Deflect+1","Cloak And Dagger+1","Blur","Leg Sweep","Crippling Poison+1","Footwork+1"],"relics":["Ring of the Snake","Regal Pillow","Bag of Preparation","Happy Flower","Pen Nib","Pandora\u0027s Box","MutagenicStrength","Bird Faced Urn","Bottled Tornado","Meat on the Bone","Bronze Scales","Ornamental Fan","Tiny Chest","Cursed Key","Lantern","War Paint","TheAbacus","Centennial Puzzle"],"potions_floor_usage":[16,21,24,28,29,33,35,48,50,50,50,50,50,50],"damage_taken":[{"damage":2,"enemies":"Jaw Worm","floor":1,"turns":4},{"damage":0,"enemies":"Cultist","floor":3,"turns":5},{"damage":0,"enemies":"2 Louse","floor":4,"turns":2},{"damage":16,"enemies":"Large Slime","floor":5,"turns":10},{"damage":2,"enemies":"Exordium Wildlife","floor":7,"turns":5},{"damage":2,"enemies":"3 Louse","floor":11,"turns":3},{"damage":2,"enemies":"Lots of Slimes","floor":12,"turns":3},{"damage":17,"enemies":"3 Sentries","floor":13,"turns":7},{"damage":0,"enemies":"2 Fungi Beasts","floor":14,"turns":3},{"damage":20,"enemies":"The Guardian","floor":16,"turns":13},{"damage":8,"enemies":"Shell Parasite","floor":18,"turns":3},{"damage":0,"enemies":"3 Byrds","floor":19,"turns":4},{"damage":12,"enemies":"Colosseum Slavers","floor":21,"turns":3},{"damage":31,"enemies":"Colosseum Nobs","floor":21,"turns":4},{"damage":0,"enemies":"Snake Plant","floor":24,"turns":3},{"damage":14,"enemies":"Shelled Parasite and Fungi","floor":27,"turns":3},{"damage":9,"enemies":"Snecko","floor":28,"turns":4},{"damage":0,"enemies":"3 Cultists","floor":29,"turns":3},{"damage":1,"enemies":"Chosen and Byrds","floor":30,"turns":3},{"damage":18,"enemies":"Slavers","floor":31,"turns":4},{"damage":29,"enemies":"Automaton","floor":33,"turns":9},{"damage":35,"enemies":"3 Darklings","floor":35,"turns":4},{"damage":0,"enemies":"Orb Walker","floor":37,"turns":2},{"damage":13,"enemies":"4 Shapes","floor":39,"turns":4},{"damage":16,"enemies":"Transient","floor":41,"turns":5},{"damage":0,"enemies":"Nemesis","floor":42,"turns":5},{"damage":0,"enemies":"Jaw Worm Horde","floor":45,"turns":3},{"damage":0,"enemies":"Giant Head","floor":48,"turns":8},{"damage":10,"enemies":"Awakened One","floor":50,"turns":13}],"seed_played":"-2881289027281249956","potions_obtained":[{"floor":1,"key":"Weak Potion"},{"floor":2,"key":"Poison Potion"},{"floor":2,"key":"LiquidBronze"},{"floor":11,"key":"GhostInAJar"},{"floor":12,"key":"Strength Potion"},{"floor":16,"key":"Block Potion"},{"floor":21,"key":"GhostInAJar"}],"is_trial":false,"path_per_floor":["M","?","M","M","M","R","M","R","T","$","M","M","E","M","R","B",null,"M","M","?","?","$","R","M","?","T","M","M","M","M","E","R","B",null,"M","?","M","?","M","R","M","E","T","R","M","$","R","E","R","B",null],"character_chosen":"THE_SILENT","items_purchased":["Happy Flower","Meat on the Bone","Noxious Fumes","Deadly Poison","TheAbacus","Crippling Poison"],"campfire_rested":1,"item_purchase_floors":[10,22,22,22,46,46],"current_hp_per_floor":[68,68,68,68,52,52,50,50,50,50,48,46,29,29,29,9,70,62,62,62,19,19,55,61,61,61,51,57,61,66,56,56,47,70,39,39,45,45,42,42,36,46,46,46,52,52,52,62,62,62],"gold":38,"neow_bonus":"RANDOM_COMMON_RELIC","is_prod":false,"is_daily":false,"chose_seed":true,"campfire_upgraded":8,"win_rate":0,"timestamp":1557891564,"path_taken":["M","?","M","M","M","R","M","R","T","$","?","?","E","M","R","BOSS","M","M","?","?","$","R","M","?","T","?","M","M","M","E","R","BOSS","M","?","?","?","M","R","M","E","T","R","M","$","R","E","R","BOSS"],"build_version":"2019-01-23","purchased_purges":1,"victory":true,"max_hp_per_floor":[70,70,70,70,70,70,70,70,70,70,70,70,70,70,70,70,70,70,70,70,70,70,70,70,70,70,70,70,70,70,70,70,70,70,70,70,70,66,66,66,66,66,66,66,66,66,66,66,66,66],"card_choices":[{"not_picked":["Well Laid Plans","Dodge and Roll"],"picked":"Footwork","floor":1},{"not_picked":["Underhanded Strike","Slice"],"picked":"Backflip","floor":3},{"not_picked":["Riddle With Holes","Blade Dance"],"picked":"Deflect","floor":4},{"not_picked":["PiercingWail","Calculated Gamble"],"picked":"Dagger Spray","floor":5},{"not_picked":["Well Laid Plans","Bane"],"picked":"Poisoned Stab","floor":7},{"not_picked":["Underhanded Strike","Bane","Masterful Stab"],"picked":"SKIP","floor":11},{"not_picked":["Tools of the Trade","Accuracy"],"picked":"Poisoned Stab","floor":12},{"not_picked":["Poisoned Stab","Dagger Spray"],"picked":"Well Laid Plans","floor":13},{"not_picked":["Expertise","Concentrate"],"picked":"Outmaneuver","floor":14},{"not_picked":["Bullet Time","Phantasmal Killer"],"picked":"Adrenaline","floor":16},{"not_picked":["Eviscerate","Skewer"],"picked":"Crippling Poison","floor":18},{"not_picked":["Dagger Spray","Cloak And Dagger"],"picked":"Backflip+1","floor":19},{"not_picked":["Outmaneuver","Cloak And Dagger"],"picked":"Dagger Spray","floor":21},{"not_picked":["Bane+1","Unload","Backflip"],"picked":"SKIP","floor":24},{"not_picked":["Outmaneuver","Underhanded Strike","Finisher"],"picked":"SKIP","floor":27},{"not_picked":["Flying Knee","Well Laid Plans"],"picked":"PiercingWail","floor":28},{"not_picked":["Bane","Riddle With Holes"],"picked":"Deadly Poison+1","floor":29},{"not_picked":["Blade Dance","Bane","Slice+1"],"picked":"SKIP","floor":30},{"not_picked":["Bane","Blade Dance","Phantasmal Killer"],"picked":"SKIP","floor":31},{"not_picked":["Unload","Bullet Time"],"picked":"Adrenaline","floor":33},{"not_picked":["Deflect","Backflip"],"picked":"Footwork+1","floor":35},{"not_picked":["PiercingWail","Bane"],"picked":"Deflect+1","floor":37},{"not_picked":["Endless Agony","Blade Dance","Tactician"],"picked":"SKIP","floor":39},{"not_picked":["Deflect","Crippling Poison"],"picked":"Cloak And Dagger+1","floor":41},{"not_picked":["Prepared","Cloak And Dagger"],"picked":"Blur","floor":42},{"not_picked":["A Thousand Cuts","Blur"],"picked":"Leg Sweep","floor":45},{"not_picked":["Sucker Punch","Flying Knee"],"picked":"Footwork","floor":48}],"player_experience":279273,"relics_obtained":[{"floor":9,"key":"Bag of Preparation"},{"floor":13,"key":"Pen Nib"},{"floor":21,"key":"Bird Faced Urn"},{"floor":21,"key":"Bottled Tornado"},{"floor":26,"key":"Ornamental Fan"},{"floor":31,"key":"Tiny Chest"},{"floor":42,"key":"Lantern"},{"floor":43,"key":"War Paint"},{"floor":48,"key":"Centennial Puzzle"}],"event_choices":[{"damage_healed":0,"gold_gain":0,"player_choice":"Got Potions","damage_taken":0,"max_hp_gain":0,"max_hp_loss":0,"event_name":"Lab","floor":2,"gold_loss":0},{"damage_healed":0,"gold_gain":0,"player_choice":"Inject Mutagens","damage_taken":0,"relics_obtained":["MutagenicStrength"],"max_hp_gain":0,"max_hp_loss":0,"event_name":"Drug Dealer","floor":20,"gold_loss":0},{"damage_healed":0,"gold_gain":0,"player_choice":"Fight","damage_taken":0,"max_hp_gain":0,"max_hp_loss":0,"event_name":"Colosseum","floor":21,"gold_loss":0},{"damage_healed":0,"gold_gain":0,"player_choice":"Fought Nobs","damage_taken":0,"max_hp_gain":0,"max_hp_loss":0,"event_name":"Colosseum","floor":21,"gold_loss":0},{"damage_healed":0,"gold_gain":0,"player_choice":"Opened","damage_taken":0,"relics_obtained":["Bronze Scales"],"max_hp_gain":0,"max_hp_loss":0,"event_name":"The Mausoleum","floor":25,"gold_loss":0,"cards_obtained":["Writhe"]},{"damage_healed":0,"gold_gain":0,"player_choice":"Upgraded Two","damage_taken":0,"max_hp_gain":0,"max_hp_loss":0,"event_name":"Designer","floor":36,"gold_loss":40,"cards_upgraded":["All Out Attack","PiercingWail"]},{"damage_healed":0,"gold_gain":0,"player_choice":"Max HP","damage_taken":0,"max_hp_gain":0,"max_hp_loss":4,"event_name":"Winding Halls","floor":38,"gold_loss":0}],"is_beta":false,"boss_relics":[{"not_picked":["Ectoplasm","Coffee Dripper"],"picked":"Pandora\u0027s Box"},{"not_picked":["Calling Bell","Snecko Eye"],"picked":"Cursed Key"}],"items_purged_floors":[46],"is_endless":false,"potions_floor_spawned":[1,4,11,12,16,21,21,27,30,37,48],"ascension_level":0}