{"gold_per_floor":[109,122,142,152,152,184,184,217,271,303,314,314],"floor_reached":12,"playtime":818,"items_purged":[],"score":145,"play_id":"c38d69cd-d10b-47d6-935b-929e87221c96","local_time":"20190508005228","is_ascension_mode":true,"campfire_choices":[{"data":"Bash","floor":7,"key":"SMITH"}],"neow_cost":"NONE","seed_source_timestamp":284182834441859,"circlet_count":0,"master_deck":["Strike_R","Strike_R","Strike_R","Strike_R","Defend_R","Defend_R","Defend_R","Defend_R","Bash+1","Blind","Rupture","Clothesline","Twin Strike","Wild Strike","Reckless Charge","Pommel Strike","Corruption","Heavy Blade"],"relics":["Burning Blood","Bronze Scales","Letter Opener","Omamori","Strawberry"],"potions_floor_usage":[6,6,8],"damage_taken":[{"damage":4,"enemies":"Jaw Worm","floor":1,"turns":3},{"damage":3,"enemies":"2 Louse","floor":2,"turns":4},{"damage":6,"enemies":"Cultist","floor":3,"turns":5},{"damage":17,"enemies":"Blue Slaver","floor":4,"turns":5},{"damage":28,"enemies":"Lagavulin","floor":6,"turns":6},{"damage":26,"enemies":"3 Sentries","floor":8,"turns":6},{"damage":20,"enemies":"Lagavulin","floor":10,"turns":6},{"damage":8,"enemies":"Gremlin Gang","floor":11,"turns":5},{"damage":32,"enemies":"3 Sentries","floor":12,"turns":5}],"seed_played":"5284629461932395407","potions_obtained":[{"floor":1,"key":"SteroidPotion"},{"floor":2,"key":"PowerPotion"},{"floor":4,"key":"Regen Potion"}],"is_trial":false,"path_per_floor":["M","M","M","M","?","E","R","E","T","E","M","E"],"character_chosen":"IRONCLAD","items_purchased":[],"campfire_rested":0,"item_purchase_floors":[],"current_hp_per_floor":[74,77,77,66,59,52,52,32,32,25,23,0],"gold":314,"neow_bonus":"RANDOM_COLORLESS","is_prod":false,"is_daily":false,"chose_seed":false,"campfire_upgraded":1,"win_rate":0,"timestamp":1557291148,"path_taken":["M","M","M","M","?","E","R","E","T","E","M","E"],"build_version":"2019-01-23","purchased_purges":0,"victory":false,"max_hp_per_floor":[80,80,80,80,80,80,80,80,80,87,87,87],"card_choices":[{"not_picked":["Carnage","Evolve"],"picked":"Rupture","floor":1},{"not_picked":["Perfected Strike","Heavy Blade"],"picked":"Clothesline","floor":2},{"not_picked":["Rupture","Clothesline"],"picked":"Twin Strike","floor":3},{"not_picked":["Intimidate","Perfected Strike"],"picked":"Wild Strike","floor":4},{"not_picked":["Bloodletting","Carnage"],"picked":"Reckless Charge","floor":6},{"not_picked":["Sword Boomerang","Rupture"],"picked":"Pommel Strike","floor":8},{"not_picked":["Burning Pact","Headbutt"],"picked":"Corruption","floor":10},{"not_picked":["Cleave","Searing Blow"],"picked":"Heavy Blade","floor":11}],"player_experience":412999,"relics_obtained":[{"floor":6,"key":"Bronze Scales"},{"floor":8,"key":"Letter Opener"},{"floor":9,"key":"Omamori"},{"floor":10,"key":"Strawberry"}],"event_choices":[{"cards_removed":["Strike_R"],"damage_healed":0,"gold_gain":0,"player_choice":"Card Removal","damage_taken":7,"max_hp_gain":0,"max_hp_loss":0,"event_name":"Golden Wing","floor":5,"gold_loss":0}],"is_beta":false,"boss_relics":[],"items_purged_floors":[],"is_endless":false,"potions_floor_spawned":[1,2,4],"killed_by":"3 Sentries","ascension_level":9}