{"gold_per_floor":[113,128,128,145,220,251,251,280,364,364,364,44,44,44,44,117,117,127,127,137,137,148,148],"floor_reached":23,"playtime":892,"items_purged":["Strike_B"],"score":419,"play_id":"496c7b8e-6eaa-441e-a98c-1417da93343e","local_time":"20190521222628","is_ascension_mode":true,"campfire_choices":[{"data":"Dualcast","floor":7.0,"key":"SMITH"},{"floor":10.0,"key":"REST"},{"data":"Zap","floor":13.0,"key":"SMITH"},{"floor":15.0,"key":"REST"}],"neow_cost":"NONE","seed_source_timestamp":103533986563500,"circlet_count":0,"master_deck":["AscendersBane","Strike_B+1","Strike_B","Strike_B","Defend_B","Defend_B","Defend_B","Defend_B","Zap+1","Dualcast+1","Doom and Gloom","Compile Driver+1","Ball Lightning","Steam","Glacier","Defragment","Core Surge","Coolheaded","RitualDagger","Genetic Algorithm"],"special_seed":0,"relics":["Cracked Core","Dodecahedron","Happy Flower","Tiny Chest","Philosopher\u0027s Stone","Nloth\u0027s Gift"],"potions_floor_usage":[23],"damage_taken":[{"damage":1.0,"enemies":"2 Louse","floor":1.0,"turns":3.0},{"damage":1.0,"enemies":"Small Slimes","floor":2.0,"turns":4.0},{"damage":0.0,"enemies":"Cultist","floor":4.0,"turns":3.0},{"damage":24.0,"enemies":"Gremlin Nob","floor":6.0,"turns":4.0},{"damage":25.0,"enemies":"Lagavulin","floor":8.0,"turns":6.0},{"damage":8.0,"enemies":"The Guardian","floor":16.0,"turns":11.0},{"damage":14.0,"enemies":"Chosen","floor":18.0,"turns":5.0},{"damage":0.0,"enemies":"Spheric Guardian","floor":20.0,"turns":3.0},{"damage":27.0,"enemies":"Shelled Parasite and Fungi","floor":22.0,"turns":5.0},{"damage":40,"enemies":"Slavers","floor":23,"turns":2}],"seed_played":"6392538141804571748","potions_obtained":[{"floor":1.0,"key":"GamblersBrew"},{"floor":2.0,"key":"Weak Potion"},{"floor":6.0,"key":"FearPotion"},{"floor":18.0,"key":"SkillPotion"}],"is_trial":false,"path_per_floor":["M","M","?","M","?","E","R","E","T","R","?","$","R","$","R","B",null,"M","?","M","?","M","E"],"character_chosen":"DEFECT","items_purchased":["Strawberry","Defragment"],"campfire_rested":2,"item_purchase_floors":[12,12],"current_hp_per_floor":[70,69,74,74,63,39,39,14,14,38,13,20,20,20,47,39,77,63,57,57,57,30,0],"gold":148,"neow_bonus":"TEN_PERCENT_HP_BONUS","is_prod":false,"is_daily":false,"chose_seed":false,"campfire_upgraded":2,"win_rate":0,"timestamp":1558491988,"path_taken":["M","M","?","M","?","E","R","E","T","R","?","$","R","$","R","BOSS","M","?","M","?","?","E"],"build_version":"2019-01-23","purchased_purges":1,"victory":false,"max_hp_per_floor":[78,78,83,83,83,83,83,83,83,83,83,90,90,90,90,90,90,90,90,90,90,90,90],"card_choices":[{"not_picked":["Melter","Leap"],"picked":"Doom and Gloom","floor":1.0},{"not_picked":["Streamline","Gash"],"picked":"Compile Driver","floor":2.0},{"not_picked":["Steam Power","Cold Snap"],"picked":"Ball Lightning","floor":4.0},{"not_picked":["Steam Power","Blizzard"],"picked":"Steam","floor":6.0},{"not_picked":["Sweeping Beam","Hologram"],"picked":"Glacier","floor":8.0},{"not_picked":["Reboot","Multi-Cast"],"picked":"Core Surge","floor":16.0},{"not_picked":["Go for the Eyes","Barrage"],"picked":"Coolheaded","floor":18.0},{"not_picked":["Ball Lightning","Melter"],"picked":"Genetic Algorithm","floor":20.0},{"not_picked":["Streamline","Stack","Beam Cell"],"picked":"SKIP","floor":22.0}],"player_experience":727112,"relics_obtained":[{"floor":6.0,"key":"Dodecahedron"},{"floor":8.0,"key":"Happy Flower"},{"floor":9.0,"key":"Tiny Chest"}],"event_choices":[{"damage_healed":0.0,"max_hp_gain":5.0,"max_hp_loss":0.0,"gold_gain":0.0,"event_name":"Big Fish","player_choice":"Donut","floor":3.0,"gold_loss":0.0,"damage_taken":0.0},{"damage_healed":0.0,"max_hp_gain":0.0,"max_hp_loss":0.0,"gold_gain":75.0,"event_name":"World of Goop","player_choice":"Gather Gold","floor":5.0,"gold_loss":0.0,"damage_taken":11.0},{"damage_healed":0.0,"max_hp_gain":0.0,"max_hp_loss":0.0,"gold_gain":0.0,"event_name":"Shining Light","player_choice":"Entered Light","floor":11.0,"gold_loss":0.0,"damage_taken":25.0,"cards_upgraded":["Compile Driver","Strike_B"]},{"damage_healed":0.0,"max_hp_gain":0.0,"max_hp_loss":0.0,"gold_gain":0.0,"event_name":"Nest","player_choice":"Joined the Cult","floor":19.0,"gold_loss":0.0,"damage_taken":6.0,"cards_obtained":["RitualDagger"]},{"damage_healed":0.0,"max_hp_gain":0.0,"max_hp_loss":0.0,"gold_gain":0.0,"event_name":"N\u0027loth","player_choice":"Traded Relic","floor":21.0,"relics_lost":["Strawberry"],"gold_loss":0.0,"damage_taken":0.0,"relics_obtained":["Nloth\u0027s Gift"]}],"is_beta":false,"boss_relics":[{"not_picked":["Tiny House","Astrolabe"],"picked":"Philosopher\u0027s Stone"}],"items_purged_floors":[12],"is_endless":false,"potions_floor_spawned":[1,2,6,18],"killed_by":"Slavers","ascension_level":20}