{"gold_per_floor":[113,113,123,139,139,166,166,181,181,197,197,215,228,242,242,338,338,354,354,354,269,23,55,55,55,82,82,96,109,109,126,126,226,226,241,256,270,1269,1269,1269,254,254,254,281,292,321,19,19,19,19],"floor_reached":51,"playtime":5020,"items_purged":[],"score":827,"play_id":"b973fbda-929b-4f0b-a723-8d24f7dd23af","local_time":"20180715230616","is_ascension_mode":false,"campfire_choices":[{"floor":7.0,"key":"REST"},{"data":"Strike_R","floor":11,"key":"SMITH"},{"floor":15,"key":"REST"},{"floor":24,"key":"REST"},{"data":"Clothesline","floor":27,"key":"SMITH"},{"data":"Strike_R","floor":30,"key":"SMITH"},{"data":"Twin Strike","floor":32,"key":"SMITH"},{"data":"Limit Break","floor":40,"key":"SMITH"},{"data":"Double Tap","floor":42,"key":"SMITH"},{"data":"Enlightenment","floor":49,"key":"SMITH"}],"neow_cost":"NONE","seed_source_timestamp":0,"circlet_count":0,"master_deck":["Strike_R+1","Strike_R+1","Strike_R","Strike_R","Strike_R","Defend_R","Defend_R","Defend_R","Defend_R+1","Bash","Thunderclap","Headbutt","Clothesline+1","Disarm","Twin Strike","Inflame+1","Thunderclap","Shrug It Off","Twin Strike+1","Double Tap+1","Cleave","Writhe","Bandage Up","Entrench","Uppercut+1","Intimidate+1","Cleave+1","Limit Break+1","Armaments","Cleave+1","Shrug It Off","Finesse","Enlightenment+1","Deep Breath","Clothesline","Pommel Strike","Flex","Double Tap+1","Rupture+1","Transmutation","Blind","Perfected Strike+1","Headbutt","Clothesline","Uppercut","Armaments"],"special_seed":0,"relics":["Burning Blood","Blood Vial","Shuriken","Letter Opener","Bag of Preparation","Frozen Egg 2","Sozu","War Paint","Enchiridion","Strawberry","Happy Flower","Omamori","Ornamental Fan","Lantern","Busted Crown","Bag of Marbles","Self Forming Clay","Gremlin Horn","Ginger","Paper Frog","Bronze Scales"],"potions_floor_usage":[14,16,16,23],"damage_taken":[{"damage":11.0,"enemies":"Jaw Worm","floor":1.0,"turns":3.0},{"damage":6.0,"enemies":"Cultist","floor":3.0,"turns":3.0},{"damage":10.0,"enemies":"Small Slimes","floor":4.0,"turns":3.0},{"damage":44.0,"enemies":"Lagavulin","floor":6.0,"turns":7.0},{"damage":7.0,"enemies":"Exordium Wildlife","floor":8.0,"turns":4.0},{"damage":9.0,"enemies":"Blue Slaver","floor":10.0,"turns":4.0},{"damage":23,"enemies":"Exordium Thugs","floor":12,"turns":5},{"damage":8,"enemies":"Gremlin Gang","floor":13,"turns":4},{"damage":0,"enemies":"Red Slaver","floor":14,"turns":4},{"damage":0,"enemies":"Slime Boss","floor":16,"turns":6},{"damage":19,"enemies":"2 Thieves","floor":18,"turns":3},{"damage":27,"enemies":"Gremlin Leader","floor":23,"turns":5},{"damage":0,"enemies":"Chosen","floor":28,"turns":3},{"damage":17,"enemies":"Snake Plant","floor":29,"turns":3},{"damage":0,"enemies":"Centurion and Healer","floor":31,"turns":6},{"damage":22,"enemies":"Champ","floor":33,"turns":8},{"damage":3,"enemies":"Flame Bruiser 1 Orb","floor":35,"turns":4},{"damage":0,"enemies":"3 Shapes","floor":36,"turns":2},{"damage":3,"enemies":"Maw","floor":37,"turns":6},{"damage":31,"enemies":"Nemesis","floor":44,"turns":5},{"damage":8,"enemies":"4 Shapes","floor":45,"turns":3},{"damage":0,"enemies":"2 Orb Walkers","floor":46,"turns":2},{"damage":59,"enemies":"Awakened One","floor":50,"turns":7}],"seed_played":"447387072853328964","potions_obtained":[{"floor":4.0,"key":"Dexterity Potion"},{"floor":8.0,"key":"Fire Potion"},{"floor":10.0,"key":"AttackPotion"},{"floor":12,"key":"AttackPotion"},{"floor":14,"key":"Regen Potion"}],"is_trial":false,"path_per_floor":["M","?","M","M","?","E","R","M","T","M","R","M","M","M","R","B",null,"M","?","?","?","$","E","R","T","T","R","M","M","R","M","R","B",null,"M","M","M","?","?","R","$","R","T","E","M","E","$","?","R","B"],"character_chosen":"IRONCLAD","items_purchased":["Happy Flower","Bandage Up","Bag of Marbles","Self Forming Clay","Clothesline","Pommel Strike","Flex","Double Tap","Rupture+1","Transmutation","Blind","Bronze Scales","Uppercut","Armaments","Warcry"],"campfire_rested":3,"item_purchase_floors":[22,22,41,41,41,41,41,41,41,41,41,47,47,47,47],"current_hp_per_floor":[75,75,77,75,68,32,56,57,57,56,56,41,41,49,73,80,80,67,67,51,58,58,48,74,74,74,74,82,76,76,87,87,74,87,87,87,87,87,77,77,77,77,77,58,62,74,74,74,74,27],"gold":19,"neow_bonus":"RANDOM_COMMON_RELIC","is_prod":false,"is_daily":false,"chose_seed":false,"campfire_upgraded":7,"win_rate":0,"timestamp":1531710376,"path_taken":["M","?","M","M","?","E","R","M","T","?","R","M","?","?","R","BOSS","M","?","?","?","$","E","R","?","T","R","M","M","R","?","R","BOSS","M","?","M","?","?","R","$","R","T","E","M","E","$","?","R","BOSS"],"build_version":"2018-07-12","purchased_purges":0,"victory":true,"max_hp_per_floor":[80,80,80,80,80,80,80,80,80,80,80,80,80,80,80,80,80,80,80,80,87,87,87,87,87,87,87,87,87,87,87,87,87,87,87,87,87,87,87,87,87,87,87,87,87,87,87,87,87,87],"card_choices":[{"not_picked":["Searing Blow","Perfected Strike"],"picked":"Thunderclap","floor":1.0},{"not_picked":["Body Slam","Sever Soul"],"picked":"Headbutt","floor":3.0},{"not_picked":["Headbutt","Disarm"],"picked":"Clothesline","floor":4.0},{"not_picked":["Second Wind","Brutality"],"picked":"Disarm","floor":6.0},{"not_picked":["Iron Wave","True Grit"],"picked":"Twin Strike","floor":8.0},{"not_picked":["Anger","Shrug It Off"],"picked":"Inflame+1","floor":10.0},{"not_picked":["Flex","Clash"],"picked":"Thunderclap","floor":12},{"not_picked":["Twin Strike","Iron Wave"],"picked":"Shrug It Off","floor":13},{"not_picked":["Dark Embrace+1","Body Slam"],"picked":"Twin Strike","floor":14},{"not_picked":["Barricade+1","Juggernaut+1"],"picked":"Double Tap","floor":16},{"not_picked":["Anger","Flex"],"picked":"Cleave","floor":18},{"not_picked":["Perfected Strike","Battle Trance"],"picked":"Entrench","floor":23},{"not_picked":["Headbutt","Warcry"],"picked":"Uppercut+1","floor":28},{"not_picked":["Pommel Strike","Fire Breathing+1"],"picked":"Intimidate+1","floor":29},{"not_picked":["Infernal Blade","Battle Trance+1"],"picked":"Cleave+1","floor":31},{"not_picked":["Brutality+1","Fiend Fire"],"picked":"Limit Break","floor":33},{"not_picked":[],"picked":"Armaments","floor":35},{"not_picked":[],"picked":"Cleave+1","floor":36},{"not_picked":[],"picked":"Shrug It Off","floor":37},{"not_picked":[],"picked":"Finesse","floor":39},{"not_picked":[],"picked":"Enlightenment","floor":39},{"not_picked":[],"picked":"Deep Breath","floor":39},{"not_picked":[],"picked":"Perfected Strike+1","floor":44},{"not_picked":[],"picked":"Headbutt","floor":45},{"not_picked":[],"picked":"Clothesline","floor":46}],"player_experience":41518,"relics_obtained":[{"floor":6.0,"key":"Bag of Preparation"},{"floor":9.0,"key":"Frozen Egg 2"},{"floor":20,"key":"Enchiridion"},{"floor":23,"key":"Omamori"},{"floor":25,"key":"Ornamental Fan"},{"floor":26,"key":"Lantern"},{"floor":43,"key":"Gremlin Horn"},{"floor":44,"key":"Ginger"},{"floor":46,"key":"Paper Frog"}],"event_choices":[{"event_name":"Accursed Blacksmith","player_choice":"Rummage","floor":2.0,"damage_taken":0.0},{"event_name":"Scrap Ooze","player_choice":"success","floor":5.0,"damage_taken":7.0},{"event_name":"The Mausoleum","player_choice":"Yes","floor":19,"damage_taken":0},{"event_name":"Cursed Tome","player_choice":"Obtained Book","floor":20,"damage_taken":0},{"event_name":"Addict","player_choice":"Obtained Relic","floor":21,"damage_taken":0},{"event_name":"MindBloom","player_choice":"Gold","floor":38,"damage_taken":0},{"event_name":"SensoryStone","player_choice":"Memory 3","floor":39,"damage_taken":0},{"event_name":"Falling","player_choice":"Removed Skill","floor":48,"damage_taken":0}],"boss_relics":[{"not_picked":["Calling Bell","Runic Pyramid"],"picked":"Sozu"},{"not_picked":["Black Blood","Tiny House"],"picked":"Busted Crown"}],"items_purged_floors":[],"is_endless":false,"potions_floor_spawned":[4,8,10,12,14,23,29,33,37,45],"ascension_level":0}