{"gold_per_floor":[210,52,68,86,103,103,128,128,128,154,169,186,186,198,198,276,276,296,25,25,25,25,25,25,52,52,71,105,124,144,171,171,247,247,261,280,280,122,122,122,141,170,170,183,0,0,15,31,31,31,31],"floor_reached":52,"playtime":4639,"items_purged":[],"score":1933,"play_id":"187f4789-93bb-4b43-8976-b325b172f284","local_time":"20190525043622","is_ascension_mode":true,"campfire_choices":[{"data":"Zap","floor":6.0,"key":"SMITH"},{"data":"Creative AI","floor":8.0,"key":"SMITH"},{"data":"Buffer","floor":13.0,"key":"SMITH"},{"data":"Sweeping Beam","floor":15.0,"key":"SMITH"},{"data":"Consume","floor":23.0,"key":"SMITH"},{"data":"Fusion","floor":32.0,"key":"SMITH"},{"floor":40.0,"key":"REST"},{"floor":46.0,"key":"REST"},{"floor":49,"key":"REST"}],"neow_cost":"NONE","seed_source_timestamp":380704334281507,"circlet_count":0,"master_deck":["AscendersBane","Strike_B+1","Strike_B+1","Strike_B+1","Strike_B+1","Defend_B+1","Defend_B+1","Defend_B+1","Defend_B+1","Zap+1","Dualcast","Self Repair","Cold Snap","Go for the Eyes","Creative AI+1","Buffer+1","Sweeping Beam+1","All For One","Force Field","Reprogram","BootSequence","Consume+1","Cold Snap","FTL","FTL","Reinforced Body","Darkness","Go for the Eyes","Chill","Fusion+1","Echo Form","Defragment","Undo","Streamline+1","Defragment+1","Turbo","Amplify"],"special_seed":0,"relics":["Cracked Core","Bag of Marbles","Bottled Tornado","Matryoshka","Mercury Hourglass","Orrery","Meat on the Bone","DataDisk","Bottled Lightning","Blue Candle","Lantern","Dead Branch","Darkstone Periapt","Fusion Hammer","Happy Flower","Omamori","Regal Pillow","Shuriken","Red Mask"],"potions_floor_usage":[50],"damage_taken":[{"damage":2.0,"enemies":"Jaw Worm","floor":1.0,"turns":4.0},{"damage":0.0,"enemies":"2 Louse","floor":3.0,"turns":3.0},{"damage":1.0,"enemies":"Cultist","floor":4.0,"turns":3.0},{"damage":7.0,"enemies":"3 Louse","floor":5.0,"turns":4.0},{"damage":19.0,"enemies":"3 Sentries","floor":7.0,"turns":8.0},{"damage":5.0,"enemies":"Lagavulin","floor":10.0,"turns":6.0},{"damage":4.0,"enemies":"Looter","floor":11.0,"turns":3.0},{"damage":7.0,"enemies":"Red Slaver","floor":12.0,"turns":2.0},{"damage":0.0,"enemies":"3 Louse","floor":14.0,"turns":3.0},{"damage":0.0,"enemies":"Slime Boss","floor":16.0,"turns":7.0},{"damage":0.0,"enemies":"3 Byrds","floor":18.0,"turns":4.0},{"damage":46.0,"enemies":"Gremlin Leader","floor":25.0,"turns":7.0},{"damage":0.0,"enemies":"Shell Parasite","floor":27.0,"turns":6.0},{"damage":38.0,"enemies":"Slavers","floor":28.0,"turns":4.0},{"damage":1.0,"enemies":"Centurion and Healer","floor":29.0,"turns":23.0},{"damage":2.0,"enemies":"Snake Plant","floor":30.0,"turns":6.0},{"damage":15.0,"enemies":"Book of Stabbing","floor":31.0,"turns":7.0},{"damage":17.0,"enemies":"Champ","floor":33.0,"turns":11.0},{"damage":0.0,"enemies":"3 Shapes","floor":35.0,"turns":2.0},{"damage":0.0,"enemies":"Orb Walker","floor":36.0,"turns":3.0},{"damage":25.0,"enemies":"Spire Growth","floor":41.0,"turns":6.0},{"damage":16.0,"enemies":"Reptomancer","floor":42.0,"turns":7.0},{"damage":12.0,"enemies":"Maw","floor":44.0,"turns":10.0},{"damage":14.0,"enemies":"Transient","floor":47.0,"turns":6.0},{"damage":31,"enemies":"Writhing Mass","floor":48,"turns":7},{"damage":20,"enemies":"Time Eater","floor":50,"turns":20},{"damage":33,"enemies":"Donu and Deca","floor":51,"turns":12}],"seed_played":"2479611030717295251","potions_obtained":[{"floor":1.0,"key":"Block Potion"},{"floor":3.0,"key":"Energy Potion"},{"floor":7.0,"key":"FearPotion"},{"floor":12.0,"key":"EssenceOfSteel"},{"floor":18.0,"key":"SpeedPotion"},{"floor":29.0,"key":"EssenceOfSteel"},{"floor":36.0,"key":"Weak Potion"},{"floor":41.0,"key":"EssenceOfSteel"},{"floor":47.0,"key":"FairyPotion"}],"is_trial":false,"path_per_floor":["M","$","M","M","M","R","E","R","T","E","M","M","R","M","R","B",null,"M","$","?","?","?","R","?","E","T","M","E","M","M","E","R","B",null,"M","M","?","$","?","R","M","E","T","M","?","R","M","M","R","B","B",null],"character_chosen":"DEFECT","items_purchased":["Bag of Marbles","Meat on the Bone","Happy Flower"],"campfire_rested":3,"item_purchase_floors":[2,19,38],"current_hp_per_floor":[62,62,69,71,71,71,59,59,59,61,64,64,64,71,71,71,71,71,71,71,71,71,71,71,44,44,51,25,43,48,45,45,47,65,65,65,65,65,65,71,53,51,51,53,53,71,57,45,71,65,51],"gold":31,"neow_bonus":"HUNDRED_GOLD","is_prod":false,"is_daily":false,"chose_seed":false,"campfire_upgraded":6,"win_rate":0,"timestamp":1558773382,"path_taken":["M","$","M","M","M","R","E","R","T","E","M","M","R","M","R","BOSS","M","$","?","?","?","R","?","E","T","M","E","M","?","E","R","BOSS","M","M","?","$","?","R","M","E","T","?","?","R","M","M","R","BOSS","BOSS"],"build_version":"2019-01-23","purchased_purges":0,"victory":true,"max_hp_per_floor":[71,71,71,71,71,71,71,71,71,71,71,71,71,71,71,71,71,71,71,71,71,71,71,71,71,71,71,71,71,71,71,71,71,71,71,71,71,71,71,71,71,71,71,71,71,71,71,71,71,71,71],"card_choices":[{"not_picked":["Blizzard","Reinforced Body"],"picked":"Self Repair","floor":1.0},{"not_picked":["Gash","Streamline"],"picked":"Cold Snap","floor":3.0},{"not_picked":["BootSequence","Coolheaded"],"picked":"Go for the Eyes","floor":4.0},{"not_picked":["Leap","Double Energy"],"picked":"Rebound","floor":5.0},{"not_picked":["Reprogram","Rebound"],"picked":"Creative AI","floor":7.0},{"not_picked":["Cold Snap","Melter","Redo"],"picked":"SKIP","floor":10.0},{"not_picked":["Steam","Gash","Beam Cell"],"picked":"SKIP","floor":11.0},{"not_picked":["Reinforced Body","Go for the Eyes"],"picked":"Buffer","floor":12.0},{"not_picked":["Redo","Gash"],"picked":"Sweeping Beam","floor":14.0},{"not_picked":["Machine Learning","Biased Cognition"],"picked":"All For One","floor":16.0},{"not_picked":["Leap","Cold Snap"],"picked":"Force Field","floor":17.0},{"not_picked":["Melter","Sweeping Beam"],"picked":"Reprogram","floor":17.0},{"not_picked":["Chaos","Rip and Tear"],"picked":"BootSequence","floor":17.0},{"not_picked":["Sunder","Aggregate"],"picked":"Consume","floor":17.0},{"not_picked":["Hologram","Conserve Battery"],"picked":"Cold Snap","floor":17.0},{"not_picked":["Leap","Consume"],"picked":"FTL","floor":18.0},{"not_picked":["Streamline","Cold Snap"],"picked":"Reinforced Body","floor":25.0},{"not_picked":["Conserve Battery","Hologram","Rebound"],"picked":"SKIP","floor":27.0},{"not_picked":["Conserve Battery","Hologram","Rebound"],"picked":"SKIP","floor":27.0},{"not_picked":["All For One","Cold Snap+1"],"picked":"Darkness","floor":28.0},{"not_picked":["Tempest","Hologram"],"picked":"Go for the Eyes","floor":29.0},{"not_picked":["Go for the Eyes","Ball Lightning"],"picked":"Chill","floor":30.0},{"not_picked":["Rebound","Go for the Eyes"],"picked":"Fusion","floor":31.0},{"not_picked":["Seek","Reboot"],"picked":"Echo Form","floor":33.0},{"not_picked":["Streamline","Redo","Hologram"],"picked":"SKIP","floor":35.0},{"not_picked":["Compile Driver","Self Repair","Auto Shields"],"picked":"SKIP","floor":36.0},{"not_picked":["Heatsinks","FTL"],"picked":"Undo","floor":41.0},{"not_picked":["Genetic Algorithm","Gash"],"picked":"Streamline+1","floor":42.0},{"not_picked":["Conserve Battery","Seek"],"picked":"Defragment+1","floor":44.0},{"not_picked":["Compile Driver","Sweeping Beam+1"],"picked":"Turbo","floor":47.0},{"not_picked":["Turbo","Go for the Eyes"],"picked":"Amplify","floor":48}],"player_experience":794203,"relics_obtained":[{"floor":7.0,"key":"Bottled Tornado"},{"floor":9.0,"key":"Matryoshka"},{"floor":10.0,"key":"Mercury Hourglass"},{"floor":25.0,"key":"Bottled Lightning"},{"floor":26.0,"key":"Blue Candle"},{"floor":26.0,"key":"Lantern"},{"floor":28.0,"key":"Dead Branch"},{"floor":31.0,"key":"Darkstone Periapt"},{"floor":42.0,"key":"Omamori"},{"floor":43.0,"key":"Regal Pillow"},{"floor":43.0,"key":"Shuriken"}],"event_choices":[{"damage_healed":0.0,"max_hp_gain":0.0,"max_hp_loss":0.0,"gold_gain":0.0,"event_name":"Back to Basics","player_choice":"Simplicity","floor":20.0,"gold_loss":0.0,"damage_taken":0.0,"cards_upgraded":["Strike_B","Strike_B","Strike_B","Strike_B","Defend_B","Defend_B","Defend_B","Defend_B"]},{"damage_healed":0.0,"max_hp_gain":0.0,"max_hp_loss":0.0,"gold_gain":0.0,"event_name":"The Library","player_choice":"Read","floor":21.0,"gold_loss":0.0,"damage_taken":0.0,"cards_obtained":["FTL"]},{"damage_healed":0.0,"max_hp_gain":0.0,"max_hp_loss":0.0,"gold_gain":0.0,"event_name":"WeMeetAgain","player_choice":"Gave Potion","floor":24.0,"gold_loss":0.0,"damage_taken":0.0,"relics_obtained":["DataDisk"]},{"damage_healed":0.0,"max_hp_gain":0.0,"max_hp_loss":0.0,"gold_gain":0.0,"event_name":"Mysterious Sphere","player_choice":"Ignored","floor":37.0,"gold_loss":0.0,"damage_taken":0.0},{"damage_healed":0.0,"max_hp_gain":0.0,"max_hp_loss":0.0,"gold_gain":0.0,"cards_transformed":["Rebound"],"event_name":"Transmorgrifier","player_choice":"Transformed","floor":39.0,"gold_loss":0.0,"damage_taken":0.0,"cards_obtained":["Defragment"]},{"damage_healed":0.0,"max_hp_gain":0.0,"max_hp_loss":0.0,"gold_gain":0.0,"event_name":"Tomb of Lord Red Mask","player_choice":"Paid","floor":45.0,"gold_loss":183.0,"damage_taken":0.0,"relics_obtained":["Red Mask"]}],"is_beta":false,"boss_relics":[{"not_picked":["Coffee Dripper","Lizard Tail"],"picked":"Orrery"},{"not_picked":["Eternal Feather","Runic Pyramid"],"picked":"Fusion Hammer"}],"items_purged_floors":[],"is_endless":false,"potions_floor_spawned":[1,3,7,12,18,29,36,41,47],"ascension_level":20}