{"gold_per_floor":[114,131,131,131,11,55,55,69,69,69,85,85,101,135,135,226,226,245,170,185,39,60,100,115,115,161,195,210,250,270,270,270,366,366,385,385,404,419,419,459,459,493,539,539,580,594,617,631,631,631,631,631,159,199,199],"floor_reached":55,"playtime":2527,"items_purged":["Strike_R","Sword Boomerang"],"score":1501,"play_id":"d5227f96-1501-47b7-993b-b82ded2e54cc","local_time":"20190522153913","is_ascension_mode":true,"campfire_choices":[{"data":"Clothesline","floor":7,"key":"SMITH"},{"data":"Inflame","floor":10,"key":"SMITH"},{"data":"Disarm","floor":12,"key":"SMITH"},{"data":"Limit Break","floor":15,"key":"SMITH"},{"floor":25,"key":"REST"},{"floor":32,"key":"REST"},{"data":"Whirlwind","floor":41,"key":"SMITH"},{"floor":44,"key":"RECALL"},{"data":"Strike_R","floor":49,"key":"PURGE"},{"data":"Bash","floor":52,"key":"PURGE"}],"neow_cost":"CURSE","seed_source_timestamp":224749778022682,"circlet_count":0,"master_deck":["AscendersBane","Defend_R","Defend_R","Defend_R","Defend_R","Clothesline+1","Iron Wave","Injury","Disarm+1","Twin Strike","Inflame+1","Anger","Limit Break+1","Impervious","Battle Trance","Battle Trance","Headbutt","Shrug It Off+1","Shrug It Off","Burning Pact+1","Offering","Disarm+1","Feed","Whirlwind+1","Spot Weakness","Shrug It Off","Heavy Blade","Shrug It Off","True Grit"],"relics":["Burning Blood","Du-Vu Doll","Golden Idol","Oddly Smooth Stone","Frozen Egg 2","Mercury Hourglass","Velvet Choker","Ice Cream","Lantern","Anchor","Smiling Mask","Mark of Pain","Boot","Singing Bowl","Peace Pipe","Gambling Chip","Bag of Marbles"],"potions_floor_usage":[23,29,40,54,55,55],"damage_taken":[{"damage":6,"enemies":"2 Louse","floor":1,"turns":3},{"damage":4,"enemies":"Jaw Worm","floor":2,"turns":3},{"damage":26,"enemies":"Gremlin Nob","floor":6,"turns":4},{"damage":2,"enemies":"Small Slimes","floor":8,"turns":2},{"damage":3,"enemies":"2 Fungi Beasts","floor":11,"turns":4},{"damage":23,"enemies":"Exordium Thugs","floor":13,"turns":5},{"damage":16,"enemies":"Lagavulin","floor":14,"turns":5},{"damage":22,"enemies":"The Guardian","floor":16,"turns":8},{"damage":8,"enemies":"Shell Parasite","floor":18,"turns":4},{"damage":6,"enemies":"Chosen","floor":20,"turns":3},{"damage":12,"enemies":"Snake Plant","floor":22,"turns":3},{"damage":27,"enemies":"Slavers","floor":23,"turns":5},{"damage":0,"enemies":"Cultist and Chosen","floor":24,"turns":4},{"damage":16,"enemies":"Book of Stabbing","floor":27,"turns":4},{"damage":18,"enemies":"Snecko","floor":28,"turns":4},{"damage":7,"enemies":"Slavers","floor":29,"turns":5},{"damage":0,"enemies":"Centurion and Healer","floor":30,"turns":5},{"damage":38,"enemies":"Collector","floor":33,"turns":7},{"damage":0,"enemies":"3 Shapes","floor":35,"turns":8},{"damage":0,"enemies":"3 Darklings","floor":37,"turns":4},{"damage":6,"enemies":"Jaw Worm Horde","floor":38,"turns":2},{"damage":31,"enemies":"Giant Head","floor":40,"turns":6},{"damage":6,"enemies":"Reptomancer","floor":42,"turns":3},{"damage":22,"enemies":"Giant Head","floor":45,"turns":5},{"damage":11,"enemies":"Sphere and 2 Shapes","floor":46,"turns":7},{"damage":14,"enemies":"Writhing Mass","floor":47,"turns":4},{"damage":4,"enemies":"Maw","floor":48,"turns":5},{"damage":36,"enemies":"Awakened One","floor":50,"turns":11},{"damage":57,"enemies":"Shield and Spear","floor":54,"turns":4},{"damage":39,"enemies":"The Heart","floor":55,"turns":5}],"seed_played":"-8430331209172213403","potions_obtained":[{"floor":1,"key":"Explosive Potion"},{"floor":8,"key":"SpeedPotion"},{"floor":11,"key":"AttackPotion"},{"floor":23,"key":"Explosive Potion"},{"floor":24,"key":"FearPotion"},{"floor":27,"key":"SkillPotion"},{"floor":30,"key":"Ancient Potion"},{"floor":40,"key":"BloodPotion"},{"floor":45,"key":"Fire Potion"},{"floor":48,"key":"SteroidPotion"},{"floor":54,"key":"AttackPotion"}],"is_trial":false,"path_per_floor":["M","M","?","?","$","E","R","M","T","R","M","R","M","E","R","B",null,"M","?","M","$","M","E","M","R","T","E","M","E","M","?","R","B",null,"M","?","M","M","?","E","R","E","T","R","E","M","M","M","R","B",null,"R","$","E","B"],"character_chosen":"IRONCLAD","items_purchased":["Disarm","Twin Strike","Battle Trance","Shrug It Off","Gambling Chip","GamblersBrew"],"campfire_rested":2,"item_purchase_floors":[5,5,21,53,53,53],"current_hp_per_floor":[68,70,70,75,75,55,55,59,59,59,62,62,45,35,35,19,65,63,63,63,63,57,36,42,66,66,56,44,43,49,49,73,41,70,79,79,86,89,89,67,67,69,69,69,58,56,50,54,54,27,89,89,89,38,0],"gold":199,"neow_bonus":"ONE_RARE_RELIC","is_prod":false,"is_daily":false,"chose_seed":false,"campfire_upgraded":5,"win_rate":0,"timestamp":1558553953,"path_taken":["M","M","?","?","$","E","R","?","T","R","M","R","M","E","R","BOSS","M","?","M","$","M","E","M","R","T","E","M","E","M","?","R","BOSS","M","?","?","M","?","E","R","E","T","R","E","?","M","M","R","BOSS","R","$","E","BOSS"],"build_version":"2019-01-23","purchased_purges":2,"victory":false,"max_hp_per_floor":[75,75,75,80,80,80,80,80,80,80,80,80,80,80,80,80,80,80,80,80,80,80,80,80,80,80,80,80,80,80,80,80,80,80,83,83,86,89,89,92,92,94,94,94,99,102,104,106,106,109,109,109,109,109,109],"card_choices":[{"not_picked":["Havoc","Shrug It Off"],"picked":"Clothesline","floor":1},{"not_picked":["Power Through","Armaments"],"picked":"Iron Wave","floor":2},{"not_picked":["Havoc","Entrench"],"picked":"Sword Boomerang","floor":6},{"not_picked":["Armaments","Twin Strike"],"picked":"Inflame","floor":8},{"not_picked":["Havoc","Flex","Perfected Strike"],"picked":"SKIP","floor":11},{"not_picked":["Dark Embrace+1","Warcry"],"picked":"Anger","floor":13},{"not_picked":["Rupture+1","Havoc"],"picked":"Limit Break","floor":14},{"not_picked":["Bludgeon","Fiend Fire"],"picked":"Impervious","floor":16},{"not_picked":["Clothesline","Uppercut","Cleave"],"picked":"SKIP","floor":18},{"not_picked":["Shockwave+1","Pommel Strike"],"picked":"Battle Trance","floor":20},{"not_picked":["Clash","Searing Blow"],"picked":"Headbutt","floor":22},{"not_picked":["Feed","Heavy Blade"],"picked":"Shrug It Off+1","floor":23},{"not_picked":["Combust+1","Iron Wave","Flex"],"picked":"SKIP","floor":24},{"not_picked":["Fire Breathing+1","Reckless Charge","Power Through"],"picked":"SKIP","floor":27},{"not_picked":["Thunderclap","Sentinel","Hemokinesis"],"picked":"SKIP","floor":28},{"not_picked":["Thunderclap","Sentinel","Hemokinesis"],"picked":"SKIP","floor":28},{"not_picked":["Iron Wave","Dark Embrace+1"],"picked":"Shrug It Off","floor":29},{"not_picked":["Warcry","Sword Boomerang"],"picked":"Burning Pact+1","floor":30},{"not_picked":["Limit Break","Barricade+1"],"picked":"Feed","floor":33},{"not_picked":["Anger+1","Sword Boomerang+1","Flex"],"picked":"SKIP","floor":35},{"not_picked":["Cleave","Reckless Charge"],"picked":"Whirlwind","floor":37},{"not_picked":["Sentinel","Corruption+1","Combust+1"],"picked":"SKIP","floor":38},{"not_picked":["Warcry+1","Carnage"],"picked":"Shrug It Off","floor":40},{"not_picked":["Thunderclap","Headbutt","Sever Soul"],"picked":"Singing Bowl","floor":42},{"not_picked":["Wild Strike","Feel No Pain+1","Body Slam+1"],"picked":"Singing Bowl","floor":45},{"not_picked":["Iron Wave","Sentinel"],"picked":"Heavy Blade","floor":46},{"not_picked":["Berserk+1","Ghostly Armor","Armaments"],"picked":"Singing Bowl","floor":47},{"not_picked":["Heavy Blade","Metallicize+1","Warcry"],"picked":"Singing Bowl","floor":48},{"not_picked":["Barricade+1","Spot Weakness"],"picked":"True Grit","floor":54}],"player_experience":1284229,"relics_obtained":[{"floor":6,"key":"Oddly Smooth Stone"},{"floor":9,"key":"Frozen Egg 2"},{"floor":14,"key":"Mercury Hourglass"},{"floor":23,"key":"Ice Cream"},{"floor":26,"key":"Lantern"},{"floor":27,"key":"Anchor"},{"floor":29,"key":"Smiling Mask"},{"floor":40,"key":"Boot"},{"floor":42,"key":"Singing Bowl"},{"floor":45,"key":"Peace Pipe"},{"floor":54,"key":"Bag of Marbles"}],"event_choices":[{"damage_healed":0,"gold_gain":0,"player_choice":"Take Wound","damage_taken":0,"relics_obtained":["Golden Idol"],"max_hp_gain":0,"max_hp_loss":0,"event_name":"Golden Idol","floor":3,"gold_loss":0,"cards_obtained":["Injury"]},{"damage_healed":0,"gold_gain":0,"player_choice":"Donut","damage_taken":0,"max_hp_gain":5,"max_hp_loss":0,"event_name":"Big Fish","floor":4,"gold_loss":0},{"cards_removed":["Regret"],"damage_healed":0,"gold_gain":0,"player_choice":"Gave Gold","damage_taken":0,"max_hp_gain":0,"max_hp_loss":0,"event_name":"Beggar","floor":19,"gold_loss":75},{"damage_healed":0,"gold_gain":0,"cards_transformed":["Strike_R","Strike_R"],"player_choice":"Became Test Subject","damage_taken":0,"max_hp_gain":0,"max_hp_loss":0,"event_name":"Drug Dealer","floor":31,"gold_loss":0,"cards_obtained":["Offering","Disarm"]},{"damage_healed":0,"gold_gain":0,"player_choice":"Upgraded","damage_taken":0,"max_hp_gain":0,"max_hp_loss":0,"event_name":"Upgrade Shrine","floor":36,"gold_loss":0,"cards_upgraded":["Disarm"]},{"damage_healed":0,"gold_gain":0,"cards_transformed":["Strike_R"],"player_choice":"Transformed","damage_taken":0,"max_hp_gain":0,"max_hp_loss":0,"event_name":"Transmorgrifier","floor":39,"gold_loss":0,"cards_obtained":["Spot Weakness"]}],"is_beta":false,"boss_relics":[{"not_picked":["White Beast Statue","Astrolabe"],"picked":"Velvet Choker"},{"not_picked":["Eternal Feather","Runic Dome"],"picked":"Mark of Pain"}],"items_purged_floors":[21,53],"is_endless":false,"potions_floor_spawned":[1,8,11,23,24,27,30,38,40,45,46,48,54],"killed_by":"The Heart","ascension_level":15}