{"gold_per_floor":[112,112,112,62,137,151,151,171,171,196,211,63,74,107,107,202,202,217,217,232,249,249,277,294,328,328,328,328,361,461,386,386,481,481,497,497,138,0,12,40,59,59,59,59,70,105,117,117,117,117,117,117,49,81,81],"floor_reached":55,"playtime":2615,"items_purged":["Defend_B","Strike_B"],"score":1069,"play_id":"465cfa85-d93b-4da2-975c-db1ce364fb53","local_time":"20190526180615","is_ascension_mode":true,"campfire_choices":[{"floor":7,"key":"REST"},{"data":"Defragment","floor":15,"key":"SMITH"},{"floor":27,"key":"REST"},{"floor":32,"key":"REST"},{"floor":42,"key":"RECALL"},{"floor":49,"key":"REST"},{"data":"Defragment","floor":52,"key":"SMITH"}],"neow_cost":"NONE","seed_source_timestamp":384247829887474,"circlet_count":0,"master_deck":["Strike_B+1","Defend_B+1","Zap+1","Ball Lightning","Steam Power","Rip and Tear","Chill","Leap","Defragment+1","Go for the Eyes","Echo Form","Electrodynamics","Static Discharge+1","Defragment","Tempest","Compile Driver","Ghostly","Ghostly","Ghostly","Ghostly","Ghostly","Reinforced Body","Double Energy","Glacier","Meteor Strike","Defragment+1","Defragment","Rainbow","Hologram","Dark Shackles","Mayhem","Leap+1","Heatsinks","Parasite","Loop+1","Static Discharge","Go for the Eyes+1"],"relics":["Cracked Core","NeowsBlessing","Question Card","Bag of Preparation","Pantograph","Nuclear Battery","Centennial Puzzle","Dream Catcher","Lantern","Du-Vu Doll","Bottled Tornado","Sozu","Cables","Red Mask","Art of War","Orichalcum","Happy Flower","Kunai"],"potions_floor_usage":[10,18,20,23,23,25,29,33,34],"damage_taken":[{"damage":0,"enemies":"2 Louse","floor":1,"turns":1},{"damage":0,"enemies":"Small Slimes","floor":6,"turns":1},{"damage":0,"enemies":"Jaw Worm","floor":8,"turns":1},{"damage":0,"enemies":"Gremlin Nob","floor":10,"turns":3},{"damage":0,"enemies":"2 Fungi Beasts","floor":11,"turns":2},{"damage":0,"enemies":"Looter","floor":13,"turns":2},{"damage":17,"enemies":"Lagavulin","floor":14,"turns":5},{"damage":11,"enemies":"Slime Boss","floor":16,"turns":7},{"damage":0,"enemies":"3 Byrds","floor":18,"turns":2},{"damage":19,"enemies":"2 Thieves","floor":20,"turns":1},{"damage":17,"enemies":"Centurion and Healer","floor":21,"turns":3},{"damage":4,"enemies":"Book of Stabbing","floor":23,"turns":6},{"damage":3,"enemies":"Snake Plant","floor":24,"turns":2},{"damage":21,"enemies":"Slavers","floor":25,"turns":3},{"damage":7,"enemies":"Gremlin Leader","floor":29,"turns":8},{"damage":0,"enemies":"Colosseum Slavers","floor":30,"turns":2},{"damage":0,"enemies":"Colosseum Nobs","floor":30,"turns":5},{"damage":7,"enemies":"Automaton","floor":33,"turns":9},{"damage":0,"enemies":"3 Darklings","floor":35,"turns":3},{"damage":0,"enemies":"Orb Walker","floor":39,"turns":3},{"damage":0,"enemies":"Reptomancer","floor":40,"turns":7},{"damage":0,"enemies":"Transient","floor":41,"turns":5},{"damage":0,"enemies":"Writhing Mass","floor":45,"turns":6},{"damage":0,"enemies":"Nemesis","floor":46,"turns":5},{"damage":14,"enemies":"Maw","floor":47,"turns":6},{"damage":28,"enemies":"Donu and Deca","floor":50,"turns":8},{"damage":28,"enemies":"Shield and Spear","floor":54,"turns":4},{"damage":41,"enemies":"The Heart","floor":55,"turns":9}],"seed_played":"5533780869572218394","potions_obtained":[{"floor":8,"key":"PowerPotion"},{"floor":10,"key":"GamblersBrew"},{"floor":11,"key":"EssenceOfSteel"},{"floor":14,"key":"Dexterity Potion"},{"floor":18,"key":"SkillPotion"},{"floor":20,"key":"FocusPotion"},{"floor":24,"key":"AttackPotion"},{"floor":29,"key":"Block Potion"},{"floor":33,"key":"Fruit Juice"}],"is_trial":false,"path_per_floor":["M","?","?","?","?","M","R","M","T","E","M","$","M","E","R","B",null,"M","?","M","M","?","E","M","E","T","R","?","E","?","?","R","B",null,"M","?","$","?","M","E","M","R","T","?","M","E","M","$","R","B",null,"R","$","E","B"],"character_chosen":"DEFECT","items_purchased":["Defragment","Cables","Static Discharge"],"campfire_rested":4,"item_purchase_floors":[12,37,53],"current_hp_per_floor":[75,60,60,60,49,49,71,71,71,71,71,71,71,54,54,64,75,75,75,56,39,37,33,30,9,9,20,20,13,13,13,24,30,42,42,37,37,37,37,37,37,37,37,37,37,37,23,23,35,14,42,42,42,14,0],"gold":81,"neow_bonus":"THREE_ENEMY_KILL","is_prod":false,"is_daily":false,"chose_seed":false,"campfire_upgraded":2,"win_rate":0,"timestamp":1558911975,"path_taken":["M","?","?","?","?","?","R","M","T","E","M","$","M","E","R","BOSS","M","?","M","M","?","E","?","E","T","R","?","E","?","?","R","BOSS","M","?","$","?","M","E","M","R","T","?","?","E","M","?","R","BOSS","R","$","E","BOSS"],"build_version":"2019-01-23","purchased_purges":2,"victory":false,"max_hp_per_floor":[75,75,75,75,75,75,75,75,75,75,75,75,75,75,75,75,75,75,75,75,75,37,37,37,37,37,37,37,37,37,37,37,37,42,42,42,42,42,42,42,42,42,42,42,42,42,42,42,42,42,42,42,42,42,42],"card_choices":[{"not_picked":["Turbo","Redo"],"picked":"Ball Lightning","floor":1},{"not_picked":["Blizzard","Beam Cell"],"picked":"Steam Power","floor":6},{"not_picked":["Redo","Machine Learning"],"picked":"Rip and Tear","floor":8},{"not_picked":["Gash","Beam Cell","Capacitor"],"picked":"Chill","floor":10},{"not_picked":["Streamline","Fusion","Hyperbeam"],"picked":"Leap","floor":11},{"not_picked":["Streamline","Heatsinks","Leap"],"picked":"Go for the Eyes","floor":13},{"not_picked":["Meteor Strike","Storm","Fission"],"picked":"Echo Form","floor":14},{"not_picked":["Creative AI","Buffer","Reboot"],"picked":"Electrodynamics","floor":16},{"not_picked":["Turbo","Steam Power","Gash"],"picked":"Static Discharge+1","floor":18},{"not_picked":["Redo","Beam Cell","Blizzard+1"],"picked":"Tempest","floor":20},{"not_picked":["Rip and Tear","Meteor Strike","Beam Cell"],"picked":"Compile Driver","floor":21},{"not_picked":["Gash","Redo","Darkness"],"picked":"Reinforced Body","floor":23},{"not_picked":["Beam Cell","Turbo","Cold Snap"],"picked":"Double Energy","floor":24},{"not_picked":["Recycle","Stack","Hyperbeam","Blizzard"],"picked":"SKIP","floor":25},{"not_picked":["Rebound+1","Redo","Turbo","Gash"],"picked":"SKIP","floor":29},{"not_picked":["Hello World","Heatsinks+1","Sweeping Beam"],"picked":"Defragment","floor":30},{"not_picked":["Double Energy","Sweeping Beam","Gash"],"picked":"Defragment","floor":32},{"not_picked":["Fission","Echo Form","Multi-Cast"],"picked":"Rainbow","floor":33},{"not_picked":["Leap","Compile Driver","Tempest"],"picked":"Hologram","floor":35},{"not_picked":["Thinking Ahead","PanicButton","Swift Strike"],"picked":"Dark Shackles","floor":36},{"not_picked":["Swift Strike","Purity","Flash of Steel"],"picked":"Mayhem","floor":36},{"not_picked":["Consume+1","Redo","BootSequence+1"],"picked":"Leap+1","floor":39},{"not_picked":["Scrape+1","Static Discharge","Sweeping Beam","Streamline"],"picked":"SKIP","floor":40},{"not_picked":["Cold Snap","Gash+1","Meteor Strike","Storm+1"],"picked":"SKIP","floor":41},{"not_picked":["Turbo","Scrape","Go for the Eyes","Conserve Battery+1"],"picked":"SKIP","floor":45},{"not_picked":["Beam Cell+1","Conserve Battery","Rebound+1"],"picked":"Loop+1","floor":46},{"not_picked":["Steam+1","Gash","Barrage","Blizzard+1"],"picked":"SKIP","floor":47},{"not_picked":["Steam+1","Hologram+1","Darkness+1"],"picked":"Go for the Eyes+1","floor":54}],"player_experience":27520,"relics_obtained":[{"floor":9,"key":"Question Card"},{"floor":10,"key":"Bag of Preparation"},{"floor":14,"key":"Pantograph"},{"floor":23,"key":"Centennial Puzzle"},{"floor":25,"key":"Dream Catcher"},{"floor":29,"key":"Lantern"},{"floor":30,"key":"Du-Vu Doll"},{"floor":30,"key":"Bottled Tornado"},{"floor":40,"key":"Art of War"},{"floor":43,"key":"Orichalcum"},{"floor":46,"key":"Happy Flower"},{"floor":54,"key":"Kunai"}],"event_choices":[{"damage_healed":0,"gold_gain":0,"player_choice":"Entered Light","damage_taken":15,"max_hp_gain":0,"max_hp_loss":0,"event_name":"Shining Light","floor":2,"gold_loss":0,"cards_upgraded":["Defend_B","Strike_B"]},{"damage_healed":0,"gold_gain":0,"player_choice":"Grow","damage_taken":0,"max_hp_gain":0,"max_hp_loss":0,"event_name":"Living Wall","floor":3,"gold_loss":0,"cards_upgraded":["Zap"]},{"cards_removed":["Strike_B"],"damage_healed":0,"gold_gain":0,"player_choice":"Card Removal","damage_taken":0,"max_hp_gain":0,"max_hp_loss":0,"event_name":"The Cleric","floor":4,"gold_loss":50},{"damage_healed":0,"gold_gain":75,"player_choice":"Gather Gold","damage_taken":11,"max_hp_gain":0,"max_hp_loss":0,"event_name":"World of Goop","floor":5,"gold_loss":0},{"damage_healed":0,"gold_gain":0,"player_choice":"Read","damage_taken":0,"max_hp_gain":0,"max_hp_loss":0,"event_name":"The Library","floor":19,"gold_loss":0,"cards_obtained":["Defragment"]},{"damage_healed":0,"gold_gain":0,"player_choice":"Became a Ghost","damage_taken":0,"max_hp_gain":0,"max_hp_loss":38,"event_name":"Ghosts","floor":22,"gold_loss":0,"cards_obtained":["Ghostly","Ghostly","Ghostly","Ghostly","Ghostly"]},{"damage_healed":0,"gold_gain":0,"cards_transformed":["Defend_B","Strike_B"],"player_choice":"Became Test Subject","damage_taken":0,"max_hp_gain":0,"max_hp_loss":0,"event_name":"Drug Dealer","floor":28,"gold_loss":0,"cards_obtained":["Glacier","Meteor Strike"]},{"damage_healed":0,"gold_gain":0,"player_choice":"Fight","damage_taken":0,"max_hp_gain":0,"max_hp_loss":0,"event_name":"Colosseum","floor":30,"gold_loss":0},{"damage_healed":0,"gold_gain":0,"player_choice":"Fought Nobs","damage_taken":0,"max_hp_gain":0,"max_hp_loss":0,"event_name":"Colosseum","floor":30,"gold_loss":0},{"cards_removed":["Defend_B"],"damage_healed":0,"gold_gain":0,"player_choice":"Gave Gold","damage_taken":0,"max_hp_gain":0,"max_hp_loss":0,"event_name":"Beggar","floor":31,"gold_loss":75},{"damage_healed":0,"gold_gain":0,"player_choice":"Memory 2","damage_taken":5,"max_hp_gain":0,"max_hp_loss":0,"event_name":"SensoryStone","floor":36,"gold_loss":0},{"damage_healed":0,"gold_gain":0,"player_choice":"Paid","damage_taken":0,"relics_obtained":["Red Mask"],"max_hp_gain":0,"max_hp_loss":0,"event_name":"Tomb of Lord Red Mask","floor":38,"gold_loss":138},{"damage_healed":0,"gold_gain":0,"cards_transformed":["Dualcast"],"player_choice":"Transformed","damage_taken":0,"max_hp_gain":0,"max_hp_loss":0,"event_name":"Transmorgrifier","floor":44,"gold_loss":0,"cards_obtained":["Heatsinks"]}],"is_beta":false,"boss_relics":[{"not_picked":["Fusion Hammer","Philosopher\u0027s Stone"],"picked":"Nuclear Battery"},{"not_picked":["Orrery","White Beast Statue"],"picked":"Sozu"}],"items_purged_floors":[12,37],"is_endless":false,"potions_floor_spawned":[8,10,11,14,18,20,24,29,33,39,40,41,54],"killed_by":"The Heart","ascension_level":3}