{"gold_per_floor":[109,119,119,133,153,153,181,181,181,215,17,17,17,17,17,113,113,136,136,136,14,33,33,77,93,93,93,93,93,93,118,118,214,214,238,238,571,1570,620,620,649,667,667,31,56,69,2,2],"floor_reached":48,"playtime":2797,"items_purged":["Strike_B","Normality","Normality"],"score":945,"play_id":"9d2d374f-8fb8-48d2-99ef-003aefe474f2","local_time":"20190514014129","is_ascension_mode":true,"campfire_choices":[{"data":"Sunder","floor":6.0,"key":"SMITH"},{"data":"Zap","floor":8.0,"key":"SMITH"},{"floor":13.0,"key":"REST"},{"floor":15.0,"key":"DIG"},{"floor":23.0,"key":"REST"},{"floor":27.0,"key":"DIG"},{"data":"Reinforced Body","floor":30.0,"key":"SMITH"},{"floor":32.0,"key":"REST"},{"floor":40.0,"key":"DIG"}],"neow_cost":"NONE","seed_source_timestamp":803212716970585,"circlet_count":0,"master_deck":["AscendersBane","Defend_B","Defend_B","Defend_B","Defend_B","Zap+1","Dualcast","Leap","Core Surge","Sunder+1","Conserve Battery+1","Steam","Reinforced Body+1","Coolheaded","All For One+1","Steam","Gash+1","Capacitor","Turbo+1","Ball Lightning+1","Doom and Gloom+1","Electrodynamics","Bite+1","Bite+1","Bite+1","Bite+1","Bite+1","Gash+1","Creative AI","Go for the Eyes+1","Madness","Madness+1","FTL+1","Doom and Gloom+1","Master of Strategy","Reinforced Body","Double Energy+1","Hologram","Ball Lightning+1","Glacier","Loop"],"special_seed":0,"relics":["Cracked Core","Bag of Marbles","Bottled Lightning","Shovel","Lantern","Molten Egg 2","Philosopher\u0027s Stone","Enchiridion","NlothsMask","Meat on the Bone","Letter Opener","Busted Crown","Calipers","Lee\u0027s Waffle","War Paint","Bronze Scales","Thread and Needle","Oddly Smooth Stone","Mercury Hourglass","Strawberry"],"potions_floor_usage":[46],"damage_taken":[{"damage":8.0,"enemies":"Jaw Worm","floor":1.0,"turns":4.0},{"damage":0.0,"enemies":"Cultist","floor":2.0,"turns":3.0},{"damage":0.0,"enemies":"2 Louse","floor":4.0,"turns":2.0},{"damage":0.0,"enemies":"2 Fungi Beasts","floor":5.0,"turns":1.0},{"damage":17.0,"enemies":"Gremlin Nob","floor":7.0,"turns":4.0},{"damage":21.0,"enemies":"3 Sentries","floor":10.0,"turns":7.0},{"damage":33.0,"enemies":"Slime Boss","floor":16.0,"turns":13.0},{"damage":20.0,"enemies":"3 Byrds","floor":18.0,"turns":4.0},{"damage":0.0,"enemies":"2 Thieves","floor":22.0,"turns":3.0},{"damage":20.0,"enemies":"Slavers","floor":24.0,"turns":7.0},{"damage":5.0,"enemies":"3 Cultists","floor":25.0,"turns":4.0},{"damage":7.0,"enemies":"Snecko","floor":31.0,"turns":4.0},{"damage":33.0,"enemies":"Collector","floor":33.0,"turns":11.0},{"damage":6.0,"enemies":"3 Darklings","floor":35.0,"turns":3.0},{"damage":48.0,"enemies":"Nemesis","floor":41.0,"turns":7.0},{"damage":0.0,"enemies":"Orb Walker","floor":42.0,"turns":2.0},{"damage":48.0,"enemies":"Giant Head","floor":45.0,"turns":8.0},{"damage":2,"enemies":"Spire Growth","floor":46,"turns":4},{"damage":42,"enemies":"Jaw Worm Horde","floor":48,"turns":1}],"seed_played":"2765024196877376462","potions_obtained":[{"floor":2.0,"key":"GamblersBrew"},{"floor":4.0,"key":"SneckoOil"},{"floor":7.0,"key":"Dexterity Potion"},{"floor":16.0,"key":"EssenceOfSteel"},{"floor":18.0,"key":"Energy Potion"},{"floor":25.0,"key":"EntropicBrew"},{"floor":41.0,"key":"SteroidPotion"},{"floor":42.0,"key":"FocusPotion"}],"is_trial":false,"path_per_floor":["M","M","?","M","M","R","E","R","T","E","$","?","R","?","R","B",null,"M","?","?","$","M","R","E","M","T","R","?","?","R","M","R","B",null,"M","?","?","?","$","R","E","M","T","$","E","M","$","M"],"character_chosen":"DEFECT","items_purchased":["Lantern","Coolheaded","Gash+1","Calipers","FTL+1","Doom and Gloom+1","Master of Strategy","GamblersBrew","Lee\u0027s Waffle","Oddly Smooth Stone","Mercury Hourglass","Hologram","Ball Lightning+1","Loop"],"campfire_rested":3,"item_purchase_floors":[11,11,21,39,39,39,39,39,39,44,44,44,44,47],"current_hp_per_floor":[63,63,63,63,63,63,46,46,46,25,25,6,29,55,55,22,64,44,28,28,28,28,51,31,38,38,38,38,38,38,37,53,42,51,51,44,44,44,61,61,31,37,37,37,26,36,36,0],"gold":2,"neow_bonus":"TEN_PERCENT_HP_BONUS","is_prod":false,"is_daily":false,"chose_seed":false,"campfire_upgraded":3,"win_rate":0,"timestamp":1557812489,"path_taken":["M","M","?","?","M","R","E","R","T","E","$","?","R","?","R","BOSS","M","?","?","$","?","R","E","M","T","R","?","?","R","M","R","BOSS","M","?","?","?","$","R","E","M","T","$","E","?","?","M"],"build_version":"2019-01-23","purchased_purges":3,"victory":false,"max_hp_per_floor":[78,78,78,78,78,78,78,78,78,78,78,78,78,78,78,78,78,78,78,78,78,78,78,78,78,78,78,78,54,54,54,54,54,54,54,54,54,54,61,61,61,61,61,61,68,68,68,68],"card_choices":[{"not_picked":["Redo","Beam Cell"],"picked":"Leap","floor":1.0},{"not_picked":["Streamline","Beam Cell"],"picked":"Core Surge","floor":2.0},{"not_picked":["Redo","Streamline"],"picked":"Sunder","floor":4.0},{"not_picked":["Barrage","Scrape"],"picked":"Conserve Battery","floor":5.0},{"not_picked":["Sunder","Gash"],"picked":"Steam","floor":7.0},{"not_picked":["Tempest","Gash"],"picked":"Reinforced Body","floor":10.0},{"not_picked":["Reboot","Core Surge+1"],"picked":"All For One+1","floor":16.0},{"not_picked":["Double Energy","Redo"],"picked":"Steam","floor":18.0},{"not_picked":["Compile Driver+1","Defragment"],"picked":"Capacitor","floor":22.0},{"not_picked":["Conserve Battery","Hyperbeam+1"],"picked":"Turbo+1","floor":24.0},{"not_picked":["Stack","Darkness+1"],"picked":"Ball Lightning+1","floor":25.0},{"not_picked":["Heatsinks","Steam+1"],"picked":"Gash+1","floor":31.0},{"not_picked":["Amplify","Core Surge+1"],"picked":"Creative AI","floor":33.0},{"not_picked":[],"picked":"Go for the Eyes+1","floor":35.0},{"not_picked":[],"picked":"Reinforced Body","floor":41.0},{"not_picked":[],"picked":"Double Energy+1","floor":42.0},{"not_picked":[],"picked":"Glacier","floor":45.0},{"not_picked":["Leap"],"picked":"SKIP","floor":46}],"player_experience":599291,"relics_obtained":[{"floor":7.0,"key":"Bag of Marbles"},{"floor":9.0,"key":"Bottled Lightning"},{"floor":10.0,"key":"Shovel"},{"floor":15.0,"key":"Molten Egg 2"},{"floor":19.0,"key":"Enchiridion"},{"floor":24.0,"key":"Meat on the Bone"},{"floor":27.0,"key":"Letter Opener"},{"floor":40.0,"key":"War Paint"},{"floor":41.0,"key":"Bronze Scales"},{"floor":43.0,"key":"Thread and Needle"},{"floor":45.0,"key":"Strawberry"}],"event_choices":[{"damage_healed":0.0,"max_hp_gain":0.0,"max_hp_loss":0.0,"gold_gain":0.0,"event_name":"The Woman in Blue","player_choice":"Bought 0 Potions","floor":3.0,"gold_loss":0.0,"damage_taken":0.0},{"damage_healed":0.0,"max_hp_gain":0.0,"max_hp_loss":0.0,"gold_gain":0.0,"event_name":"Golden Idol","player_choice":"Take Damage","floor":12.0,"gold_loss":0.0,"damage_taken":19.0,"relics_obtained":["Golden Idol"]},{"damage_healed":26.0,"max_hp_gain":0.0,"max_hp_loss":0.0,"gold_gain":0.0,"event_name":"Big Fish","player_choice":"Banana","floor":14.0,"gold_loss":0.0,"damage_taken":0.0},{"damage_healed":0.0,"max_hp_gain":0.0,"max_hp_loss":0.0,"gold_gain":0.0,"event_name":"Cursed Tome","player_choice":"Obtained Book","floor":19.0,"gold_loss":0.0,"damage_taken":16.0},{"damage_healed":0.0,"max_hp_gain":0.0,"max_hp_loss":0.0,"gold_gain":0.0,"event_name":"FaceTrader","player_choice":"Trade","floor":20.0,"gold_loss":0.0,"damage_taken":0.0,"relics_obtained":["NlothsMask"]},{"damage_healed":0.0,"max_hp_gain":0.0,"max_hp_loss":0.0,"gold_gain":0.0,"cards_transformed":["Strike_B","Strike_B"],"event_name":"Drug Dealer","player_choice":"Became Test Subject","floor":28.0,"gold_loss":0.0,"damage_taken":0.0,"cards_obtained":["Doom and Gloom","Electrodynamics"]},{"damage_healed":0.0,"max_hp_gain":0.0,"max_hp_loss":24.0,"gold_gain":0.0,"event_name":"Vampires","player_choice":"Became a vampire","floor":29.0,"gold_loss":0.0,"damage_taken":0.0,"cards_obtained":["Bite","Bite","Bite","Bite","Bite"]},{"damage_healed":0.0,"max_hp_gain":0.0,"max_hp_loss":0.0,"gold_gain":0.0,"event_name":"Winding Halls","player_choice":"Embrace Madness","floor":36.0,"gold_loss":0.0,"damage_taken":7.0,"cards_obtained":["Madness","Madness"]},{"damage_healed":0.0,"max_hp_gain":0.0,"max_hp_loss":0.0,"gold_gain":333.0,"event_name":"The Moai Head","player_choice":"Gave Idol","floor":37.0,"relics_lost":["Golden Idol"],"gold_loss":0.0,"damage_taken":0.0},{"damage_healed":0.0,"max_hp_gain":0.0,"max_hp_loss":0.0,"gold_gain":999.0,"event_name":"MindBloom","player_choice":"Gold","floor":38.0,"gold_loss":0.0,"damage_taken":0.0,"cards_obtained":["Normality","Normality"]}],"is_beta":false,"boss_relics":[{"not_picked":["Coffee Dripper","Empty Cage"],"picked":"Philosopher\u0027s Stone"},{"not_picked":["Calling Bell","Pandora\u0027s Box"],"picked":"Busted Crown"}],"items_purged_floors":[21,39,44],"is_endless":false,"potions_floor_spawned":[2,4,7,16,18,25,41,42],"killed_by":"Jaw Worm Horde","ascension_level":14}