{"gold_per_floor":[111,131,142,154,17,17,43,43,70,20,20,32,32,58,58,132,132,149,149,22,38,38,38,64,0,0,0],"floor_reached":27,"playtime":1927,"items_purged":["Strike_G","Strike_G"],"score":478,"play_id":"5f5dd0c1-b9be-4668-8ae4-e060b2ca03bb","local_time":"20190506175748","is_ascension_mode":true,"campfire_choices":[{"data":"Sucker Punch","floor":6.0,"key":"SMITH"},{"data":"Cloak And Dagger","floor":8.0,"key":"SMITH"},{"data":"Heel Hook","floor":13.0,"key":"SMITH"},{"data":"Dagger Spray","floor":15.0,"key":"SMITH"},{"data":"After Image","floor":23.0,"key":"SMITH"}],"neow_cost":"NONE","seed_source_timestamp":171638504164571,"circlet_count":0,"master_deck":["AscendersBane","Defend_G","Defend_G","Defend_G","Defend_G","Defend_G","Strike_G","Strike_G","Strike_G","Survivor","Neutralize+1","Backflip","Heel Hook+1","Sucker Punch+1","Dodge and Roll","Noxious Fumes","Cloak And Dagger+1","Backflip","Cloak And Dagger","Dagger Spray+1","After Image+1","Prepared","Footwork","Terror","RitualDagger","Heel Hook"],"special_seed":0,"relics":["Ring of the Snake","Dream Catcher","Smiling Mask","Bronze Scales","Eternal Feather","Bag of Marbles","Matryoshka"],"potions_floor_usage":[],"damage_taken":[{"damage":0.0,"enemies":"2 Louse","floor":1.0,"turns":3.0},{"damage":0.0,"enemies":"Jaw Worm","floor":2.0,"turns":7.0},{"damage":2.0,"enemies":"Small Slimes","floor":3.0,"turns":6.0},{"damage":1.0,"enemies":"3 Louse","floor":4.0,"turns":7.0},{"damage":18.0,"enemies":"Lagavulin","floor":7.0,"turns":9.0},{"damage":2.0,"enemies":"Exordium Wildlife","floor":12.0,"turns":5.0},{"damage":5.0,"enemies":"3 Sentries","floor":14.0,"turns":9.0},{"damage":9.0,"enemies":"The Guardian","floor":16.0,"turns":13.0},{"damage":14.0,"enemies":"Chosen","floor":18.0,"turns":7.0},{"damage":7.0,"enemies":"Shell Parasite","floor":21.0,"turns":9.0},{"damage":38.0,"enemies":"Gremlin Leader","floor":24.0,"turns":8.0},{"damage":22,"enemies":"Cultist and Chosen","floor":27,"turns":9}],"seed_played":"97091969701431747","potions_obtained":[{"floor":3.0,"key":"Swift Potion"},{"floor":4.0,"key":"Block Potion"},{"floor":7.0,"key":"Fire Potion"},{"floor":14.0,"key":"Weak Potion"},{"floor":21.0,"key":"Block Potion"},{"floor":24.0,"key":"EssenceOfSteel"}],"is_trial":false,"path_per_floor":["M","M","M","M","$","R","E","R","T","$","?","M","R","E","R","B",null,"M","?","$","M","?","R","E","?","T","M"],"character_chosen":"THE_SILENT","items_purchased":["Noxious Fumes","Cloak And Dagger","Footwork"],"campfire_rested":0,"item_purchase_floors":[5,5,20],"current_hp_per_floor":[59,59,57,56,56,56,38,38,38,38,38,36,36,31,31,22,55,41,54,54,47,41,56,18,18,18,0],"gold":0,"neow_bonus":"UPGRADE_CARD","is_prod":false,"is_daily":false,"chose_seed":false,"campfire_upgraded":5,"win_rate":0,"timestamp":1557179868,"path_taken":["M","M","M","M","$","R","E","R","T","$","?","M","R","E","R","BOSS","M","?","$","M","?","R","E","?","T","M"],"build_version":"2019-01-23","purchased_purges":2,"victory":false,"max_hp_per_floor":[66,66,66,66,66,66,66,66,66,66,66,66,66,66,66,66,66,66,66,66,66,66,66,66,66,66,66],"card_choices":[{"not_picked":["Dodge and Roll","Blade Dance"],"picked":"Backflip","floor":1.0},{"not_picked":["Prepared","Bane"],"picked":"Heel Hook","floor":2.0},{"not_picked":["Masterful Stab","Burst"],"picked":"Sucker Punch","floor":3.0},{"not_picked":["Outmaneuver","Bane"],"picked":"Dodge and Roll","floor":4.0},{"not_picked":["Sucker Punch","Prepared"],"picked":"Backflip","floor":7.0},{"not_picked":["Sucker Punch","Blade Dance"],"picked":"Cloak And Dagger","floor":12.0},{"not_picked":["Blade Dance","Concentrate"],"picked":"Dagger Spray","floor":14.0},{"not_picked":["Tools of the Trade","Unload"],"picked":"After Image","floor":16.0},{"not_picked":["Dagger Spray","Eviscerate"],"picked":"Prepared","floor":18.0},{"not_picked":["Prepared","Calculated Gamble"],"picked":"Terror","floor":21.0},{"not_picked":["Cloak And Dagger","Quick Slash"],"picked":"Heel Hook","floor":24.0}],"player_experience":378835,"relics_obtained":[{"floor":7.0,"key":"Dream Catcher"},{"floor":9.0,"key":"Smiling Mask"},{"floor":14.0,"key":"Bronze Scales"},{"floor":24.0,"key":"Bag of Marbles"},{"floor":26,"key":"Matryoshka"}],"event_choices":[{"damage_healed":0.0,"max_hp_gain":0.0,"max_hp_loss":0.0,"gold_gain":0.0,"event_name":"The Cleric","player_choice":"Leave","floor":11.0,"gold_loss":0.0,"damage_taken":0.0},{"damage_healed":13.0,"max_hp_gain":0.0,"max_hp_loss":0.0,"gold_gain":0.0,"event_name":"The Library","player_choice":"Heal","floor":19.0,"gold_loss":0.0,"damage_taken":0.0},{"damage_healed":0.0,"max_hp_gain":0.0,"max_hp_loss":0.0,"gold_gain":0.0,"event_name":"Nest","player_choice":"Joined the Cult","floor":22.0,"gold_loss":0.0,"damage_taken":6.0,"cards_obtained":["RitualDagger"]},{"damage_healed":0,"gold_gain":0,"player_choice":"Paid Fearfully","damage_taken":0,"max_hp_gain":0,"max_hp_loss":0,"event_name":"Masked Bandits","floor":25,"gold_loss":64}],"is_beta":false,"boss_relics":[{"not_picked":["Runic Dome","Orrery"],"picked":"Eternal Feather"}],"items_purged_floors":[10,20],"is_endless":false,"potions_floor_spawned":[3,4,7,12,14,21,24],"killed_by":"Cultist and Chosen","ascension_level":20}