{"gold_per_floor":[117,117,192,192,145,186,186,209,235,248,105,126,160,181,181,311,311,324,344,367,121,121,121,152,152,152,152,176,176,191,210,210,210],"floor_reached":33,"playtime":980,"items_purged":["Strike_R"],"score":305,"play_id":"945f6f9d-6f7d-41fd-951f-42c789d2084f","local_time":"20190503174941","is_ascension_mode":true,"campfire_choices":[{"data":"Armaments","floor":7,"key":"SMITH"},{"data":"Bash","floor":15,"key":"SMITH"},{"data":"Immolate","floor":23,"key":"SMITH"},{"data":"Pommel Strike","floor":27,"key":"SMITH"},{"floor":32,"key":"RECALL"}],"neow_cost":"NONE","seed_source_timestamp":66965632206600,"circlet_count":0,"master_deck":["Strike_R","Strike_R","Strike_R+1","Strike_R+1","Defend_R","Defend_R","Defend_R","Defend_R","Bash+1","Immolate+1","Pommel Strike+1","Armaments+1","Spot Weakness","Shrug It Off+1","Twin Strike+1"],"relics":["Burning Blood","Golden Idol","Smiling Mask","Whetstone","Lantern","Oddly Smooth Stone","Coffee Dripper","Membership Card","Nilry\u0027s Codex","Boot","Du-Vu Doll"],"potions_floor_usage":[13,16,16,24,33],"damage_taken":[{"damage":0,"enemies":"Small Slimes","floor":1,"turns":2},{"damage":31,"enemies":"Gremlin Nob","floor":6,"turns":5},{"damage":0,"enemies":"2 Louse","floor":8,"turns":2},{"damage":1,"enemies":"Cultist","floor":10,"turns":3},{"damage":5,"enemies":"Red Slaver","floor":12,"turns":4},{"damage":4,"enemies":"3 Sentries","floor":13,"turns":3},{"damage":7,"enemies":"3 Louse","floor":14,"turns":3},{"damage":21,"enemies":"Hexaghost","floor":16,"turns":9},{"damage":25,"enemies":"2 Thieves","floor":18,"turns":4},{"damage":17,"enemies":"Spheric Guardian","floor":19,"turns":5},{"damage":9,"enemies":"Snake Plant","floor":20,"turns":3},{"damage":24,"enemies":"Book of Stabbing","floor":24,"turns":5},{"damage":0,"enemies":"3 Cultists","floor":28,"turns":3},{"damage":18,"enemies":"Snecko","floor":30,"turns":3},{"damage":6,"enemies":"Chosen and Byrds","floor":31,"turns":4},{"damage":22,"enemies":"Automaton","floor":33,"turns":2}],"seed_played":"7919836009814376952","potions_obtained":[{"floor":8,"key":"Weak Potion"},{"floor":12,"key":"Explosive Potion"},{"floor":14,"key":"LiquidBronze"},{"floor":16,"key":"Strength Potion"},{"floor":28,"key":"BloodPotion"}],"is_trial":false,"path_per_floor":["M","?","?","?","$","E","R","M","T","M","$","M","E","M","R","B",null,"M","M","M","$","?","R","E","?","T","R","M","?","M","M","R","B"],"character_chosen":"IRONCLAD","items_purchased":["Armaments","Lantern","Membership Card"],"campfire_rested":0,"item_purchase_floors":[5,11,21],"current_hp_per_floor":[80,60,49,49,49,24,24,30,30,35,35,36,38,37,37,22,80,61,50,47,47,31,31,13,13,13,13,19,19,7,7,7,0],"gold":210,"neow_bonus":"ONE_RANDOM_RARE_CARD","is_prod":false,"is_daily":false,"chose_seed":false,"campfire_upgraded":4,"win_rate":0,"timestamp":1556923781,"path_taken":["M","?","?","?","$","E","R","M","T","?","?","M","E","M","R","BOSS","M","M","M","$","?","R","E","?","T","R","M","?","?","M","R","BOSS"],"build_version":"2019-01-23","purchased_purges":1,"victory":false,"max_hp_per_floor":[80,80,80,80,80,80,80,80,80,80,80,80,80,80,80,80,80,80,80,80,80,80,80,80,80,80,80,80,80,80,80,80,80],"card_choices":[{"not_picked":["Headbutt","Whirlwind"],"picked":"Pommel Strike","floor":1},{"not_picked":["Twin Strike","Flex","True Grit"],"picked":"SKIP","floor":6},{"not_picked":["Searing Blow","Bloodletting","Clash"],"picked":"SKIP","floor":8},{"not_picked":["Pommel Strike","Anger","Body Slam"],"picked":"SKIP","floor":10},{"not_picked":["Clash","Body Slam","Headbutt"],"picked":"SKIP","floor":12},{"not_picked":["Dual Wield","Inflame","Armaments"],"picked":"SKIP","floor":13},{"not_picked":["Berserk","Rage","Havoc"],"picked":"SKIP","floor":14},{"not_picked":["Havoc+1","Pummel"],"picked":"Spot Weakness","floor":18},{"not_picked":["Infernal Blade","Heavy Blade","Rage"],"picked":"SKIP","floor":19},{"not_picked":["Havoc","Perfected Strike+1","Thunderclap"],"picked":"SKIP","floor":20},{"not_picked":["Berserk","Searing Blow","Warcry"],"picked":"SKIP","floor":24},{"not_picked":["Pommel Strike","Heavy Blade"],"picked":"Shrug It Off","floor":28},{"not_picked":["Second Wind","Body Slam"],"picked":"Twin Strike+1","floor":30},{"not_picked":["Cleave","Heavy Blade","Clash"],"picked":"SKIP","floor":31}],"player_experience":184831,"relics_obtained":[{"floor":6,"key":"Smiling Mask"},{"floor":9,"key":"Whetstone"},{"floor":13,"key":"Oddly Smooth Stone"},{"floor":22,"key":"Nilry\u0027s Codex"},{"floor":24,"key":"Boot"},{"floor":26,"key":"Du-Vu Doll"}],"event_choices":[{"damage_healed":0,"gold_gain":0,"player_choice":"Take Damage","damage_taken":20,"relics_obtained":["Golden Idol"],"max_hp_gain":0,"max_hp_loss":0,"event_name":"Golden Idol","floor":2,"gold_loss":0},{"damage_healed":0,"gold_gain":75,"player_choice":"Gather Gold","damage_taken":11,"max_hp_gain":0,"max_hp_loss":0,"event_name":"World of Goop","floor":3,"gold_loss":0},{"damage_healed":0,"gold_gain":0,"player_choice":"Bought 0 Potions","damage_taken":0,"max_hp_gain":0,"max_hp_loss":0,"event_name":"The Woman in Blue","floor":4,"gold_loss":0},{"damage_healed":0,"gold_gain":0,"player_choice":"Obtained Book","damage_taken":16,"max_hp_gain":0,"max_hp_loss":0,"event_name":"Cursed Tome","floor":22,"gold_loss":0},{"damage_healed":0,"gold_gain":0,"player_choice":"Ignored","damage_taken":0,"max_hp_gain":0,"max_hp_loss":0,"event_name":"Beggar","floor":25,"gold_loss":0},{"damage_healed":0,"gold_gain":0,"player_choice":"Forge","damage_taken":0,"max_hp_gain":0,"max_hp_loss":0,"event_name":"Accursed Blacksmith","floor":29,"gold_loss":0,"cards_upgraded":["Shrug It Off"]}],"is_beta":false,"boss_relics":[{"not_picked":["Black Blood","Empty Cage"],"picked":"Coffee Dripper"}],"items_purged_floors":[21],"is_endless":false,"potions_floor_spawned":[8,12,14,16,28],"killed_by":"Automaton","ascension_level":2}