{"gold_per_floor":[114,114,114,114,133,160,174,174],"floor_reached":8,"playtime":777,"items_purged":[],"score":84,"play_id":"0c462712-82f9-4f7a-888a-10b1f3a717af","local_time":"20190502194037","is_ascension_mode":true,"campfire_choices":[],"neow_cost":"NONE","seed_source_timestamp":5034924456753429,"circlet_count":0,"master_deck":["AscendersBane","Defend_G","Defend_G","Defend_G","Defend_G","Defend_G","Strike_G","Strike_G","Strike_G","Strike_G","Strike_G","Survivor","Neutralize","PiercingWail"],"relics":["Ring of the Snake","Question Card","Pen Nib","Shovel","Turnip"],"potions_floor_usage":[6],"damage_taken":[{"damage":6,"enemies":"Jaw Worm","floor":1,"turns":4},{"damage":1,"enemies":"Small Slimes","floor":5,"turns":6},{"damage":45,"enemies":"3 Sentries","floor":6,"turns":15},{"damage":0,"enemies":"Cultist","floor":7,"turns":5},{"damage":5,"enemies":"Exordium Thugs","floor":8,"turns":5}],"seed_played":"-5866845636100623027","potions_obtained":[{"floor":1,"key":"SpeedPotion"},{"floor":5,"key":"Fruit Juice"}],"is_trial":false,"path_per_floor":["M","?","T","?","M","E","M","M"],"character_chosen":"THE_SILENT","items_purchased":[],"campfire_rested":0,"item_purchase_floors":[],"current_hp_per_floor":[64,57,57,57,56,16,16,11],"gold":174,"neow_bonus":"TEN_PERCENT_HP_BONUS","is_prod":false,"is_daily":false,"chose_seed":false,"campfire_upgraded":0,"win_rate":0,"timestamp":1556840437,"path_taken":["M","?","?","?","M","E","M","M"],"build_version":"2019-01-23","purchased_purges":0,"victory":false,"max_hp_per_floor":[77,77,77,77,77,82,82,82],"card_choices":[{"not_picked":["Expertise","Backflip"],"picked":"PiercingWail","floor":1},{"not_picked":["Prepared","Masterful Stab","Eviscerate","Flechettes"],"picked":"SKIP","floor":5},{"not_picked":["Sucker Punch","Slice","Skewer","Blade Dance"],"picked":"SKIP","floor":6},{"not_picked":["Flechettes","Choke","Masterful Stab","Underhanded Strike"],"picked":"SKIP","floor":7}],"player_experience":243747,"relics_obtained":[{"floor":3,"key":"Pen Nib"},{"floor":6,"key":"Turnip"}],"event_choices":[{"damage_healed":0,"gold_gain":0,"player_choice":"Success","damage_taken":7,"relics_obtained":["Question Card"],"max_hp_gain":0,"max_hp_loss":0,"event_name":"Scrap Ooze","floor":2,"gold_loss":0},{"damage_healed":0,"gold_gain":0,"player_choice":"Gave Potion","damage_taken":0,"relics_obtained":["Shovel"],"max_hp_gain":0,"max_hp_loss":0,"event_name":"WeMeetAgain","floor":4,"gold_loss":0}],"is_beta":false,"boss_relics":[],"items_purged_floors":[],"is_endless":false,"potions_floor_spawned":[1,5],"killed_by":"Exordium Thugs","ascension_level":10}