{"gold_per_floor":[109,34,34,48,48,48,75,89,89,116,28,61,61,95,95,167,167,87,87,87,87,87,87,87,87,87,87,87,87,87,63,63,63],"floor_reached":33,"playtime":1812,"items_purged":[],"score":762,"play_id":"c2070b1e-7870-4413-add3-a206e46fbd10","local_time":"20190514221723","is_ascension_mode":true,"campfire_choices":[{"data":"Rebound","floor":6.0,"key":"SMITH"},{"floor":13.0,"key":"REST"},{"data":"Doom and Gloom","floor":15.0,"key":"SMITH"},{"data":"Defragment","floor":24.0,"key":"SMITH"},{"data":"Loop","floor":30.0,"key":"SMITH"},{"floor":32.0,"key":"REST"}],"neow_cost":"NONE","seed_source_timestamp":26395313835187,"circlet_count":0,"master_deck":["AscendersBane","Strike_B","Strike_B","Defend_B","Defend_B","Defend_B","Defend_B","Zap+1","Dualcast","Rebound+1","Genetic Algorithm","Consume","Beam Cell","Stack","Doom and Gloom+1","Biased Cognition","Cold Snap","Chill","All For One","Heatsinks+1","Defragment+1","Hologram","Ball Lightning+1","Gash+1","Loop+1","Gash+1","Streamline+1","Cold Snap+1"],"special_seed":0,"relics":["Cracked Core","NeowsBlessing","Matryoshka","Dream Catcher","Gremlin Horn","FossilizedHelix","Letter Opener","Dodecahedron","Ectoplasm","Meat on the Bone","Boot","Happy Flower","Bottled Lightning","Centennial Puzzle","Molten Egg 2"],"potions_floor_usage":[],"damage_taken":[{"damage":0.0,"enemies":"Small Slimes","floor":1.0,"turns":1.0},{"damage":0.0,"enemies":"2 Louse","floor":4.0,"turns":1.0},{"damage":0.0,"enemies":"Gremlin Nob","floor":7.0,"turns":1.0},{"damage":1.0,"enemies":"Jaw Worm","floor":8.0,"turns":3.0},{"damage":34.0,"enemies":"Lagavulin","floor":10.0,"turns":6.0},{"damage":24.0,"enemies":"3 Sentries","floor":12.0,"turns":7.0},{"damage":0.0,"enemies":"Gremlin Nob","floor":14.0,"turns":4.0},{"damage":17.0,"enemies":"Slime Boss","floor":16.0,"turns":8.0},{"damage":7.0,"enemies":"2 Thieves","floor":18.0,"turns":4.0},{"damage":0.0,"enemies":"Chosen","floor":20.0,"turns":4.0},{"damage":14.0,"enemies":"Centurion and Healer","floor":21.0,"turns":6.0},{"damage":6.0,"enemies":"Gremlin Leader","floor":23.0,"turns":4.0},{"damage":4.0,"enemies":"Shelled Parasite and Fungi","floor":25.0,"turns":4.0},{"damage":1.0,"enemies":"Book of Stabbing","floor":27.0,"turns":4.0},{"damage":0.0,"enemies":"Cultist and Chosen","floor":28.0,"turns":3.0},{"damage":14.0,"enemies":"Slavers","floor":29.0,"turns":4.0},{"damage":57,"enemies":"Collector","floor":33,"turns":9}],"seed_played":"7698685793496637341","potions_obtained":[{"floor":8.0,"key":"Regen Potion"},{"floor":12.0,"key":"Block Potion"},{"floor":14.0,"key":"Weak Potion"},{"floor":16.0,"key":"Dexterity Potion"},{"floor":27.0,"key":"Fire Potion"},{"floor":28.0,"key":"GamblersBrew"}],"is_trial":false,"path_per_floor":["M","?","?","M","?","R","E","M","T","E","$","E","R","E","R","B",null,"M","?","M","M","T","E","R","M","T","E","M","E","R","$","R","B"],"character_chosen":"DEFECT","items_purchased":["Doom and Gloom","Streamline+1"],"campfire_rested":2,"item_purchase_floors":[11,31],"current_hp_per_floor":[64,64,64,64,57,57,57,56,56,37,37,13,34,34,34,17,58,51,51,51,37,37,43,43,39,39,38,38,36,36,36,57,0],"gold":63,"neow_bonus":"THREE_ENEMY_KILL","is_prod":false,"is_daily":false,"chose_seed":false,"campfire_upgraded":4,"win_rate":0,"timestamp":1557886643,"path_taken":["M","?","?","M","?","R","E","M","T","E","?","E","R","E","R","BOSS","M","?","?","?","?","E","R","M","T","E","M","E","R","$","R","BOSS"],"build_version":"2019-01-23","purchased_purges":0,"victory":false,"max_hp_per_floor":[71,71,71,71,71,71,71,71,71,71,71,71,71,71,71,71,71,71,71,71,71,71,71,71,71,71,71,71,71,71,71,71,71],"card_choices":[{"not_picked":["Go for the Eyes","Conserve Battery"],"picked":"Rebound","floor":1.0},{"not_picked":["Rebound","Redo"],"picked":"Genetic Algorithm","floor":4.0},{"not_picked":["Conserve Battery","Barrage"],"picked":"Consume","floor":7.0},{"not_picked":["Hologram","Barrage"],"picked":"Beam Cell","floor":8.0},{"not_picked":["Hologram","Rainbow"],"picked":"Stack","floor":10.0},{"not_picked":["Coolheaded","Compile Driver"],"picked":"Biased Cognition","floor":12.0},{"not_picked":["Steam Power","Barrage"],"picked":"Cold Snap","floor":13.0},{"not_picked":["Go for the Eyes","Barrage"],"picked":"Chill","floor":14.0},{"not_picked":["Biased Cognition","Multi-Cast"],"picked":"All For One","floor":16.0},{"not_picked":["Stack","Gash"],"picked":"Heatsinks+1","floor":18.0},{"not_picked":["Chaos","Cold Snap","Storm"],"picked":"SKIP","floor":20.0},{"not_picked":["Heatsinks","Leap+1"],"picked":"Defragment","floor":21.0},{"not_picked":["Rip and Tear","Sweeping Beam"],"picked":"Hologram","floor":23.0},{"not_picked":["Compile Driver","Leap"],"picked":"Ball Lightning+1","floor":25.0},{"not_picked":["Turbo","Conserve Battery"],"picked":"Gash+1","floor":27.0},{"not_picked":["Cold Snap","Hello World"],"picked":"Loop","floor":28.0},{"not_picked":["Cold Snap","Melter"],"picked":"Gash","floor":29.0},{"not_picked":["Hologram","Compile Driver+1"],"picked":"Cold Snap+1","floor":32.0}],"player_experience":630391,"relics_obtained":[{"floor":7.0,"key":"Matryoshka"},{"floor":9.0,"key":"Dream Catcher"},{"floor":9.0,"key":"Gremlin Horn"},{"floor":10.0,"key":"FossilizedHelix"},{"floor":12.0,"key":"Letter Opener"},{"floor":14.0,"key":"Dodecahedron"},{"floor":22.0,"key":"Meat on the Bone"},{"floor":22.0,"key":"Boot"},{"floor":23.0,"key":"Happy Flower"},{"floor":26.0,"key":"Bottled Lightning"},{"floor":27.0,"key":"Centennial Puzzle"},{"floor":29.0,"key":"Molten Egg 2"}],"event_choices":[{"cards_removed":["Strike_B"],"damage_healed":0.0,"max_hp_gain":0.0,"max_hp_loss":0.0,"gold_gain":0.0,"event_name":"The Cleric","player_choice":"Card Removal","floor":2.0,"gold_loss":75.0,"damage_taken":0.0},{"damage_healed":0.0,"max_hp_gain":0.0,"max_hp_loss":0.0,"gold_gain":0.0,"event_name":"Living Wall","player_choice":"Grow","floor":3.0,"gold_loss":0.0,"damage_taken":0.0,"cards_upgraded":["Zap"]},{"cards_removed":["Strike_B"],"damage_healed":0.0,"max_hp_gain":0.0,"max_hp_loss":0.0,"gold_gain":0.0,"event_name":"Golden Wing","player_choice":"Card Removal","floor":5.0,"gold_loss":0.0,"damage_taken":7.0},{"damage_healed":0.0,"max_hp_gain":0.0,"max_hp_loss":0.0,"gold_gain":50.0,"event_name":"Golden Shrine","player_choice":"Pray","floor":19.0,"gold_loss":0.0,"damage_taken":0.0}],"is_beta":false,"boss_relics":[{"not_picked":["Fusion Hammer","Empty Cage"],"picked":"Ectoplasm"}],"items_purged_floors":[],"is_endless":false,"potions_floor_spawned":[8,12,14,16,21,23,27,28],"killed_by":"Collector","ascension_level":20}