{"gold_per_floor":[112,130,141,157,157,184,198,198,198,226,28,28,59,139,139,218,218,228,239,22,37,37,37,48,65,112,112,144,144,156,184,184,259,259,279,291,291,291,11,39,39,65,117,117,129,129,147,164,164,164],"floor_reached":51,"playtime":2987,"items_purged":[],"score":1274,"play_id":"16c823fa-67ab-4384-8ada-3a5cae004750","local_time":"20190508211456","is_ascension_mode":true,"campfire_choices":[{"data":"Clothesline","floor":8.0,"key":"SMITH"},{"floor":12.0,"key":"REST"},{"data":"Armaments","floor":15.0,"key":"SMITH"},{"floor":23.0,"key":"REST"},{"floor":27.0,"key":"REST"},{"data":"Heavy Blade","floor":29.0,"key":"SMITH"},{"floor":32.0,"key":"REST"},{"floor":41.0,"key":"REST"},{"floor":44.0,"key":"REST"},{"data":"Apotheosis","floor":46.0,"key":"SMITH"},{"floor":49.0,"key":"REST"}],"neow_cost":"NONE","seed_source_timestamp":354983197842833,"circlet_count":0,"master_deck":["AscendersBane","Strike_R","Strike_R+1","Strike_R","Strike_R","Defend_R","Defend_R","Defend_R","Defend_R+1","Bash+1","Headbutt","Metallicize","Shrug It Off","Body Slam","Inflame","Clothesline+1","Double Tap","Armaments+1","Heavy Blade+1","Demon Form+1","Twin Strike","Cleave","Bludgeon","Intimidate","Brutality+1","Immolate","Battle Trance","Enlightenment","Demon Form+1","Apotheosis+1","Whirlwind","Thunderclap+1","Dual Wield"],"special_seed":0,"relics":["Burning Blood","Gambling Chip","Frozen Egg 2","Bottled Lightning","Regal Pillow","Darkstone Periapt","Singing Bowl","Busted Crown","Membership Card","Happy Flower","Ornamental Fan","Strawberry","Velvet Choker","Oddly Smooth Stone","Bottled Tornado","Charon\u0027s Ashes","Boot","Dream Catcher"],"potions_floor_usage":[50],"damage_taken":[{"damage":0.0,"enemies":"Small Slimes","floor":1.0,"turns":3.0},{"damage":2.0,"enemies":"Jaw Worm","floor":2.0,"turns":3.0},{"damage":1.0,"enemies":"Cultist","floor":3.0,"turns":3.0},{"damage":12.0,"enemies":"3 Louse","floor":4.0,"turns":4.0},{"damage":32.0,"enemies":"3 Sentries","floor":6.0,"turns":12.0},{"damage":10.0,"enemies":"Blue Slaver","floor":7.0,"turns":3.0},{"damage":12.0,"enemies":"Gremlin Nob","floor":10.0,"turns":3.0},{"damage":13.0,"enemies":"3 Sentries","floor":13.0,"turns":8.0},{"damage":38.0,"enemies":"Slime Boss","floor":16.0,"turns":8.0},{"damage":36.0,"enemies":"2 Thieves","floor":18.0,"turns":4.0},{"damage":0.0,"enemies":"3 Byrds","floor":19.0,"turns":6.0},{"damage":25.0,"enemies":"3 Cultists","floor":21.0,"turns":4.0},{"damage":15.0,"enemies":"Centurion and Healer","floor":24.0,"turns":7.0},{"damage":30.0,"enemies":"Cultist and Chosen","floor":25.0,"turns":6.0},{"damage":26.0,"enemies":"Slavers","floor":28.0,"turns":6.0},{"damage":12.0,"enemies":"3 Cultists","floor":30.0,"turns":4.0},{"damage":48.0,"enemies":"Book of Stabbing","floor":31.0,"turns":4.0},{"damage":46.0,"enemies":"Collector","floor":33.0,"turns":6.0},{"damage":15.0,"enemies":"3 Shapes","floor":35.0,"turns":6.0},{"damage":5.0,"enemies":"Orb Walker","floor":36.0,"turns":3.0},{"damage":69.0,"enemies":"Nemesis","floor":40.0,"turns":7.0},{"damage":26.0,"enemies":"Giant Head","floor":42.0,"turns":6.0},{"damage":8.0,"enemies":"Maw","floor":45.0,"turns":5.0},{"damage":43.0,"enemies":"3 Darklings","floor":47.0,"turns":5.0},{"damage":8.0,"enemies":"Jaw Worm Horde","floor":48.0,"turns":3.0},{"damage":86,"enemies":"Time Eater","floor":50,"turns":7}],"seed_played":"4054090186418045637","potions_obtained":[{"floor":1.0,"key":"PowerPotion"},{"floor":2.0,"key":"Ancient Potion"},{"floor":10.0,"key":"Energy Potion"},{"floor":16.0,"key":"FearPotion"},{"floor":28.0,"key":"Strength Potion"},{"floor":36.0,"key":"Strength Potion"},{"floor":45.0,"key":"Energy Potion"}],"is_trial":false,"path_per_floor":["M","M","M","M","?","E","M","R","T","E","$","R","E","T","R","B",null,"M","M","$","M","?","R","M","M","T","R","E","R","M","E","R","B",null,"M","M","?","?","$","E","R","E","T","R","M","R","M","M","R","B",null],"character_chosen":"IRONCLAD","items_purchased":["Regal Pillow","Armaments","Membership Card","Cleave","Oddly Smooth Stone","Bottled Tornado","Apotheosis"],"campfire_rested":7,"item_purchase_floors":[11,11,20,20,39,39,39],"current_hp_per_floor":[78,80,80,74,58,32,28,28,28,22,22,61,54,54,54,22,66,38,44,44,27,27,67,58,36,36,76,58,58,52,19,63,23,79,70,73,73,73,73,10,54,36,36,81,81,81,46,46,93,13],"gold":164,"neow_bonus":"UPGRADE_CARD","is_prod":false,"is_daily":false,"chose_seed":false,"campfire_upgraded":4,"win_rate":0,"timestamp":1557364496,"path_taken":["M","M","M","M","?","E","M","R","T","E","?","R","E","?","R","BOSS","M","M","$","M","?","R","M","?","T","R","E","R","M","E","R","BOSS","M","M","?","?","$","E","R","E","T","R","?","R","M","M","R","BOSS"],"build_version":"2019-01-23","purchased_purges":0,"victory":true,"max_hp_per_floor":[80,80,80,80,80,80,80,80,80,80,80,80,80,80,80,80,80,82,82,82,84,84,84,84,86,86,86,88,88,88,97,97,97,97,97,99,99,99,99,99,99,101,101,101,103,103,105,107,107,107],"card_choices":[{"not_picked":["Whirlwind","Shrug It Off"],"picked":"Headbutt","floor":1.0},{"not_picked":["Wild Strike","Thunderclap"],"picked":"Metallicize","floor":2.0},{"not_picked":["Combust","Clash"],"picked":"Shrug It Off","floor":3.0},{"not_picked":["Carnage","Perfected Strike"],"picked":"Body Slam","floor":4.0},{"not_picked":["Clothesline","Pummel"],"picked":"Inflame","floor":6.0},{"not_picked":["Thunderclap","Intimidate"],"picked":"Clothesline","floor":7.0},{"not_picked":["Sword Boomerang","Heavy Blade"],"picked":"Double Tap","floor":10.0},{"not_picked":["Warcry","Fiend Fire"],"picked":"Heavy Blade","floor":13.0},{"not_picked":["Exhume","Fiend Fire"],"picked":"Demon Form+1","floor":16.0},{"not_picked":["Havoc"],"picked":"Singing Bowl","floor":18.0},{"not_picked":[],"picked":"Twin Strike","floor":19.0},{"not_picked":["Clash"],"picked":"Singing Bowl","floor":21.0},{"not_picked":[],"picked":"Intimidate","floor":24.0},{"not_picked":["Rage"],"picked":"Singing Bowl","floor":25.0},{"not_picked":["Carnage"],"picked":"Singing Bowl","floor":28.0},{"not_picked":[],"picked":"Brutality+1","floor":30.0},{"not_picked":["Heavy Blade"],"picked":"Singing Bowl","floor":31.0},{"not_picked":[],"picked":"Immolate","floor":33.0},{"not_picked":[],"picked":"Battle Trance","floor":35.0},{"not_picked":["Iron Wave"],"picked":"Singing Bowl","floor":36.0},{"not_picked":[],"picked":"Enlightenment","floor":37.0},{"not_picked":[],"picked":"Whirlwind","floor":40.0},{"not_picked":["Feed"],"picked":"Singing Bowl","floor":42.0},{"not_picked":[],"picked":"Thunderclap+1","floor":44.0},{"not_picked":["Flex"],"picked":"Singing Bowl","floor":45.0},{"not_picked":["Whirlwind"],"picked":"Singing Bowl","floor":47.0},{"not_picked":["Thunderclap+1"],"picked":"Singing Bowl","floor":48.0},{"not_picked":[],"picked":"Dual Wield","floor":49.0}],"player_experience":430958,"relics_obtained":[{"floor":6.0,"key":"Gambling Chip"},{"floor":9.0,"key":"Frozen Egg 2"},{"floor":10.0,"key":"Bottled Lightning"},{"floor":13.0,"key":"Darkstone Periapt"},{"floor":14.0,"key":"Singing Bowl"},{"floor":26.0,"key":"Happy Flower"},{"floor":28.0,"key":"Ornamental Fan"},{"floor":31.0,"key":"Strawberry"},{"floor":40.0,"key":"Charon\u0027s Ashes"},{"floor":42.0,"key":"Boot"},{"floor":43.0,"key":"Dream Catcher"}],"event_choices":[{"damage_healed":0.0,"max_hp_gain":0.0,"max_hp_loss":0.0,"gold_gain":0.0,"event_name":"Shining Light","player_choice":"Entered Light","floor":5.0,"gold_loss":0.0,"damage_taken":16.0,"cards_upgraded":["Strike_R","Defend_R"]},{"damage_healed":0.0,"max_hp_gain":0.0,"max_hp_loss":0.0,"gold_gain":0.0,"cards_transformed":["Strike_R"],"event_name":"Transmorgrifier","player_choice":"Transformed","floor":22.0,"gold_loss":0.0,"damage_taken":0.0,"cards_obtained":["Bludgeon"]},{"damage_healed":0.0,"max_hp_gain":0.0,"max_hp_loss":0.0,"gold_gain":0.0,"event_name":"SensoryStone","player_choice":"Memory 1","floor":37.0,"gold_loss":0.0,"damage_taken":0.0},{"damage_healed":0.0,"max_hp_gain":0.0,"max_hp_loss":0.0,"gold_gain":0.0,"event_name":"Duplicator","player_choice":"Copied","floor":38.0,"gold_loss":0.0,"damage_taken":0.0,"cards_obtained":["Demon Form"]}],"is_beta":false,"boss_relics":[{"not_picked":["Tiny House","Black Blood"],"picked":"Busted Crown"},{"not_picked":["White Beast Statue","Astrolabe"],"picked":"Velvet Choker"}],"items_purged_floors":[],"is_endless":false,"potions_floor_spawned":[1,2,10,16,18,24,25,28,36,45],"ascension_level":13}