{"gold_per_floor":[361,7,21,21,42,42,81,81,81,81,100,119,144,163,163,259,259,238,91,109,24,40,40,58,20,20,32,44,56,103,133,145,157],"floor_reached":33,"playtime":14034,"items_purged":["Strike_B","Strike_B"],"score":467,"play_id":"55f5f3bb-c4db-46ef-b113-2ab1b6ba1c7d","local_time":"20190524135641","is_ascension_mode":true,"campfire_choices":[{"data":"Streamline","floor":6,"key":"SMITH"},{"data":"Consume","floor":8,"key":"SMITH"},{"floor":10,"key":"REST"},{"floor":15,"key":"REST"},{"data":"Self Repair","floor":23,"key":"SMITH"},{"data":"Static Discharge","floor":27,"key":"SMITH"},{"data":"Go for the Eyes","floor":29,"key":"SMITH"},{"data":"Hologram","floor":32,"key":"SMITH"}],"neow_cost":"PERCENT_DAMAGE","seed_source_timestamp":379864247680535,"circlet_count":0,"master_deck":["AscendersBane","Strike_B","Strike_B","Defend_B","Defend_B","Defend_B","Defend_B","Dualcast","FTL","Cold Snap","Flash of Steel","Streamline+1","Consume+1","Cold Snap","Gash","Glacier","Echo Form","Go for the Eyes+1","Gash","Self Repair+1","Conserve Battery","Static Discharge+1","Compile Driver","Hologram+1","Gash"],"relics":["Cracked Core","PreservedInsect","Golden Idol","The Courier","Matryoshka","Odd Mushroom","Nuclear Battery","Bag of Preparation","MawBank","Bronze Scales","Lantern"],"potions_floor_usage":[16,33],"damage_taken":[{"damage":6,"enemies":"2 Louse","floor":1,"turns":3},{"damage":10,"enemies":"Jaw Worm","floor":3,"turns":3},{"damage":0,"enemies":"Cultist","floor":5,"turns":3},{"damage":14,"enemies":"3 Sentries","floor":7,"turns":6},{"damage":4,"enemies":"Red Slaver","floor":11,"turns":3},{"damage":0,"enemies":"Looter","floor":12,"turns":4},{"damage":19,"enemies":"The Mushroom Lair","floor":13,"turns":4},{"damage":0,"enemies":"Exordium Thugs","floor":14,"turns":3},{"damage":14,"enemies":"The Guardian","floor":16,"turns":10},{"damage":10,"enemies":"2 Thieves","floor":18,"turns":5},{"damage":5,"enemies":"Chosen","floor":20,"turns":6},{"damage":2,"enemies":"Snecko","floor":22,"turns":9},{"damage":10,"enemies":"Shelled Parasite and Fungi","floor":24,"turns":9},{"damage":12,"enemies":"Book of Stabbing","floor":30,"turns":3},{"damage":3,"enemies":"Snake Plant","floor":31,"turns":5},{"damage":72,"enemies":"Automaton","floor":33,"turns":6}],"seed_played":"6079321098077271397","potions_obtained":[{"floor":7,"key":"PowerPotion"},{"floor":12,"key":"Explosive Potion"},{"floor":13,"key":"AttackPotion"},{"floor":20,"key":"Explosive Potion"}],"is_trial":false,"path_per_floor":["M","$","M","?","M","R","E","R","T","R","M","M","?","M","R","B",null,"M","$","M","?","M","R","M","$","T","R","?","R","E","M","R","B"],"character_chosen":"DEFECT","items_purchased":["PreservedInsect","Cold Snap","Flash of Steel","Gash","Self Repair","Compile Driver"],"campfire_rested":2,"item_purchase_floors":[2,2,2,19,19,25],"current_hp_per_floor":[40,40,30,30,30,30,16,16,16,35,31,31,12,12,31,17,52,42,42,44,44,56,56,64,64,64,64,64,64,52,64,64,0],"gold":157,"neow_bonus":"TWO_FIFTY_GOLD","is_prod":false,"is_daily":false,"chose_seed":false,"campfire_upgraded":6,"win_rate":0,"timestamp":1558720601,"path_taken":["M","$","M","?","M","R","E","R","T","R","M","M","?","M","R","BOSS","M","$","M","?","M","R","M","$","T","R","?","R","E","M","R","BOSS"],"build_version":"2019-01-23","purchased_purges":2,"victory":false,"max_hp_per_floor":[71,71,71,64,64,64,64,64,64,64,64,64,64,64,64,64,64,64,64,64,64,64,64,64,64,64,64,64,64,64,64,64,64],"card_choices":[{"not_picked":["Ball Lightning","Barrage"],"picked":"FTL","floor":1},{"not_picked":["Coolheaded","Redo"],"picked":"Streamline","floor":3},{"not_picked":["Melter","Redo","Beam Cell"],"picked":"SKIP","floor":5},{"not_picked":["Hyperbeam","Beam Cell"],"picked":"Consume","floor":7},{"not_picked":["Steam Power","Streamline"],"picked":"Cold Snap","floor":11},{"not_picked":["Streamline","Redo","Meteor Strike"],"picked":"SKIP","floor":12},{"not_picked":["Conserve Battery","Compile Driver"],"picked":"Gash","floor":13},{"not_picked":["Hologram","Leap"],"picked":"Glacier","floor":14},{"not_picked":["Amplify","Fission"],"picked":"Echo Form","floor":16},{"not_picked":["Rebound","Beam Cell"],"picked":"Go for the Eyes","floor":18},{"not_picked":["Steam","Cold Snap"],"picked":"Conserve Battery","floor":20},{"not_picked":["Leap","Beam Cell","Ball Lightning"],"picked":"SKIP","floor":22},{"not_picked":["Beam Cell","Darkness+1"],"picked":"Static Discharge","floor":24},{"not_picked":["Rebound","Reprogram"],"picked":"Hologram","floor":30},{"not_picked":["Steam Power","Barrage"],"picked":"Gash","floor":31}],"player_experience":1294409,"relics_obtained":[{"floor":7,"key":"The Courier"},{"floor":9,"key":"Matryoshka"},{"floor":13,"key":"Odd Mushroom"},{"floor":26,"key":"MawBank"},{"floor":26,"key":"Bronze Scales"},{"floor":30,"key":"Lantern"}],"event_choices":[{"damage_healed":0,"gold_gain":0,"player_choice":"Lose Max HP","damage_taken":0,"relics_obtained":["Golden Idol"],"max_hp_gain":0,"max_hp_loss":7,"event_name":"Golden Idol","floor":4,"gold_loss":0},{"damage_healed":0,"gold_gain":0,"player_choice":"Fought Mushrooms","damage_taken":0,"max_hp_gain":0,"max_hp_loss":0,"event_name":"Mushrooms","floor":13,"gold_loss":0},{"damage_healed":0,"gold_gain":0,"player_choice":"Obtained Relic","damage_taken":0,"relics_obtained":["Bag of Preparation"],"max_hp_gain":0,"max_hp_loss":0,"event_name":"Addict","floor":21,"gold_loss":85},{"cards_removed":["Zap"],"damage_healed":0,"gold_gain":0,"player_choice":"Offered Basic","damage_taken":0,"max_hp_gain":0,"max_hp_loss":0,"event_name":"Bonfire Elementals","floor":28,"gold_loss":0}],"is_beta":false,"boss_relics":[{"not_picked":["Ectoplasm","Eternal Feather"],"picked":"Nuclear Battery"}],"items_purged_floors":[2,19],"is_endless":false,"potions_floor_spawned":[7,12,13,20,22],"killed_by":"Automaton","ascension_level":15}