{"gold_per_floor":[114,129,429,114,129,129,159,159,159,159,174,204,219,294,294,394,394,409,87,87,87,102,132,144,171,183,195,222,264,291,318,330,342],"floor_reached":33,"playtime":3439,"items_purged":["Regret","Defend_R"],"score":372,"play_id":"7d1464cc-5e20-49a2-895b-69aa86a2a294","local_time":"20190414165324","daily_mods":["Heirloom","Blue Cards","Binary"],"is_ascension_mode":false,"campfire_choices":[{"data":"Feed","floor":6,"key":"SMITH"},{"data":"Infernal Blade","floor":8,"key":"SMITH"},{"data":"Seeing Red","floor":15,"key":"SMITH"},{"data":"Barricade","floor":24,"key":"SMITH"},{"data":"Seeing Red","floor":27,"key":"SMITH"},{"data":"Searing Blow","floor":32,"key":"SMITH"}],"neow_cost":"","seed_source_timestamp":0,"circlet_count":0,"master_deck":["Strike_R","Strike_R","Strike_R","Strike_R","Strike_R","Defend_R","Defend_R","Defend_R","Bash","Shrug It Off","Seeing Red+1","Seeing Red+1","Shrug It Off","Feed+1","Infernal Blade+1","Iron Wave","Warcry","Cold Snap","Barricade+1","Shrug It Off","Body Slam","Infernal Blade+1","White Noise+1","Searing Blow+1","Battle Trance","Shrug It Off"],"special_seed":18000,"relics":["Burning Blood","Charon\u0027s Ashes","Old Coin","The Courier","Girya","Meat on the Bone","Singing Bowl","Sozu","Ornamental Fan","MawBank","Du-Vu Doll","Bag of Marbles"],"potions_floor_usage":[7,30],"damage_taken":[{"damage":7,"enemies":"Jaw Worm","floor":1,"turns":5},{"damage":5,"enemies":"Small Slimes","floor":2,"turns":4},{"damage":0,"enemies":"2 Louse","floor":5,"turns":3},{"damage":10,"enemies":"3 Sentries","floor":7,"turns":5},{"damage":8,"enemies":"Large Slime","floor":11,"turns":4},{"damage":52,"enemies":"Lagavulin","floor":12,"turns":9},{"damage":0,"enemies":"Lots of Slimes","floor":13,"turns":2},{"damage":36,"enemies":"The Guardian","floor":16,"turns":17},{"damage":5,"enemies":"2 Thieves","floor":18,"turns":4},{"damage":7,"enemies":"3 Byrds","floor":22,"turns":7},{"damage":24,"enemies":"Book of Stabbing","floor":23,"turns":5},{"damage":23,"enemies":"Snake Plant","floor":25,"turns":5},{"damage":7,"enemies":"Centurion and Healer","floor":28,"turns":6},{"damage":30,"enemies":"Slavers","floor":29,"turns":6},{"damage":0,"enemies":"Cultist and Chosen","floor":30,"turns":4},{"damage":25,"enemies":"Sentry and Sphere","floor":31,"turns":7},{"damage":82,"enemies":"Champ","floor":33,"turns":21}],"seed_played":"-6873937662443283493","potions_obtained":[{"floor":5,"key":"Explosive Potion"},{"floor":12,"key":"Ancient Potion"},{"floor":16,"key":"Energy Potion"}],"is_trial":false,"path_per_floor":["M","M","?","$","M","R","E","R","T","T","M","E","M","?","R","B",null,"M","$","?","?","M","E","R","M","T","R","M","E","M","M","R","B"],"character_chosen":"IRONCLAD","items_purchased":["Seeing Red","Shrug It Off","Feed","Ornamental Fan","Body Slam"],"campfire_rested":0,"item_purchase_floors":[4,4,4,19,19],"current_hp_per_floor":[79,80,80,80,83,83,83,83,83,83,81,47,59,48,48,34,97,97,97,81,81,86,68,68,63,63,63,68,58,68,61,61,0],"gold":342,"neow_bonus":"","is_prod":false,"is_daily":true,"chose_seed":false,"campfire_upgraded":6,"win_rate":0,"timestamp":1555275204,"path_taken":["M","M","?","$","M","R","E","R","T","?","M","E","M","?","R","BOSS","M","$","?","?","M","E","R","M","T","R","?","E","M","M","R","BOSS"],"build_version":"2019-01-23","purchased_purges":2,"victory":false,"max_hp_per_floor":[80,80,80,80,83,83,87,87,87,87,87,87,93,93,93,97,97,97,97,97,97,103,103,103,103,103,103,109,111,115,115,115,115],"card_choices":[{"not_picked":["Warcry"],"picked":"Shrug It Off","floor":1},{"not_picked":["Sword Boomerang"],"picked":"Seeing Red","floor":2},{"not_picked":["Feel No Pain"],"picked":"Infernal Blade","floor":5},{"not_picked":["Headbutt"],"picked":"Iron Wave","floor":7},{"not_picked":["Redo"],"picked":"Warcry","floor":11},{"not_picked":["Genetic Algorithm"],"picked":"Cold Snap","floor":12},{"not_picked":["Hologram","Buffer"],"picked":"Singing Bowl","floor":13},{"not_picked":["Echo Form"],"picked":"Barricade","floor":16},{"not_picked":["Seeing Red"],"picked":"Shrug It Off","floor":18},{"not_picked":["Twin Strike","Tempest"],"picked":"Singing Bowl","floor":22},{"not_picked":["Leap"],"picked":"White Noise+1","floor":23},{"not_picked":["Beam Cell"],"picked":"Searing Blow","floor":25},{"not_picked":["Battle Trance","Scrape"],"picked":"Singing Bowl","floor":28},{"not_picked":["Multi-Cast","Double Energy+1"],"picked":"Singing Bowl","floor":29},{"not_picked":["Doom and Gloom+1"],"picked":"Battle Trance","floor":30},{"not_picked":["Tempest"],"picked":"Shrug It Off","floor":31}],"player_experience":63293,"relics_obtained":[{"floor":7,"key":"The Courier"},{"floor":9,"key":"Girya"},{"floor":10,"key":"Meat on the Bone"},{"floor":12,"key":"Singing Bowl"},{"floor":23,"key":"MawBank"},{"floor":26,"key":"Du-Vu Doll"},{"floor":29,"key":"Bag of Marbles"}],"event_choices":[{"damage_healed":0,"gold_gain":0,"player_choice":"Box","damage_taken":0,"relics_obtained":["Old Coin"],"max_hp_gain":0,"max_hp_loss":0,"event_name":"Big Fish","floor":3,"gold_loss":0,"cards_obtained":["Regret"]},{"damage_healed":0,"gold_gain":75,"player_choice":"Gather Gold","damage_taken":11,"max_hp_gain":0,"max_hp_loss":0,"event_name":"World of Goop","floor":14,"gold_loss":0},{"damage_healed":0,"gold_gain":0,"player_choice":"Obtained Book","damage_taken":16,"max_hp_gain":0,"max_hp_loss":0,"event_name":"Cursed Tome","floor":20,"gold_loss":0},{"damage_healed":0,"gold_gain":0,"player_choice":"Copied","damage_taken":0,"max_hp_gain":0,"max_hp_loss":0,"event_name":"Duplicator","floor":21,"gold_loss":0,"cards_obtained":["Infernal Blade"]}],"is_beta":false,"boss_relics":[{"not_picked":["Fusion Hammer","Runic Dome"],"picked":"Sozu"}],"items_purged_floors":[4,19],"is_endless":false,"potions_floor_spawned":[5,12,16,23,25,29,31],"killed_by":"Champ","ascension_level":0}