{"gold_per_floor":[117,117,132,54,69,69,94,94,94,94,135,65,65],"floor_reached":13,"playtime":1226,"items_purged":[],"score":83,"play_id":"f5b755df-7503-4967-9737-00951e61c280","local_time":"20180625162104","is_ascension_mode":false,"campfire_choices":[{"data":"Dagger Spray","floor":6,"key":"SMITH"},{"data":"Survivor","floor":8,"key":"SMITH"},{"data":"Dagger Spray","floor":10,"key":"SMITH"}],"neow_cost":"NONE","seed_source_timestamp":19627568261767,"circlet_count":0,"master_deck":["Defend_G","Defend_G","Defend_G","Defend_G","Defend_G","Strike_G","Strike_G","Strike_G","Strike_G","Strike_G","Survivor+1","Neutralize","Phantasmal Killer","Dash","Slice","Dagger Spray+1","Deadly Poison","Outmaneuver","Dagger Spray+1","Flying Knee","Endless Agony"],"relics":["Ring of the Snake","Golden Idol","Kunai","Orichalcum"],"potions_floor_usage":[11,13,13],"damage_taken":[{"damage":0,"enemies":"2 Louse","floor":1,"turns":3},{"damage":0,"enemies":"Small Slimes","floor":3,"turns":4},{"damage":0,"enemies":"Jaw Worm","floor":5,"turns":3},{"damage":1,"enemies":"3 Louse","floor":7,"turns":4},{"damage":11,"enemies":"3 Sentries","floor":11,"turns":5},{"damage":43,"enemies":"Lagavulin Event","floor":13,"turns":8}],"seed_played":"-7543849352617510888","potions_obtained":[{"floor":1,"key":"SkillPotion"},{"floor":5,"key":"AttackPotion"},{"floor":11,"key":"SneckoOil"}],"is_trial":false,"path_per_floor":["M","?","M","$","M","R","M","R","T","R","E","$"],"character_chosen":"THE_SILENT","items_purchased":["Dagger Spray","Deadly Poison","Endless Agony"],"campfire_rested":0,"item_purchase_floors":[4,4,12],"current_hp_per_floor":[70,53,53,53,53,53,52,52,52,52,41,41,0],"gold":65,"neow_bonus":"ONE_RANDOM_RARE_CARD","is_prod":false,"is_daily":false,"chose_seed":false,"campfire_upgraded":3,"win_rate":0.0,"timestamp":1529936464,"path_taken":["M","?","M","$","M","R","M","R","T","R","E","$","?"],"build_version":"2018-06-21v2","purchased_purges":0,"victory":false,"max_hp_per_floor":[70,70,70,70,70,70,70,70,70,70,70,70,70],"card_choices":[{"not_picked":["Calculated Gamble","Dodge and Roll"],"picked":"Dash","floor":1},{"not_picked":["Dagger Throw","Eviscerate"],"picked":"Slice","floor":3},{"not_picked":["Escape Plan","Dodge and Roll"],"picked":"Outmaneuver","floor":5},{"not_picked":["Well Laid Plans","Malaise"],"picked":"Dagger Spray","floor":7},{"not_picked":["Underhanded Strike","Deflect"],"picked":"Flying Knee","floor":11}],"player_experience":8197,"relics_obtained":[{"floor":9,"key":"Kunai"},{"floor":11,"key":"Orichalcum"}],"event_choices":[{"event_name":"Golden Idol","player_choice":"Take Damage","floor":2,"damage_taken":0},{"event_name":"Dead Adventurer","player_choice":"Searched \u00271\u0027 times","floor":13,"damage_taken":0}],"boss_relics":[],"items_purged_floors":[],"is_endless":false,"potions_floor_spawned":[1,5,11,13],"killed_by":"Lagavulin Event","ascension_level":0}