{"gold_per_floor":[113,113,60,70,80,80,80,106,185,204,229,229,254,272,272,345,345,356,7,7,18,29,61,61,71,71,27,27,58,58,71,71,145,145,160,208,208,235,252,252,40,40,40,51,51,0,34,49,49,49],"floor_reached":51,"playtime":2589,"items_purged":["Strike_B","Doubt"],"score":1349,"play_id":"983578ed-ab8d-4d4e-b74e-ce9baca999ca","local_time":"20190514155001","is_ascension_mode":true,"campfire_choices":[{"data":"Zap","floor":6.0,"key":"SMITH"},{"floor":12.0,"key":"REST"},{"data":"1","floor":15.0,"key":"LIFT"},{"data":"2","floor":24.0,"key":"LIFT"},{"data":"3","floor":28.0,"key":"LIFT"},{"data":"Go for the Eyes","floor":30.0,"key":"SMITH"},{"floor":32.0,"key":"REST"},{"data":"Leap","floor":40.0,"key":"SMITH"},{"data":"Beam Cell","floor":42,"key":"SMITH"},{"floor":45,"key":"REST"},{"floor":49,"key":"REST"}],"neow_cost":"PERCENT_DAMAGE","seed_source_timestamp":2498246008967,"circlet_count":0,"master_deck":["AscendersBane","Strike_B","Strike_B","Strike_B","Defend_B","Defend_B","Defend_B","Defend_B","Zap+1","Dualcast","FTL","Ball Lightning","Go for the Eyes+1","Loop","Capacitor","Doom and Gloom","Leap+1","Core Surge","Rip and Tear","Fission+1","Steam+1","Skim+1","Genetic Algorithm+1","Capacitor","Sunder","Fission+1","Defragment+1","FTL","Purity+1","Beam Cell+1","Steam+1","Parasite","Doom and Gloom","Stack+1","Chaos+1"],"special_seed":0,"relics":["Cracked Core","StoneCalendar","Vajra","Singing Bowl","Girya","Toxic Egg 2","Busted Crown","Meat on the Bone","DataDisk","Cables","Pen Nib","Dead Branch","Cursed Key","Nunchaku","Orichalcum","Sundial","Red Mask","Strawberry"],"potions_floor_usage":[47,50,50],"damage_taken":[{"damage":0.0,"enemies":"Small Slimes","floor":1.0,"turns":4.0},{"damage":4.0,"enemies":"Jaw Worm","floor":4.0,"turns":3.0},{"damage":0.0,"enemies":"Cultist","floor":5.0,"turns":3.0},{"damage":25.0,"enemies":"Lagavulin","floor":8.0,"turns":5.0},{"damage":9.0,"enemies":"Red Slaver","floor":10.0,"turns":4.0},{"damage":11.0,"enemies":"Gremlin Nob","floor":11.0,"turns":3.0},{"damage":10.0,"enemies":"3 Sentries","floor":13.0,"turns":4.0},{"damage":0.0,"enemies":"Exordium Thugs","floor":14.0,"turns":2.0},{"damage":10.0,"enemies":"Hexaghost","floor":16.0,"turns":7.0},{"damage":12.0,"enemies":"Chosen","floor":18.0,"turns":2.0},{"damage":18.0,"enemies":"2 Thieves","floor":21.0,"turns":3.0},{"damage":7.0,"enemies":"Chosen and Byrds","floor":22.0,"turns":4.0},{"damage":20.0,"enemies":"Gremlin Leader","floor":23.0,"turns":6.0},{"damage":14.0,"enemies":"3 Cultists","floor":25.0,"turns":5.0},{"damage":21.0,"enemies":"Book of Stabbing","floor":29.0,"turns":4.0},{"damage":0.0,"enemies":"Snake Plant","floor":31.0,"turns":2.0},{"damage":32.0,"enemies":"Champ","floor":33.0,"turns":7.0},{"damage":16.0,"enemies":"Orb Walker","floor":35.0,"turns":2.0},{"damage":5.0,"enemies":"2 Orb Walkers","floor":36.0,"turns":3.0},{"damage":7.0,"enemies":"3 Darklings","floor":39.0,"turns":3.0},{"damage":18,"enemies":"Spire Growth","floor":44,"turns":3},{"damage":47,"enemies":"Nemesis","floor":47,"turns":5},{"damage":0,"enemies":"4 Shapes","floor":48,"turns":4},{"damage":59,"enemies":"Donu and Deca","floor":50,"turns":5}],"seed_played":"-1091028407507004479","potions_obtained":[{"floor":4.0,"key":"EssenceOfSteel"},{"floor":7.0,"key":"Strength Potion"},{"floor":7.0,"key":"Fire Potion"},{"floor":8.0,"key":"Fire Potion"},{"floor":13.0,"key":"SteroidPotion"},{"floor":18.0,"key":"Strength Potion"},{"floor":23.0,"key":"FearPotion"},{"floor":29.0,"key":"FocusPotion"},{"floor":33.0,"key":"Swift Potion"},{"floor":35.0,"key":"Fire Potion"},{"floor":39.0,"key":"SkillPotion"},{"floor":47,"key":"Strength Potion"}],"is_trial":false,"path_per_floor":["M","?","$","M","M","R","?","E","T","M","E","R","E","M","R","B",null,"M","$","T","M","M","E","R","M","T","$","R","E","R","M","R","B",null,"M","?","?","T","M","R","$","R","T","M","R","?","E","M","R","B",null],"character_chosen":"DEFECT","items_purchased":["Ball Lightning","Meat on the Bone","Genetic Algorithm+1","Steam+1","FocusPotion"],"campfire_rested":4,"item_purchase_floors":[3,19,27,41,41],"current_hp_per_floor":[46,69,69,65,65,65,65,40,40,31,20,41,31,31,31,21,59,47,47,47,43,50,42,42,42,42,42,42,33,33,45,68,48,70,54,49,49,49,42,42,42,42,42,36,59,59,31,43,68,21],"gold":49,"neow_bonus":"ONE_RARE_RELIC","is_prod":false,"is_daily":false,"chose_seed":false,"campfire_upgraded":4,"win_rate":0,"timestamp":1557863401,"path_taken":["M","?","$","M","M","R","?","E","T","M","E","R","E","M","R","BOSS","M","$","?","?","M","E","R","M","T","?","R","E","R","M","R","BOSS","M","?","?","?","M","R","$","R","T","M","R","?","E","M","R","BOSS"],"build_version":"2019-01-23","purchased_purges":2,"victory":true,"max_hp_per_floor":[71,71,71,71,71,71,71,71,71,71,71,71,71,71,71,71,71,71,71,71,73,75,75,75,77,77,77,77,77,77,77,77,77,77,77,77,77,77,77,77,77,77,77,77,77,77,84,84,84,84],"card_choices":[{"not_picked":["Streamline","Hologram"],"picked":"FTL","floor":1.0},{"not_picked":["Recycle","White Noise"],"picked":"Go for the Eyes","floor":4.0},{"not_picked":["White Noise","Aggregate"],"picked":"Loop","floor":5.0},{"not_picked":["Sweeping Beam","Turbo"],"picked":"Capacitor","floor":8.0},{"not_picked":["Barrage","Coolheaded"],"picked":"Doom and Gloom","floor":10.0},{"not_picked":["Skim","Ball Lightning"],"picked":"Leap","floor":11.0},{"not_picked":["Beam Cell","Redo"],"picked":"Core Surge","floor":13.0},{"not_picked":["Turbo+1","Barrage"],"picked":"Rip and Tear","floor":14.0},{"not_picked":["Buffer","Seek+1"],"picked":"Fission+1","floor":16.0},{"not_picked":[],"picked":"Steam+1","floor":18.0},{"not_picked":["Turbo+1"],"picked":"Singing Bowl","floor":21.0},{"not_picked":["Turbo+1"],"picked":"Singing Bowl","floor":22.0},{"not_picked":[],"picked":"Skim+1","floor":23.0},{"not_picked":["Streamline"],"picked":"Singing Bowl","floor":25.0},{"not_picked":[],"picked":"Capacitor","floor":29.0},{"not_picked":[],"picked":"Sunder","floor":31.0},{"not_picked":[],"picked":"Fission+1","floor":33.0},{"not_picked":[],"picked":"Defragment+1","floor":35.0},{"not_picked":[],"picked":"FTL","floor":36.0},{"not_picked":[],"picked":"Purity+1","floor":37.0},{"not_picked":[],"picked":"Beam Cell","floor":39.0},{"not_picked":[],"picked":"Doom and Gloom","floor":44},{"not_picked":[],"picked":"Stack+1","floor":47},{"not_picked":[],"picked":"Chaos+1","floor":48}],"player_experience":612590,"relics_obtained":[{"floor":8.0,"key":"Vajra"},{"floor":9.0,"key":"Singing Bowl"},{"floor":11.0,"key":"Girya"},{"floor":13.0,"key":"Toxic Egg 2"},{"floor":20.0,"key":"DataDisk"},{"floor":23.0,"key":"Cables"},{"floor":26.0,"key":"Pen Nib"},{"floor":29.0,"key":"Dead Branch"},{"floor":36.0,"key":"Nunchaku"},{"floor":38.0,"key":"Orichalcum"},{"floor":43,"key":"Sundial"},{"floor":47,"key":"Strawberry"}],"event_choices":[{"damage_healed":23.0,"max_hp_gain":0.0,"max_hp_loss":0.0,"gold_gain":0.0,"event_name":"Big Fish","player_choice":"Banana","floor":2.0,"gold_loss":0.0,"damage_taken":0.0},{"damage_healed":0.0,"max_hp_gain":0.0,"max_hp_loss":0.0,"gold_gain":0.0,"event_name":"Lab","player_choice":"Got Potions","floor":7.0,"gold_loss":0.0,"damage_taken":0.0},{"damage_healed":0.0,"max_hp_gain":0.0,"max_hp_loss":0.0,"gold_gain":0.0,"event_name":"Mysterious Sphere","player_choice":"Fight","floor":36.0,"gold_loss":0.0,"damage_taken":0.0},{"damage_healed":0.0,"max_hp_gain":0.0,"max_hp_loss":0.0,"gold_gain":0.0,"event_name":"SensoryStone","player_choice":"Memory 1","floor":37.0,"gold_loss":0.0,"damage_taken":0.0},{"damage_healed":0,"gold_gain":0,"player_choice":"Paid","damage_taken":0,"relics_obtained":["Red Mask"],"max_hp_gain":0,"max_hp_loss":0,"event_name":"Tomb of Lord Red Mask","floor":46,"gold_loss":51}],"is_beta":false,"boss_relics":[{"not_picked":["Coffee Dripper","Orrery"],"picked":"Busted Crown"},{"not_picked":["Snecko Eye","Empty Cage"],"picked":"Cursed Key"}],"items_purged_floors":[19,41],"is_endless":false,"potions_floor_spawned":[4,8,13,18,23,29,33,35,39,47],"ascension_level":16}