{"gold_per_floor":[109,119,129,141,159,159,187,205,256,276,311,311,12,30,30,131,131,146,46,64,84,100,133,133,167,167,217,250,267,267,287,287,391,391,403,417,49,67,77,111,111,111,135,135,155,188,200,215,215,215],"floor_reached":51,"playtime":5853,"items_purged":["Strike_G","Strike_G","Strike_G"],"score":887,"play_id":"76ccad9b-227a-4768-b1b0-db3ea180b2c4","local_time":"20190408182632","is_ascension_mode":false,"campfire_choices":[{"data":"Blade Dance","floor":6,"key":"SMITH"},{"data":"Infinite Blades","floor":15,"key":"SMITH"},{"data":"After Image","floor":30,"key":"SMITH"},{"data":"After Image","floor":32,"key":"SMITH"},{"data":"Blade Dance","floor":42,"key":"SMITH"},{"data":"Blade Dance","floor":44,"key":"SMITH"},{"data":"Blade Dance","floor":49,"key":"SMITH"}],"neow_cost":"NONE","seed_source_timestamp":2951794016273223,"circlet_count":0,"master_deck":["Defend_G","Defend_G","Defend_G","Defend_G","Survivor","Neutralize","Dagger Spray","Finisher","Blade Dance+1","Quick Slash","Finisher","Blade Dance+1","Backflip","Blade Dance+1","After Image+1","Infinite Blades+1","Terror","After Image+1","Blade Dance+1","Quick Slash+1","Escape Plan","Wraith Form v2+1","Backflip","Panache+1","Escape Plan","Slice+1","Finisher+1"],"relics":["Ring of the Snake","Dream Catcher","Bag of Marbles","Mummified Hand","PreservedInsect","Busted Crown","Kunai","Frozen Egg 2","Snake Skull","Ancient Tea Set","Regal Pillow","Philosopher\u0027s Stone","Toxic Egg 2","Omamori","FossilizedHelix"],"potions_floor_usage":[50,50,50],"damage_taken":[{"damage":0,"enemies":"Jaw Worm","floor":1,"turns":6},{"damage":4,"enemies":"Cultist","floor":2,"turns":5},{"damage":0,"enemies":"Small Slimes","floor":3,"turns":4},{"damage":6,"enemies":"3 Louse","floor":4,"turns":3},{"damage":0,"enemies":"Exordium Thugs","floor":5,"turns":3},{"damage":18,"enemies":"Lagavulin","floor":7,"turns":6},{"damage":0,"enemies":"Looter","floor":8,"turns":2},{"damage":0,"enemies":"Large Slime","floor":10,"turns":1},{"damage":19,"enemies":"3 Sentries","floor":11,"turns":7},{"damage":0,"enemies":"3 Louse","floor":14,"turns":1},{"damage":0,"enemies":"Hexaghost","floor":16,"turns":7},{"damage":3,"enemies":"Shell Parasite","floor":18,"turns":4},{"damage":0,"enemies":"Spheric Guardian","floor":20,"turns":3},{"damage":0,"enemies":"Snecko","floor":21,"turns":3},{"damage":7,"enemies":"Centurion and Healer","floor":22,"turns":4},{"damage":0,"enemies":"Slavers","floor":23,"turns":3},{"damage":1,"enemies":"Gremlin Leader","floor":25,"turns":5},{"damage":5,"enemies":"Slavers","floor":28,"turns":3},{"damage":0,"enemies":"3 Cultists","floor":29,"turns":5},{"damage":0,"enemies":"Snecko","floor":31,"turns":5},{"damage":2,"enemies":"Champ","floor":33,"turns":10},{"damage":1,"enemies":"3 Shapes","floor":35,"turns":4},{"damage":6,"enemies":"3 Darklings","floor":36,"turns":4},{"damage":0,"enemies":"Jaw Worm Horde","floor":38,"turns":4},{"damage":0,"enemies":"Transient","floor":39,"turns":5},{"damage":0,"enemies":"Reptomancer","floor":40,"turns":2},{"damage":2,"enemies":"Writhing Mass","floor":45,"turns":4},{"damage":0,"enemies":"Giant Head","floor":46,"turns":4},{"damage":0,"enemies":"Sphere and 2 Shapes","floor":47,"turns":3},{"damage":0,"enemies":"4 Shapes","floor":48,"turns":3},{"damage":25,"enemies":"Time Eater","floor":50,"turns":11}],"seed_played":"2011992409450857989","potions_obtained":[{"floor":3,"key":"Swift Potion"},{"floor":4,"key":"SteroidPotion"},{"floor":5,"key":"SteroidPotion"},{"floor":16,"key":"Fire Potion"},{"floor":22,"key":"Block Potion"},{"floor":35,"key":"SteroidPotion"},{"floor":39,"key":"EssenceOfSteel"}],"is_trial":false,"path_per_floor":["M","M","M","M","M","R","E","M","T","M","E","?","$","M","R","B",null,"M","$","M","M","M","E","T","E","T","?","E","M","R","M","R","B",null,"M","M","$","M","M","E","?","R","T","R","M","E","M","M","R","B",null],"character_chosen":"THE_SILENT","items_purchased":["Infinite Blades","PreservedInsect","Panache+1","Escape Plan"],"campfire_rested":0,"item_purchase_floors":[13,13,37,37],"current_hp_per_floor":[70,66,66,60,60,60,42,42,42,42,23,23,23,23,23,23,70,67,67,67,67,60,60,60,59,59,59,54,54,54,54,54,52,70,69,63,63,63,63,63,63,63,63,63,61,61,61,61,61,36],"gold":215,"neow_bonus":"TRANSFORM_CARD","is_prod":false,"is_daily":false,"chose_seed":false,"campfire_upgraded":7,"win_rate":0.0,"timestamp":1554762392,"path_taken":["M","M","M","M","M","R","E","M","T","M","E","?","$","M","R","BOSS","M","$","M","M","M","E","?","E","T","?","E","?","R","M","R","BOSS","M","M","$","M","M","E","?","R","T","R","M","E","M","M","R","BOSS"],"build_version":"2019-01-23","purchased_purges":3,"victory":true,"max_hp_per_floor":[70,70,70,70,70,70,70,70,70,70,70,70,70,70,70,70,70,70,70,70,70,70,70,70,70,70,70,70,70,70,70,70,70,70,70,70,70,70,70,70,70,70,70,70,70,70,70,70,70,70],"card_choices":[{"not_picked":["Flying Knee","Dodge and Roll"],"picked":"Finisher","floor":1},{"not_picked":["Caltrops","Underhanded Strike","Poisoned Stab"],"picked":"SKIP","floor":2},{"not_picked":["Dodge and Roll","Flying Knee"],"picked":"Blade Dance","floor":3},{"not_picked":["Outmaneuver","Masterful Stab"],"picked":"Quick Slash","floor":4},{"not_picked":["Slice","Acrobatics"],"picked":"Finisher","floor":5},{"not_picked":["Distraction","After Image"],"picked":"Blade Dance","floor":7},{"not_picked":["Riddle With Holes","Endless Agony"],"picked":"Backflip","floor":8},{"not_picked":["Flying Knee","Backflip"],"picked":"Blade Dance","floor":10},{"not_picked":["Sucker Punch","Reflex","Eviscerate"],"picked":"SKIP","floor":11},{"not_picked":["Dagger Spray","Outmaneuver"],"picked":"Terror","floor":14},{"not_picked":["Burst","A Thousand Cuts"],"picked":"After Image","floor":16},{"not_picked":["Underhanded Strike"],"picked":"SKIP","floor":18},{"not_picked":["Predator"],"picked":"SKIP","floor":20},{"not_picked":[],"picked":"Blade Dance","floor":21},{"not_picked":["Sucker Punch+1"],"picked":"SKIP","floor":22},{"not_picked":["Outmaneuver"],"picked":"SKIP","floor":23},{"not_picked":[],"picked":"Quick Slash+1","floor":25},{"not_picked":["Dagger Spray"],"picked":"SKIP","floor":28},{"not_picked":["Sucker Punch"],"picked":"SKIP","floor":29},{"not_picked":[],"picked":"Escape Plan","floor":31},{"not_picked":[],"picked":"Wraith Form v2+1","floor":33},{"not_picked":["Heel Hook+1"],"picked":"SKIP","floor":35},{"not_picked":[],"picked":"Backflip","floor":36},{"not_picked":[],"picked":"Slice+1","floor":38},{"not_picked":[],"picked":"Finisher+1","floor":39},{"not_picked":["Deadly Poison+1"],"picked":"SKIP","floor":40},{"not_picked":["Acrobatics+1"],"picked":"SKIP","floor":45},{"not_picked":["Acrobatics+1"],"picked":"SKIP","floor":45},{"not_picked":["Skewer+1"],"picked":"SKIP","floor":46},{"not_picked":["Flying Knee+1"],"picked":"SKIP","floor":47},{"not_picked":["Underhanded Strike+1"],"picked":"SKIP","floor":48}],"player_experience":48780,"relics_obtained":[{"floor":7,"key":"Dream Catcher"},{"floor":9,"key":"Bag of Marbles"},{"floor":11,"key":"Mummified Hand"},{"floor":23,"key":"Kunai"},{"floor":24,"key":"Frozen Egg 2"},{"floor":25,"key":"Snake Skull"},{"floor":26,"key":"Ancient Tea Set"},{"floor":28,"key":"Regal Pillow"},{"floor":40,"key":"Toxic Egg 2"},{"floor":43,"key":"Omamori"},{"floor":46,"key":"FossilizedHelix"}],"event_choices":[{"damage_healed":0,"gold_gain":0,"cards_transformed":["Strike_G"],"player_choice":"Transformed","damage_taken":0,"max_hp_gain":0,"max_hp_loss":0,"event_name":"Transmorgrifier","floor":12,"gold_loss":0,"cards_obtained":["After Image"]},{"damage_healed":0,"gold_gain":100,"player_choice":"Bet on Murderer","damage_taken":0,"max_hp_gain":0,"max_hp_loss":0,"event_name":"The Joust","floor":27,"gold_loss":50},{"cards_removed":["Defend_G"],"damage_healed":0,"gold_gain":0,"player_choice":"Removed Skill","damage_taken":0,"max_hp_gain":0,"max_hp_loss":0,"event_name":"Falling","floor":41,"gold_loss":0}],"is_beta":false,"boss_relics":[{"not_picked":["Coffee Dripper","Fusion Hammer"],"picked":"Busted Crown"},{"not_picked":["Eternal Feather","Calling Bell"],"picked":"Philosopher\u0027s Stone"}],"items_purged_floors":[13,19,37],"is_endless":false,"potions_floor_spawned":[3,4,5,14,16,22,25,28,35,39,40,45,47],"ascension_level":0}