{"gold_per_floor":[111,130,130,146,159,159,187,187,187,218,236,236,246,256,256,352,352,364,564,575,500,511,511],"floor_reached":23,"playtime":2453,"items_purged":[],"score":255,"play_id":"20707b16-7be6-45e6-a550-61ef4b6ce811","local_time":"20181229095237","is_ascension_mode":false,"campfire_choices":[{"data":"Compile Driver","floor":6,"key":"SMITH"},{"floor":12,"key":"REST"},{"data":"Rainbow","floor":15,"key":"SMITH"}],"neow_cost":"NONE","seed_source_timestamp":718248909156800,"circlet_count":0,"master_deck":["Strike_B","Strike_B","Strike_B","Defend_B","Defend_B","Defend_B","Zap","Dualcast","Double Energy","Conserve Battery","Compile Driver+1","Melter","Seek","Steam Power","Rainbow+1","BootSequence","Sweeping Beam","Creative AI","Glacier","FTL","Capacitor+1"],"relics":["Cracked Core","Mercury Hourglass","FossilizedHelix","StoneCalendar","Black Star"],"potions_floor_usage":[16],"damage_taken":[{"damage":0,"enemies":"Small Slimes","floor":1,"turns":3},{"damage":0,"enemies":"2 Louse","floor":2,"turns":2},{"damage":4,"enemies":"Jaw Worm","floor":4,"turns":4},{"damage":8,"enemies":"Red Slaver","floor":5,"turns":4},{"damage":22,"enemies":"3 Sentries","floor":7,"turns":7},{"damage":6,"enemies":"Lagavulin","floor":10,"turns":5},{"damage":0,"enemies":"Large Slime","floor":11,"turns":3},{"damage":0,"enemies":"3 Louse","floor":13,"turns":2},{"damage":2,"enemies":"Exordium Thugs","floor":14,"turns":4},{"damage":0,"enemies":"Slime Boss","floor":16,"turns":7},{"damage":14,"enemies":"Shell Parasite","floor":18,"turns":5},{"damage":0,"enemies":"Spheric Guardian","floor":20,"turns":3},{"damage":28,"enemies":"Snake Plant","floor":22,"turns":5},{"damage":57,"enemies":"Book of Stabbing","floor":23,"turns":7}],"seed_played":"7209092680464182288","potions_obtained":[{"floor":2,"key":"FairyPotion"},{"floor":7,"key":"Ancient Potion"},{"floor":10,"key":"Strength Potion"},{"floor":18,"key":"Strength Potion"}],"is_trial":false,"path_per_floor":["M","M","?","M","M","R","E","?","T","E","M","R","M","M","R","B",null,"M","?","M","?","M","E"],"character_chosen":"DEFECT","items_purchased":[],"campfire_rested":1,"item_purchase_floors":[],"current_hp_per_floor":[82,82,82,78,70,70,48,48,48,42,42,66,66,64,64,64,82,68,68,68,68,40,0],"gold":511,"neow_bonus":"TEN_PERCENT_HP_BONUS","is_prod":false,"is_daily":false,"chose_seed":false,"campfire_upgraded":2,"win_rate":0.0,"timestamp":1546098757,"path_taken":["M","M","?","M","M","R","E","?","T","E","M","R","M","M","R","BOSS","M","?","?","?","M","E"],"build_version":"2018-12-20","purchased_purges":0,"victory":false,"max_hp_per_floor":[82,82,82,82,82,82,82,82,82,82,82,82,82,82,82,82,82,82,82,82,82,82,82],"card_choices":[{"not_picked":["Barrage","Streamline"],"picked":"Double Energy","floor":1},{"not_picked":["Barrage","Compile Driver"],"picked":"Conserve Battery","floor":2},{"not_picked":["Ball Lightning","Sweeping Beam"],"picked":"Compile Driver","floor":4},{"not_picked":["Compile Driver","Coolheaded"],"picked":"Melter","floor":5},{"not_picked":["FTL","Compile Driver"],"picked":"Seek","floor":7},{"not_picked":["Ball Lightning","Conserve Battery"],"picked":"Steam Power","floor":10},{"not_picked":["Go for the Eyes","Cold Snap"],"picked":"Rainbow","floor":11},{"not_picked":["Sweeping Beam","Cold Snap"],"picked":"BootSequence","floor":13},{"not_picked":["Coolheaded","Barrage"],"picked":"Sweeping Beam","floor":14},{"not_picked":["Multi-Cast","Electrodynamics"],"picked":"Creative AI","floor":16},{"not_picked":["Storm","Tempest"],"picked":"Glacier","floor":18},{"not_picked":["Stack","Lockon+1"],"picked":"FTL","floor":20},{"not_picked":["Redo","Conserve Battery"],"picked":"Capacitor+1","floor":22}],"player_experience":16617,"relics_obtained":[{"floor":7,"key":"Mercury Hourglass"},{"floor":9,"key":"FossilizedHelix"},{"floor":10,"key":"StoneCalendar"}],"event_choices":[{"damage_healed":0,"gold_gain":0,"player_choice":"Ignored","damage_taken":0,"max_hp_gain":0,"max_hp_loss":0,"event_name":"Liars Game","floor":3,"gold_loss":0},{"cards_removed":["Defend_B"],"damage_healed":0,"gold_gain":0,"player_choice":"Forget","damage_taken":0,"max_hp_gain":0,"max_hp_loss":0,"event_name":"Living Wall","floor":8,"gold_loss":0},{"damage_healed":0,"gold_gain":200,"player_choice":"Gold","damage_taken":0,"max_hp_gain":0,"max_hp_loss":0,"event_name":"Wheel of Change","floor":19,"gold_loss":0},{"cards_removed":["Strike_B"],"damage_healed":0,"gold_gain":0,"player_choice":"Gave Gold","damage_taken":0,"max_hp_gain":0,"max_hp_loss":0,"event_name":"Beggar","floor":21,"gold_loss":75}],"is_beta":false,"boss_relics":[{"not_picked":["Sozu","Busted Crown"],"picked":"Black Star"}],"items_purged_floors":[],"is_endless":false,"potions_floor_spawned":[2,7,10,11,14,18],"killed_by":"Book of Stabbing","ascension_level":0}