{"gold_per_floor":[109,109,74,90,101,130,141,141,141,170,190,215,244,256,256,256],"floor_reached":16,"playtime":935,"items_purged":[],"score":147,"play_id":"3fa7e27f-726c-4022-ba30-2d3c89af7db2","local_time":"20190503184005","is_ascension_mode":false,"campfire_choices":[{"data":"Bash","floor":8,"key":"SMITH"},{"data":"Wild Strike","floor":15,"key":"SMITH"}],"neow_cost":"PERCENT_DAMAGE","seed_source_timestamp":442395244188360,"circlet_count":0,"master_deck":["Strike_R","Strike_R","Strike_R","Strike_R","Strike_R","Defend_R","Defend_R","Defend_R","Defend_R","Bash+1","True Grit","Wild Strike+1","Pommel Strike","Armaments","Limit Break","True Grit+1","Shrug It Off+1","Feed"],"relics":["Burning Blood","Gremlin Horn","Singing Bowl","Toxic Egg 2","Odd Mushroom","Frozen Egg 2"],"potions_floor_usage":[12,16,16],"damage_taken":[{"damage":12,"enemies":"Small Slimes","floor":1,"turns":5},{"damage":9,"enemies":"2 Louse","floor":4,"turns":3},{"damage":4,"enemies":"Jaw Worm","floor":5,"turns":3},{"damage":41,"enemies":"Lagavulin","floor":6,"turns":6},{"damage":0,"enemies":"3 Louse","floor":7,"turns":3},{"damage":28,"enemies":"Gremlin Nob","floor":10,"turns":4},{"damage":6,"enemies":"Lots of Slimes","floor":11,"turns":3},{"damage":1,"enemies":"The Mushroom Lair","floor":12,"turns":3},{"damage":21,"enemies":"Lagavulin","floor":13,"turns":6},{"damage":1,"enemies":"Looter","floor":14,"turns":4},{"damage":44,"enemies":"The Guardian","floor":16,"turns":10}],"seed_played":"790622403920558883","potions_obtained":[{"floor":6,"key":"Fire Potion"},{"floor":10,"key":"Swift Potion"},{"floor":14,"key":"Energy Potion"}],"is_trial":false,"path_per_floor":["M","?","?","M","M","E","M","R","T","E","M","?","E","M","R","B"],"character_chosen":"IRONCLAD","items_purchased":[],"campfire_rested":0,"item_purchase_floors":[],"current_hp_per_floor":[66,71,96,93,95,60,66,66,66,44,46,51,36,43,43,0],"gold":256,"neow_bonus":"TWENTY_PERCENT_HP_BONUS","is_prod":false,"is_daily":false,"chose_seed":false,"campfire_upgraded":2,"win_rate":0,"timestamp":1556923205,"path_taken":["M","?","?","M","M","E","M","R","T","E","M","?","E","M","R","BOSS"],"build_version":"2019-01-23","purchased_purges":0,"victory":false,"max_hp_per_floor":[96,101,101,101,101,101,101,101,101,101,103,103,103,105,105,105],"card_choices":[{"not_picked":["Armaments","Wild Strike"],"picked":"True Grit","floor":1},{"not_picked":["Clothesline","Clash"],"picked":"Wild Strike","floor":4},{"not_picked":["Flex","Body Slam"],"picked":"Pommel Strike","floor":5},{"not_picked":["Fire Breathing","Perfected Strike"],"picked":"Armaments","floor":6},{"not_picked":["True Grit","Armaments"],"picked":"Limit Break","floor":7},{"not_picked":["Fiend Fire","Cleave"],"picked":"True Grit","floor":10},{"not_picked":["Heavy Blade","True Grit+1","Sword Boomerang"],"picked":"Singing Bowl","floor":11},{"not_picked":["Pommel Strike","Perfected Strike"],"picked":"Shrug It Off+1","floor":12},{"not_picked":["Twin Strike","Pommel Strike"],"picked":"Feed","floor":13},{"not_picked":["Wild Strike","Intimidate+1","Body Slam"],"picked":"Singing Bowl","floor":14}],"player_experience":255410,"relics_obtained":[{"floor":6,"key":"Gremlin Horn"},{"floor":9,"key":"Singing Bowl"},{"floor":10,"key":"Toxic Egg 2"},{"floor":12,"key":"Odd Mushroom"},{"floor":13,"key":"Frozen Egg 2"}],"event_choices":[{"damage_healed":0,"gold_gain":0,"player_choice":"Donut","damage_taken":0,"max_hp_gain":5,"max_hp_loss":0,"event_name":"Big Fish","floor":2,"gold_loss":0},{"damage_healed":25,"gold_gain":0,"player_choice":"Healed","damage_taken":0,"max_hp_gain":0,"max_hp_loss":0,"event_name":"The Cleric","floor":3,"gold_loss":35},{"damage_healed":0,"gold_gain":0,"player_choice":"Fought Mushrooms","damage_taken":0,"max_hp_gain":0,"max_hp_loss":0,"event_name":"Mushrooms","floor":12,"gold_loss":0}],"is_beta":false,"boss_relics":[],"items_purged_floors":[],"is_endless":false,"potions_floor_spawned":[6,10,14],"killed_by":"The Guardian","ascension_level":0}