{"gold_per_floor":[114,137,212,229,85,85,33,60,360,360,15,15,27,43,43,138,138,158,158,178,178,103,103,103,103,103,119,119,119,130,149,149,247,247,258,258,269,107,107,107,125,125,152,152,167,180,206,206],"floor_reached":48,"playtime":8300,"items_purged":["Strike_R","Defend_R","Warcry"],"score":458,"play_id":"5214a112-5e45-4d33-a2ae-837b183e57b4","local_time":"20181228233345","is_ascension_mode":false,"campfire_choices":[{"data":"Searing Blow","floor":6,"key":"SMITH"},{"floor":10,"key":"REST"},{"floor":12,"key":"REST"},{"data":"Flame Barrier","floor":15,"key":"SMITH"},{"floor":23,"key":"REST"},{"floor":25,"key":"REST"},{"data":"Reckless Charge","floor":29,"key":"SMITH"},{"floor":32,"key":"REST"},{"floor":40,"key":"REST"},{"floor":42,"key":"REST"},{"floor":44,"key":"REST"}],"neow_cost":"","seed_source_timestamp":675154474563100,"circlet_count":0,"master_deck":["Strike_R","Strike_R","Strike_R","Defend_R","Defend_R","Defend_R","Bash","Searing Blow+1","Twin Strike","Pommel Strike","Headbutt","Secret Technique","Dual Wield","Flame Barrier+1","Offering","Pommel Strike","Iron Wave","Reckless Charge+1","Shrug It Off","Demon Form","Inflame","Uppercut+1","Metallicize","Reckless Charge+1","Perfected Strike+1","Warcry+1","Headbutt"],"relics":["Burning Blood","Vajra","Mercury Hourglass","Incense Burner","Old Coin","Runic Pyramid","Charon\u0027s Ashes","Shuriken","Lizard Tail","Oddly Smooth Stone","Nunchaku"],"potions_floor_usage":[8,16,33,33,37,47],"damage_taken":[{"damage":6,"enemies":"Cultist","floor":1,"turns":3},{"damage":11,"enemies":"Small Slimes","floor":4,"turns":3},{"damage":26,"enemies":"3 Sentries","floor":8,"turns":6},{"damage":1,"enemies":"2 Louse","floor":13,"turns":2},{"damage":8,"enemies":"Lots of Slimes","floor":14,"turns":2},{"damage":49,"enemies":"The Guardian","floor":16,"turns":9},{"damage":20,"enemies":"Spheric Guardian","floor":18,"turns":4},{"damage":27,"enemies":"Shell Parasite","floor":20,"turns":7},{"damage":29,"enemies":"Colosseum Slavers","floor":24,"turns":5},{"damage":17,"enemies":"Sentry and Sphere","floor":27,"turns":6},{"damage":6,"enemies":"Snecko","floor":30,"turns":4},{"damage":9,"enemies":"Snake Plant","floor":31,"turns":4},{"damage":72,"enemies":"Champ","floor":33,"turns":12},{"damage":64,"enemies":"3 Darklings","floor":35,"turns":6},{"damage":24,"enemies":"Orb Walker","floor":37,"turns":4},{"damage":14,"enemies":"Jaw Worm Horde","floor":41,"turns":5},{"damage":29,"enemies":"4 Shapes","floor":45,"turns":5},{"damage":19,"enemies":"Sphere and 2 Shapes","floor":46,"turns":5},{"damage":95,"enemies":"Giant Head","floor":47,"turns":8},{"damage":12,"enemies":"Spire Growth","floor":48,"turns":3}],"seed_played":"-5759971803833094032","potions_obtained":[{"floor":1,"key":"FearPotion"},{"floor":8,"key":"LiquidBronze"},{"floor":30,"key":"Poison Potion"},{"floor":31,"key":"BloodPotion"},{"floor":35,"key":"Explosive Potion"},{"floor":45,"key":"SkillPotion"}],"is_trial":false,"path_per_floor":["M","T","?","M","$","R","?","E","T","R","$","R","M","M","R","B",null,"M","?","M","?","?","R","?","R","T","M","$","R","M","M","R","B",null,"M","?","M","$","?","R","M","R","T","R","M","M","E","M"],"character_chosen":"IRONCLAD","items_purchased":["Warcry","Pommel Strike","Secret Technique","Regen Potion","Metallicize"],"campfire_rested":8,"item_purchase_floors":[5,5,11,11,38],"current_hp_per_floor":[80,80,69,64,64,64,64,44,44,68,68,80,80,78,78,35,80,66,66,45,45,45,69,46,70,70,59,59,59,59,56,80,26,80,22,22,12,12,12,36,28,52,52,76,53,40,9,0],"gold":206,"neow_bonus":"","is_prod":false,"is_daily":false,"chose_seed":false,"campfire_upgraded":3,"win_rate":0.0,"timestamp":1546061625,"path_taken":["M","?","?","M","$","R","?","E","T","R","$","R","?","M","R","BOSS","M","?","M","?","?","R","?","R","T","M","$","R","M","M","R","BOSS","M","?","M","$","?","R","?","R","T","R","M","M","E","M"],"build_version":"2018-12-20","purchased_purges":3,"victory":false,"max_hp_per_floor":[80,80,80,80,80,80,80,80,80,80,80,80,80,80,80,80,80,80,80,80,80,80,80,80,80,80,80,80,80,80,80,80,80,80,80,80,80,80,80,80,80,80,80,80,80,80,80,80],"card_choices":[{"not_picked":["Inflame","Feel No Pain"],"picked":"Searing Blow","floor":1},{"not_picked":["Body Slam","Blood for Blood"],"picked":"Twin Strike","floor":4},{"not_picked":["Sever Soul","Body Slam"],"picked":"Headbutt","floor":8},{"not_picked":["Flex","Warcry"],"picked":"Dual Wield","floor":13},{"not_picked":["Pommel Strike","Warcry"],"picked":"Flame Barrier","floor":14},{"not_picked":["Impervious","Juggernaut"],"picked":"Offering","floor":16},{"not_picked":["Clothesline","Rupture"],"picked":"Pommel Strike","floor":18},{"not_picked":["Twin Strike","Flame Barrier+1"],"picked":"Iron Wave","floor":20},{"not_picked":["Thunderclap","True Grit"],"picked":"Reckless Charge","floor":27},{"not_picked":["Disarm","True Grit","Flame Barrier"],"picked":"SKIP","floor":30},{"not_picked":["Body Slam+1","Pommel Strike"],"picked":"Shrug It Off","floor":31},{"not_picked":["Feed","Berserk"],"picked":"Demon Form","floor":33},{"not_picked":["Body Slam+1","Disarm"],"picked":"Inflame","floor":35},{"not_picked":["Thunderclap","Clash+1"],"picked":"Uppercut+1","floor":37},{"not_picked":["Pummel","Entrench+1"],"picked":"Perfected Strike+1","floor":41},{"not_picked":["Cleave+1","Intimidate"],"picked":"Warcry+1","floor":45},{"not_picked":["Flex+1","Twin Strike"],"picked":"Headbutt","floor":46},{"not_picked":["Sword Boomerang","Ghostly Armor","Power Through+1"],"picked":"SKIP","floor":47}],"player_experience":0,"relics_obtained":[{"floor":2,"key":"Vajra"},{"floor":8,"key":"Incense Burner"},{"floor":9,"key":"Old Coin"},{"floor":26,"key":"Shuriken"},{"floor":43,"key":"Oddly Smooth Stone"},{"floor":47,"key":"Nunchaku"}],"event_choices":[{"damage_healed":0,"gold_gain":75,"player_choice":"Gather Gold","damage_taken":11,"max_hp_gain":0,"max_hp_loss":0,"event_name":"World of Goop","floor":3,"gold_loss":0},{"damage_healed":0,"gold_gain":0,"player_choice":"Paid Gold","damage_taken":0,"relics_obtained":["Mercury Hourglass"],"max_hp_gain":0,"max_hp_loss":0,"event_name":"WeMeetAgain","floor":7,"gold_loss":52},{"damage_healed":0,"gold_gain":0,"player_choice":"Ignored","damage_taken":0,"max_hp_gain":0,"max_hp_loss":0,"event_name":"Vampires","floor":19,"gold_loss":0},{"damage_healed":0,"gold_gain":0,"player_choice":"Opened","damage_taken":0,"relics_obtained":["Charon\u0027s Ashes"],"max_hp_gain":0,"max_hp_loss":0,"event_name":"The Mausoleum","floor":21,"gold_loss":0},{"cards_removed":["Strike_R"],"damage_healed":0,"gold_gain":0,"player_choice":"Gave Gold","damage_taken":0,"max_hp_gain":0,"max_hp_loss":0,"event_name":"Beggar","floor":22,"gold_loss":75},{"damage_healed":0,"gold_gain":0,"player_choice":"Fight","damage_taken":0,"max_hp_gain":0,"max_hp_loss":0,"event_name":"Colosseum","floor":24,"gold_loss":0},{"damage_healed":0,"gold_gain":0,"player_choice":"Fled From Nobs","damage_taken":0,"max_hp_gain":0,"max_hp_loss":0,"event_name":"Colosseum","floor":24,"gold_loss":0},{"damage_healed":0,"gold_gain":0,"player_choice":"Ignored","damage_taken":0,"max_hp_gain":0,"max_hp_loss":0,"event_name":"Tomb of Lord Red Mask","floor":36,"gold_loss":0},{"damage_healed":0,"gold_gain":0,"player_choice":"Copied","damage_taken":0,"max_hp_gain":0,"max_hp_loss":0,"event_name":"Duplicator","floor":39,"gold_loss":0,"cards_obtained":["Reckless Charge"]}],"is_beta":false,"boss_relics":[{"not_picked":["Fusion Hammer","Ectoplasm"],"picked":"Runic Pyramid"},{"not_picked":["Orrery","Eternal Feather"],"picked":"Lizard Tail"}],"items_purged_floors":[5,11,38],"is_endless":false,"potions_floor_spawned":[1,8,24,30,31,35,45],"killed_by":"Spire Growth","ascension_level":0}