{"gold_per_floor":[218,218,235,235,235,235,254,254,307,325,363,386,386],"floor_reached":13,"playtime":766,"items_purged":[],"score":94,"play_id":"eb5acae9-1cb2-432b-9044-162db179b2c2","local_time":"20190503152701","is_ascension_mode":true,"campfire_choices":[{"data":"Bash","floor":6,"key":"SMITH"},{"data":"Intimidate","floor":8,"key":"SMITH"}],"neow_cost":"NONE","seed_source_timestamp":58619335389400,"circlet_count":0,"master_deck":["Strike_R","Strike_R","Strike_R","Strike_R","Strike_R","Defend_R","Defend_R","Defend_R","Defend_R","Bash+1","Intimidate+1","Dropkick","Dropkick"],"relics":["Burning Blood","The Courier","Golden Idol","Oddly Smooth Stone","Mummified Hand"],"potions_floor_usage":[13],"damage_taken":[{"damage":14,"enemies":"Jaw Worm","floor":1,"turns":5},{"damage":5,"enemies":"2 Louse","floor":3,"turns":3},{"damage":7,"enemies":"Small Slimes","floor":7,"turns":4},{"damage":9,"enemies":"3 Louse","floor":10,"turns":4},{"damage":36,"enemies":"3 Sentries","floor":11,"turns":11},{"damage":4,"enemies":"Exordium Wildlife","floor":12,"turns":5},{"damage":9,"enemies":"Exordium Thugs","floor":13,"turns":3}],"seed_played":"2670424497056303289","potions_obtained":[{"floor":12,"key":"Poison Potion"}],"is_trial":false,"path_per_floor":["M","$","M","?","?","R","M","R","T","M","E","M","M"],"character_chosen":"IRONCLAD","items_purchased":[],"campfire_rested":0,"item_purchase_floors":[],"current_hp_per_floor":[72,72,73,61,41,41,40,40,40,37,7,9,0],"gold":386,"neow_bonus":"HUNDRED_GOLD","is_prod":false,"is_daily":false,"chose_seed":false,"campfire_upgraded":2,"win_rate":0,"timestamp":1556915221,"path_taken":["M","$","M","?","?","R","M","R","T","M","E","?","M"],"build_version":"2019-01-23","purchased_purges":0,"victory":false,"max_hp_per_floor":[80,80,80,80,80,80,80,80,80,80,80,80,80],"card_choices":[{"not_picked":["Havoc","Heavy Blade","True Grit"],"picked":"SKIP","floor":1},{"not_picked":["Thunderclap","Whirlwind"],"picked":"Intimidate","floor":3},{"not_picked":["Sword Boomerang","Intimidate","True Grit"],"picked":"SKIP","floor":7},{"not_picked":["Blood for Blood","Metallicize"],"picked":"Dropkick","floor":10},{"not_picked":["Iron Wave","Thunderclap"],"picked":"Dropkick","floor":11},{"not_picked":["Corruption","Body Slam","Headbutt"],"picked":"SKIP","floor":12}],"player_experience":179920,"relics_obtained":[{"floor":9,"key":"Oddly Smooth Stone"},{"floor":11,"key":"Mummified Hand"}],"event_choices":[{"damage_healed":0,"gold_gain":0,"player_choice":"Success","damage_taken":12,"relics_obtained":["The Courier"],"max_hp_gain":0,"max_hp_loss":0,"event_name":"Scrap Ooze","floor":4,"gold_loss":0},{"damage_healed":0,"gold_gain":0,"player_choice":"Take Damage","damage_taken":20,"relics_obtained":["Golden Idol"],"max_hp_gain":0,"max_hp_loss":0,"event_name":"Golden Idol","floor":5,"gold_loss":0}],"is_beta":false,"boss_relics":[],"items_purged_floors":[],"is_endless":false,"potions_floor_spawned":[12],"killed_by":"Exordium Thugs","ascension_level":2}