{"gold_per_floor":[217,217,237,85,85,126,153,196,208,236,248,290,319,331,343,453,465,496,519,431,431],"floor_reached":21,"playtime":2125,"items_purged":["Defend_G","Strike_G"],"score":208,"play_id":"322001cb-2ed1-4fd1-8126-06742ccf1162","local_time":"20190426174105","is_ascension_mode":true,"campfire_choices":[{"floor":11,"key":"REST"},{"data":"Burst","floor":15,"key":"SMITH"}],"neow_cost":"NONE","seed_source_timestamp":4507996751384205,"circlet_count":0,"master_deck":["Defend_G","Defend_G","Defend_G","Strike_G","Strike_G","Strike_G","Strike_G","Survivor","Neutralize","Blur","Blur","Dash","Leg Sweep","Burst+1","Dash","Malaise","Deflect"],"relics":["Ring of the Snake","MawBank","Shuriken","Pen Nib","Dream Catcher","Mercury Hourglass","Eternal Feather"],"potions_floor_usage":[6,8,16,21],"damage_taken":[{"damage":0,"enemies":"2 Louse","floor":1,"turns":3},{"damage":4,"enemies":"Small Slimes","floor":3,"turns":4},{"damage":27,"enemies":"3 Sentries","floor":6,"turns":12},{"damage":3,"enemies":"Jaw Worm","floor":7,"turns":5},{"damage":13,"enemies":"Lagavulin","floor":8,"turns":11},{"damage":0,"enemies":"Exordium Wildlife","floor":10,"turns":5},{"damage":2,"enemies":"2 Fungi Beasts","floor":13,"turns":6},{"damage":22,"enemies":"Slime Boss","floor":16,"turns":14},{"damage":4,"enemies":"Chosen","floor":18,"turns":5},{"damage":39,"enemies":"Spheric Guardian","floor":19,"turns":8},{"damage":26,"enemies":"3 Cultists","floor":21,"turns":4}],"seed_played":"-5178447191282493099","potions_obtained":[{"floor":1,"key":"Regen Potion"},{"floor":6,"key":"Weak Potion"},{"floor":7,"key":"GamblersBrew"},{"floor":16,"key":"Dexterity Potion"},{"floor":18,"key":"Poison Potion"}],"is_trial":false,"path_per_floor":["M","?","M","$","?","E","M","E","T","M","R","?","M","T","R","B",null,"M","M","$","M"],"character_chosen":"THE_SILENT","items_purchased":["Dash"],"campfire_rested":1,"item_purchase_floors":[4],"current_hp_per_floor":[70,70,66,66,41,29,26,13,13,13,34,34,32,32,32,10,70,66,27,27,1],"gold":431,"neow_bonus":"HUNDRED_GOLD","is_prod":false,"is_daily":false,"chose_seed":false,"campfire_upgraded":1,"win_rate":0,"timestamp":1556314865,"path_taken":["M","?","M","$","?","E","M","E","T","M","R","?","?","?","R","BOSS","M","M","$","M"],"build_version":"2019-01-23","purchased_purges":2,"victory":false,"max_hp_per_floor":[70,70,70,70,70,70,70,70,70,70,70,70,70,70,70,70,70,70,70,70,70],"card_choices":[{"not_picked":["Escape Plan","Bane"],"picked":"Blur","floor":1},{"not_picked":["Predator","Flechettes"],"picked":"Blur","floor":3},{"not_picked":["Slice","Eviscerate","Outmaneuver"],"picked":"SKIP","floor":6},{"not_picked":["Bane","Terror"],"picked":"Leg Sweep","floor":7},{"not_picked":["Quick Slash","Flechettes"],"picked":"Burst","floor":8},{"not_picked":["Predator","Dagger Spray","Dodge and Roll"],"picked":"SKIP","floor":10},{"not_picked":["Leg Sweep","Dagger Spray"],"picked":"Dash","floor":13},{"not_picked":["Storm of Steel","Envenom"],"picked":"Malaise","floor":16},{"not_picked":["Underhanded Strike+1","Distraction+1"],"picked":"Deflect","floor":18},{"not_picked":["Bouncing Flask","Deadly Poison","Flying Knee+1"],"picked":"SKIP","floor":19}],"player_experience":162411,"relics_obtained":[{"floor":6,"key":"Shuriken"},{"floor":8,"key":"Pen Nib"},{"floor":9,"key":"Dream Catcher"},{"floor":14,"key":"Mercury Hourglass"}],"event_choices":[{"cards_removed":["Defend_G"],"damage_healed":0,"gold_gain":0,"player_choice":"Forget","damage_taken":0,"max_hp_gain":0,"max_hp_loss":0,"event_name":"Living Wall","floor":2,"gold_loss":0},{"damage_healed":0,"gold_gain":0,"player_choice":"Success","damage_taken":25,"relics_obtained":["MawBank"],"max_hp_gain":0,"max_hp_loss":0,"event_name":"Scrap Ooze","floor":5,"gold_loss":0},{"damage_healed":0,"gold_gain":30,"player_choice":"Searched \u00272\u0027 times","damage_taken":0,"max_hp_gain":0,"max_hp_loss":0,"event_name":"Dead Adventurer","floor":12,"gold_loss":0}],"is_beta":false,"boss_relics":[{"not_picked":["Fusion Hammer","Runic Dome"],"picked":"Eternal Feather"}],"items_purged_floors":[4,20],"is_endless":false,"potions_floor_spawned":[1,6,7,16,18],"killed_by":"3 Cultists","ascension_level":2}