{"gold_per_floor":[110,110,110,20,32,57,57,85,112,112,168,168,179,199,199,303,303,319,319,319,329,343,370,645,57,57,71,89,89,114,130,130,228,228,247,260,271,320,339,372,372,402,426,291,291,291,310,116,116,116],"floor_reached":51,"playtime":5097,"items_purged":["Regret","Strike_B"],"score":1159,"play_id":"9a616553-a2da-44de-9d3b-ce8eea950554","local_time":"20190511230612","is_ascension_mode":true,"campfire_choices":[{"data":"Zap","floor":7.0,"key":"SMITH"},{"data":"Loop","floor":10.0,"key":"SMITH"},{"data":"Self Repair","floor":12.0,"key":"SMITH"},{"data":"Lockon","floor":15.0,"key":"SMITH"},{"data":"Buffer","floor":29.0,"key":"SMITH"},{"data":"Fission","floor":32.0,"key":"SMITH"},{"floor":41,"key":"DIG"},{"data":"Buffer","floor":46,"key":"SMITH"},{"floor":49,"key":"DIG"}],"neow_cost":"NONE","seed_source_timestamp":618708707277691,"circlet_count":0,"master_deck":["Strike_B","Strike_B","Defend_B","Defend_B+1","Defend_B+1","Defend_B+1","Zap+1","Dualcast+1","Go for the Eyes","Cold Snap","Loop+1","Reprogram","Lockon+1","Electrodynamics","Self Repair+1","Reinforced Body","Fission+1","Auto Shields+1","Cold Snap+1","Buffer+1","Loop","White Noise+1","Coolheaded+1","Seek","Hologram","Sweeping Beam+1","Streamline+1","Reboot","Capacitor+1","Buffer+1","Heatsinks","Chaos+1"],"special_seed":0,"relics":["FrozenCore","NeowsBlessing","Bag of Marbles","Mummified Hand","Bronze Scales","Tiny Chest","Meat on the Bone","Cables","War Paint","OrangePellets","Bottled Lightning","Potion Belt","Philosopher\u0027s Stone","Emotion Chip","Shovel","Bottled Tornado","Symbiotic Virus","Happy Flower","Runic Capacitor","Bag of Preparation"],"potions_floor_usage":[40,40],"damage_taken":[{"damage":0.0,"enemies":"2 Louse","floor":1.0,"turns":1.0},{"damage":0.0,"enemies":"Jaw Worm","floor":5.0,"turns":1.0},{"damage":0.0,"enemies":"3 Sentries","floor":6.0,"turns":1.0},{"damage":18.0,"enemies":"Lagavulin","floor":8.0,"turns":5.0},{"damage":7.0,"enemies":"3 Sentries","floor":11.0,"turns":3.0},{"damage":0.0,"enemies":"Cultist","floor":13.0,"turns":3.0},{"damage":0.0,"enemies":"2 Fungi Beasts","floor":14.0,"turns":2.0},{"damage":8.0,"enemies":"Hexaghost","floor":16.0,"turns":9.0},{"damage":18.0,"enemies":"2 Thieves","floor":18.0,"turns":4.0},{"damage":5.0,"enemies":"Chosen","floor":21.0,"turns":5.0},{"damage":5.0,"enemies":"Snake Plant","floor":22.0,"turns":3.0},{"damage":25.0,"enemies":"Slavers","floor":23.0,"turns":6.0},{"damage":0.0,"enemies":"Centurion and Healer","floor":27.0,"turns":5.0},{"damage":2.0,"enemies":"Shelled Parasite and Fungi","floor":28.0,"turns":6.0},{"damage":0.0,"enemies":"Gremlin Leader","floor":30.0,"turns":7.0},{"damage":0.0,"enemies":"Chosen and Byrds","floor":31.0,"turns":5.0},{"damage":0.0,"enemies":"Automaton","floor":33.0,"turns":11.0},{"damage":0.0,"enemies":"3 Shapes","floor":35.0,"turns":4.0},{"damage":0.0,"enemies":"3 Darklings","floor":36.0,"turns":4.0},{"damage":1.0,"enemies":"Spire Growth","floor":37.0,"turns":6.0},{"damage":2.0,"enemies":"2 Orb Walkers","floor":38.0,"turns":5.0},{"damage":12.0,"enemies":"Transient","floor":39.0,"turns":5.0},{"damage":0,"enemies":"Giant Head","floor":40,"turns":9},{"damage":3,"enemies":"Nemesis","floor":42,"turns":9},{"damage":0,"enemies":"Sphere and 2 Shapes","floor":47,"turns":7},{"damage":49,"enemies":"Time Eater","floor":50,"turns":12}],"seed_played":"-2923718204996807255","potions_obtained":[{"floor":8.0,"key":"FearPotion"},{"floor":11.0,"key":"SteroidPotion"},{"floor":14.0,"key":"AttackPotion"},{"floor":16.0,"key":"SteroidPotion"},{"floor":18.0,"key":"Energy Potion"},{"floor":28.0,"key":"PowerPotion"},{"floor":30.0,"key":"Swift Potion"},{"floor":31.0,"key":"EntropicBrew"},{"floor":33.0,"key":"Regen Potion"},{"floor":35.0,"key":"PowerPotion"},{"floor":36.0,"key":"EssenceOfSteel"},{"floor":38.0,"key":"AttackPotion"},{"floor":39.0,"key":"SkillPotion"}],"is_trial":false,"path_per_floor":["M","?","?","$","M","E","R","E","T","R","E","R","M","M","R","B",null,"M","?","T","M","M","E","?","$","T","M","M","R","E","M","R","B",null,"M","M","M","?","M","E","R","E","T","$","?","R","M","$","R","B",null],"character_chosen":"DEFECT","items_purchased":["Cold Snap","Loop","War Paint","Buffer","OrangePellets","Heatsinks","Runic Capacitor"],"campfire_rested":0,"item_purchase_floors":[4,4,25,25,25,44,48],"current_hp_per_floor":[68,61,46,46,46,46,46,28,28,28,21,21,31,31,31,33,65,57,57,57,62,67,52,52,52,52,62,70,70,75,75,75,75,75,75,75,75,75,75,75,75,75,75,75,75,75,75,75,75,48],"gold":116,"neow_bonus":"THREE_ENEMY_KILL","is_prod":false,"is_daily":false,"chose_seed":false,"campfire_upgraded":7,"win_rate":0,"timestamp":1557630372,"path_taken":["M","?","?","$","M","E","R","E","T","R","E","R","M","M","R","BOSS","M","?","?","M","M","E","?","$","T","M","?","R","E","M","R","BOSS","M","M","M","?","M","E","R","E","T","$","?","R","M","$","R","BOSS"],"build_version":"2019-01-23","purchased_purges":2,"victory":true,"max_hp_per_floor":[75,75,75,75,75,75,75,75,75,75,75,75,75,75,75,75,75,75,75,75,75,75,75,75,75,75,75,75,75,75,75,75,75,75,75,75,75,75,75,75,75,75,75,75,75,75,75,75,75,75],"card_choices":[{"not_picked":["Redo","Tempest"],"picked":"Go for the Eyes","floor":1.0},{"not_picked":["Aggregate","Conserve Battery"],"picked":"Reprogram","floor":5.0},{"not_picked":["Reprogram","Coolheaded"],"picked":"Lockon","floor":6.0},{"not_picked":["Fusion","Sweeping Beam"],"picked":"Electrodynamics","floor":8.0},{"not_picked":["Rainbow","Compile Driver"],"picked":"Self Repair","floor":11.0},{"not_picked":["Turbo","Streamline"],"picked":"Reinforced Body","floor":13.0},{"not_picked":["Barrage","Lockon","Auto Shields"],"picked":"SKIP","floor":14.0},{"not_picked":["Thunder Strike","Meteor Strike"],"picked":"Fission","floor":16.0},{"not_picked":["Conserve Battery","FTL"],"picked":"Auto Shields+1","floor":18.0},{"not_picked":["Stack","Compile Driver"],"picked":"Cold Snap+1","floor":21.0},{"not_picked":["Conserve Battery","Streamline+1","Steam"],"picked":"SKIP","floor":22.0},{"not_picked":["Streamline","Lockon","Sweeping Beam"],"picked":"SKIP","floor":23.0},{"not_picked":["Sunder","Cold Snap","Go for the Eyes"],"picked":"SKIP","floor":27.0},{"not_picked":["Conserve Battery","Go for the Eyes"],"picked":"Loop","floor":28.0},{"not_picked":["Redo","Cold Snap"],"picked":"White Noise+1","floor":30.0},{"not_picked":["Barrage","Rainbow"],"picked":"Coolheaded+1","floor":31.0},{"not_picked":["Reboot","Rainbow"],"picked":"Seek","floor":33.0},{"not_picked":["Recycle+1","Stack"],"picked":"Hologram","floor":35.0},{"not_picked":["FTL+1","Force Field"],"picked":"Sweeping Beam+1","floor":36.0},{"not_picked":["Gash+1","Sunder+1"],"picked":"Streamline+1","floor":37.0},{"not_picked":["Chaos","Beam Cell+1"],"picked":"Reboot","floor":38.0},{"not_picked":["Go for the Eyes","Steam","Barrage+1"],"picked":"SKIP","floor":39.0},{"not_picked":["Ball Lightning+1","Sweeping Beam+1"],"picked":"Capacitor+1","floor":40},{"not_picked":["Streamline+1","Tempest+1"],"picked":"Buffer","floor":42},{"not_picked":["Rebound","Steam"],"picked":"Chaos+1","floor":47}],"player_experience":548678,"relics_obtained":[{"floor":6.0,"key":"Bag of Marbles"},{"floor":8.0,"key":"Mummified Hand"},{"floor":9.0,"key":"Bronze Scales"},{"floor":11.0,"key":"Tiny Chest"},{"floor":20.0,"key":"Meat on the Bone"},{"floor":23.0,"key":"Cables"},{"floor":26.0,"key":"Bottled Lightning"},{"floor":30.0,"key":"Potion Belt"},{"floor":38.0,"key":"Emotion Chip"},{"floor":40,"key":"Shovel"},{"floor":41,"key":"Bottled Tornado"},{"floor":42,"key":"Symbiotic Virus"},{"floor":45,"key":"Happy Flower"},{"floor":49,"key":"Bag of Preparation"}],"event_choices":[{"cards_removed":["Strike_B"],"damage_healed":0.0,"max_hp_gain":0.0,"max_hp_loss":0.0,"gold_gain":0.0,"event_name":"Golden Wing","player_choice":"Card Removal","floor":2.0,"gold_loss":0.0,"damage_taken":7.0},{"damage_healed":0.0,"max_hp_gain":0.0,"max_hp_loss":0.0,"gold_gain":0.0,"event_name":"Shining Light","player_choice":"Entered Light","floor":3.0,"gold_loss":0.0,"damage_taken":15.0,"cards_upgraded":["Defend_B","Defend_B"]},{"damage_healed":0.0,"max_hp_gain":0.0,"max_hp_loss":0.0,"gold_gain":0.0,"event_name":"Cursed Tome","player_choice":"Ignored","floor":19.0,"gold_loss":0.0,"damage_taken":0.0},{"damage_healed":0.0,"max_hp_gain":0.0,"max_hp_loss":0.0,"gold_gain":275.0,"event_name":"Golden Shrine","player_choice":"Desecrate","floor":24.0,"gold_loss":0.0,"damage_taken":0.0,"cards_obtained":["Regret"]},{"damage_healed":0.0,"max_hp_gain":0.0,"max_hp_loss":0.0,"gold_gain":0.0,"event_name":"Mysterious Sphere","player_choice":"Fight","floor":38.0,"gold_loss":0.0,"damage_taken":0.0},{"damage_healed":0,"gold_gain":0,"player_choice":"Relic","damage_taken":0,"max_hp_gain":0,"max_hp_loss":0,"event_name":"Wheel of Change","floor":45,"gold_loss":0}],"is_beta":false,"boss_relics":[{"not_picked":["Runic Pyramid","Runic Dome"],"picked":"FrozenCore"},{"not_picked":["Black Star","Snecko Eye"],"picked":"Philosopher\u0027s Stone"}],"items_purged_floors":[25,44],"is_endless":false,"potions_floor_spawned":[8,11,14,16,18,28,30,31,33,35,36,38,39],"ascension_level":7}