{"gold_per_floor":[114,61,71,71,91,126,126,138,138,138],"floor_reached":10,"playtime":392,"items_purged":[],"score":129,"play_id":"75af8879-b360-4998-af57-596e521cf9c8","local_time":"20190505232259","is_ascension_mode":true,"campfire_choices":[{"data":"Survivor","floor":7,"key":"SMITH"}],"neow_cost":"NONE","seed_source_timestamp":106442360351059,"circlet_count":0,"master_deck":["AscendersBane","Defend_G","Defend_G","Defend_G","Defend_G","Defend_G","Strike_G","Strike_G","Strike_G","Strike_G","Strike_G","Survivor+1","Neutralize+1","Caltrops","Sucker Punch","Well Laid Plans","Dodge and Roll","Glass Knife","PiercingWail"],"relics":["Ring of the Snake","NeowsBlessing","Dream Catcher","Lantern"],"potions_floor_usage":[10,10],"damage_taken":[{"damage":0,"enemies":"Cultist","floor":1,"turns":1},{"damage":0,"enemies":"Jaw Worm","floor":3,"turns":1},{"damage":0,"enemies":"Small Slimes","floor":5,"turns":1},{"damage":42,"enemies":"Gremlin Nob","floor":6,"turns":6},{"damage":3,"enemies":"3 Louse","floor":8,"turns":5},{"damage":27,"enemies":"Lagavulin","floor":10,"turns":6}],"seed_played":"4016378045555745030","potions_obtained":[{"floor":3,"key":"Explosive Potion"},{"floor":6,"key":"GamblersBrew"}],"is_trial":false,"path_per_floor":["M","$","M","?","M","E","R","M","T","E"],"character_chosen":"THE_SILENT","items_purchased":["Sucker Punch"],"campfire_rested":0,"item_purchase_floors":[2],"current_hp_per_floor":[59,59,59,59,59,17,17,14,14,0],"gold":138,"neow_bonus":"THREE_ENEMY_KILL","is_prod":false,"is_daily":false,"chose_seed":false,"campfire_upgraded":1,"win_rate":0,"timestamp":1557112979,"path_taken":["M","$","?","?","M","E","R","M","T","E"],"build_version":"2019-01-23","purchased_purges":0,"victory":false,"max_hp_per_floor":[66,66,66,66,66,66,66,66,66,66],"card_choices":[{"not_picked":["Deadly Poison","Eviscerate"],"picked":"Caltrops","floor":1},{"not_picked":["Bouncing Flask","Blade Dance"],"picked":"Well Laid Plans","floor":3},{"not_picked":["Underhanded Strike","Quick Slash"],"picked":"Dodge and Roll","floor":5},{"not_picked":["Acrobatics","Flying Knee"],"picked":"Glass Knife","floor":6},{"not_picked":["Dagger Spray","Blur"],"picked":"PiercingWail","floor":8}],"player_experience":359161,"relics_obtained":[{"floor":6,"key":"Dream Catcher"},{"floor":9,"key":"Lantern"}],"event_choices":[{"damage_healed":0,"gold_gain":0,"player_choice":"Grow","damage_taken":0,"max_hp_gain":0,"max_hp_loss":0,"event_name":"Living Wall","floor":4,"gold_loss":0,"cards_upgraded":["Neutralize"]}],"is_beta":false,"boss_relics":[],"items_purged_floors":[],"is_endless":false,"potions_floor_spawned":[3,6],"killed_by":"Lagavulin","ascension_level":18}