{"gold_per_floor":[118,135,135,146,57,57,78,92,92,112,127,153,38,57,57,134,134,154,164,61,73,85,85,85,120,120,120,138,58,68,78,78,78],"floor_reached":33,"playtime":2523,"items_purged":["Strike_G"],"score":598,"play_id":"80dab0ff-15dc-4a37-b961-807be2dd818b","local_time":"20190505151837","is_ascension_mode":true,"campfire_choices":[{"data":"Neutralize","floor":6,"key":"SMITH"},{"floor":15,"key":"REST"},{"floor":24,"key":"REST"},{"floor":32,"key":"REST"}],"neow_cost":"NONE","seed_source_timestamp":75244695331724,"circlet_count":0,"master_deck":["AscendersBane","Defend_G","Defend_G","Defend_G","Defend_G","Survivor","Neutralize+1","Cloak And Dagger","Dagger Spray","Deadly Poison","Bouncing Flask","Deadly Poison","Dagger Throw","Corpse Explosion+1","Cloak And Dagger+1","Leg Sweep+1","Terror+1","PiercingWail+1","A Thousand Cuts","Underhanded Strike+1","Blade Dance+1","Deadly Poison+1","Escape Plan+1","Blade Dance+1","Well Laid Plans","Dodge and Roll+1","Infinite Blades","Acrobatics+1","PiercingWail+1","Accuracy","Sucker Punch","Leg Sweep+1"],"relics":["Ring of the Snake","Snake Skull","Odd Mushroom","Toxic Egg 2","Centennial Puzzle","Astrolabe","Lantern","Darkstone Periapt"],"potions_floor_usage":[11,16,18,21,25,28,30,33,33],"damage_taken":[{"damage":0,"enemies":"2 Louse","floor":1,"turns":4},{"damage":8,"enemies":"Cultist","floor":2,"turns":6},{"damage":2,"enemies":"Jaw Worm","floor":4,"turns":4},{"damage":3,"enemies":"The Mushroom Lair","floor":7,"turns":5},{"damage":0,"enemies":"2 Fungi Beasts","floor":8,"turns":3},{"damage":25,"enemies":"Large Slime","floor":10,"turns":6},{"damage":0,"enemies":"Lots of Slimes","floor":11,"turns":2},{"damage":12,"enemies":"Gremlin Nob","floor":12,"turns":4},{"damage":2,"enemies":"Blue Slaver","floor":14,"turns":3},{"damage":0,"enemies":"Hexaghost","floor":16,"turns":7},{"damage":0,"enemies":"Spheric Guardian","floor":18,"turns":2},{"damage":12,"enemies":"3 Byrds","floor":19,"turns":4},{"damage":14,"enemies":"Shelled Parasite and Fungi","floor":21,"turns":6},{"damage":4,"enemies":"Centurion and Healer","floor":22,"turns":5},{"damage":8,"enemies":"Book of Stabbing","floor":25,"turns":6},{"damage":0,"enemies":"Sentry and Sphere","floor":28,"turns":4},{"damage":14,"enemies":"3 Cultists","floor":30,"turns":4},{"damage":16,"enemies":"Centurion and Healer","floor":31,"turns":4},{"damage":44,"enemies":"Collector","floor":33,"turns":7}],"seed_played":"-1401591600191493633","potions_obtained":[{"floor":8,"key":"EssenceOfSteel"},{"floor":10,"key":"Poison Potion"},{"floor":11,"key":"GhostInAJar"},{"floor":16,"key":"FearPotion"},{"floor":19,"key":"Weak Potion"},{"floor":21,"key":"LiquidBronze"},{"floor":25,"key":"FearPotion"},{"floor":31,"key":"FearPotion"}],"is_trial":false,"path_per_floor":["M","M","?","M","$","R","?","M","T","M","M","E","$","M","R","B",null,"M","M","$","M","M","?","R","E","T","?","M","$","M","M","R","B"],"character_chosen":"THE_SILENT","items_purchased":["Bouncing Flask","Terror+1","Well Laid Plans","Dodge and Roll+1","Regen Potion"],"campfire_rested":3,"item_purchase_floors":[5,13,20,20,29],"current_hp_per_floor":[59,51,51,49,49,49,46,46,46,21,21,9,9,7,26,26,56,56,44,44,30,26,26,45,37,37,37,37,37,35,19,38,0],"gold":78,"neow_bonus":"RANDOM_COMMON_RELIC","is_prod":false,"is_daily":false,"chose_seed":false,"campfire_upgraded":1,"win_rate":0,"timestamp":1557083917,"path_taken":["M","M","?","?","$","R","?","M","T","M","M","E","$","M","R","BOSS","M","M","$","M","M","?","R","E","T","?","M","$","M","?","R","BOSS"],"build_version":"2019-01-23","purchased_purges":1,"victory":false,"max_hp_per_floor":[66,66,66,66,66,66,66,66,66,66,66,66,66,66,66,66,66,66,66,66,66,66,66,66,66,66,66,66,66,66,66,66,66],"card_choices":[{"not_picked":["Slice","PiercingWail"],"picked":"Cloak And Dagger","floor":1},{"not_picked":["Outmaneuver","Eviscerate"],"picked":"Dagger Spray","floor":2},{"not_picked":["Slice","Choke"],"picked":"Deadly Poison","floor":4},{"not_picked":["Escape Plan","Accuracy"],"picked":"Deadly Poison","floor":7},{"not_picked":["Skewer","Blade Dance"],"picked":"Dagger Throw","floor":8},{"not_picked":["Deadly Poison+1","Crippling Poison+1"],"picked":"Corpse Explosion+1","floor":10},{"not_picked":["Slice","Underhanded Strike"],"picked":"Cloak And Dagger+1","floor":11},{"not_picked":["Dagger Throw","Setup+1"],"picked":"Leg Sweep+1","floor":12},{"not_picked":["Expertise+1","Outmaneuver+1"],"picked":"PiercingWail+1","floor":14},{"not_picked":["Corpse Explosion+1","Grand Finale"],"picked":"A Thousand Cuts","floor":16},{"not_picked":["Dagger Throw","PiercingWail+1"],"picked":"Escape Plan+1","floor":18},{"not_picked":["Slice","Terror+1"],"picked":"Blade Dance+1","floor":19},{"not_picked":["Accuracy","Dagger Throw"],"picked":"Infinite Blades","floor":21},{"not_picked":["Deflect+1","Choke"],"picked":"Acrobatics+1","floor":22},{"not_picked":["Phantasmal Killer+1","Predator"],"picked":"PiercingWail+1","floor":25},{"not_picked":["Underhanded Strike","Distraction+1"],"picked":"Accuracy","floor":28},{"not_picked":["Poisoned Stab","Well Laid Plans"],"picked":"Sucker Punch","floor":30},{"not_picked":["Reflex+1","Dagger Throw"],"picked":"Leg Sweep+1","floor":31}],"player_experience":331399,"relics_obtained":[{"floor":7,"key":"Odd Mushroom"},{"floor":9,"key":"Toxic Egg 2"},{"floor":12,"key":"Centennial Puzzle"},{"floor":25,"key":"Lantern"},{"floor":26,"key":"Darkstone Periapt"}],"event_choices":[{"cards_removed":["Strike_G"],"damage_healed":0,"gold_gain":0,"player_choice":"Offered Basic","damage_taken":0,"max_hp_gain":0,"max_hp_loss":0,"event_name":"Bonfire Elementals","floor":3,"gold_loss":0},{"damage_healed":0,"gold_gain":0,"player_choice":"Fought Mushrooms","damage_taken":0,"max_hp_gain":0,"max_hp_loss":0,"event_name":"Mushrooms","floor":7,"gold_loss":0},{"damage_healed":0,"gold_gain":0,"player_choice":"Ignored","damage_taken":0,"max_hp_gain":0,"max_hp_loss":0,"event_name":"Beggar","floor":23,"gold_loss":0},{"cards_removed":["Defend_G"],"damage_healed":0,"gold_gain":0,"player_choice":"Purged","damage_taken":0,"max_hp_gain":0,"max_hp_loss":0,"event_name":"Purifier","floor":27,"gold_loss":0}],"is_beta":false,"boss_relics":[{"not_picked":["Runic Pyramid","Tiny House"],"picked":"Astrolabe"}],"items_purged_floors":[13],"is_endless":false,"potions_floor_spawned":[8,10,11,16,19,21,25,31],"killed_by":"Collector","ascension_level":17}