{"gold_per_floor":[111,123,140,153,118,118,146,163,163,163,178,207,29,44,44,148,148,167,267,267,281,281,312,312,312,338,338,349,383,383,402,402,498,498,509,526,142,152,162,195,195,220,267,267,285,72,83,83,83,83,83,83,83,83],"floor_reached":54,"playtime":4263,"items_purged":["Decay","Parasite"],"score":874,"play_id":"58296683-f246-4fc0-a990-68d8e877f9de","local_time":"20190516230213","is_ascension_mode":false,"campfire_choices":[{"data":"Zap","floor":6.0,"key":"SMITH"},{"floor":15.0,"key":"REST"},{"data":"Buffer","floor":25.0,"key":"SMITH"},{"data":"Defragment","floor":27.0,"key":"SMITH"},{"data":"Barrage","floor":32.0,"key":"SMITH"},{"floor":41,"key":"RECALL"},{"data":"Bite","floor":44,"key":"SMITH"},{"data":"Apotheosis","floor":49,"key":"SMITH"},{"data":"Loop","floor":52,"key":"SMITH"}],"neow_cost":"NONE","seed_source_timestamp":199575650342730,"circlet_count":0,"master_deck":["Defend_B","Defend_B","Defend_B","Zap+1","Dualcast","Rip and Tear","Genetic Algorithm","Capacitor","Conserve Battery","Buffer+1","Defragment+1","Glacier","Amplify","BootSequence+1","Capacitor+1","Fusion+1","Compile Driver+1","Defragment+1","FTL","Sweeping Beam","Cold Snap","Bite+1","Bite","Bite","Bite","Bite","Rainbow","Coolheaded","Barrage+1","Electrodynamics","Barrage","Reinforced Body+1","FTL+1","Go for the Eyes+1","Redo+1","Self Repair","Reprogram","Glacier+1","Apotheosis+1","Loop+1","Compile Driver+1"],"special_seed":0,"relics":["Cracked Core","Dodecahedron","Turnip","Mercury Hourglass","Oddly Smooth Stone","Astrolabe","Prayer Wheel","Shuriken","Du-Vu Doll","Blood Vial","Cables","Sozu","Ginger","Art of War","Smiling Mask"],"potions_floor_usage":[],"damage_taken":[{"damage":0.0,"enemies":"2 Louse","floor":1.0,"turns":2.0},{"damage":0.0,"enemies":"Small Slimes","floor":2.0,"turns":2.0},{"damage":0.0,"enemies":"Cultist","floor":3.0,"turns":2.0},{"damage":23.0,"enemies":"Large Slime","floor":4.0,"turns":8.0},{"damage":30.0,"enemies":"3 Sentries","floor":7.0,"turns":7.0},{"damage":0.0,"enemies":"3 Louse","floor":8.0,"turns":3.0},{"damage":0.0,"enemies":"2 Fungi Beasts","floor":11.0,"turns":3.0},{"damage":40.0,"enemies":"Gremlin Nob","floor":12.0,"turns":5.0},{"damage":0.0,"enemies":"Large Slime","floor":14.0,"turns":5.0},{"damage":0.0,"enemies":"The Guardian","floor":16.0,"turns":13.0},{"damage":0.0,"enemies":"Chosen","floor":18.0,"turns":6.0},{"damage":6.0,"enemies":"Colosseum Slavers","floor":19.0,"turns":5.0},{"damage":24.0,"enemies":"Colosseum Nobs","floor":19.0,"turns":8.0},{"damage":3.0,"enemies":"3 Byrds","floor":21.0,"turns":4.0},{"damage":15.0,"enemies":"Gremlin Leader","floor":23.0,"turns":8.0},{"damage":5.0,"enemies":"Snake Plant","floor":28.0,"turns":7.0},{"damage":56.0,"enemies":"Slavers","floor":29.0,"turns":16.0},{"damage":6.0,"enemies":"Centurion and Healer","floor":31.0,"turns":64.0},{"damage":0.0,"enemies":"Automaton","floor":33.0,"turns":9.0},{"damage":0.0,"enemies":"3 Shapes","floor":35.0,"turns":3.0},{"damage":10.0,"enemies":"Orb Walker","floor":36.0,"turns":4.0},{"damage":0,"enemies":"Spire Growth","floor":38,"turns":5},{"damage":0,"enemies":"Maw","floor":39,"turns":7},{"damage":23,"enemies":"Nemesis","floor":40,"turns":9},{"damage":21,"enemies":"Reptomancer","floor":42,"turns":9},{"damage":0,"enemies":"Writhing Mass","floor":45,"turns":5},{"damage":8,"enemies":"Transient","floor":47,"turns":5},{"damage":6,"enemies":"Awakened One","floor":50,"turns":15},{"damage":81,"enemies":"Shield and Spear","floor":54,"turns":8}],"seed_played":"-3874771093573289651","potions_obtained":[{"floor":1.0,"key":"Ancient Potion"},{"floor":11.0,"key":"Dexterity Potion"},{"floor":12.0,"key":"EssenceOfSteel"},{"floor":16.0,"key":"Dexterity Potion"},{"floor":19.0,"key":"Explosive Potion"},{"floor":20.0,"key":"Fruit Juice"},{"floor":20.0,"key":"SkillPotion"},{"floor":20.0,"key":"AttackPotion"},{"floor":21.0,"key":"Fruit Juice"},{"floor":29.0,"key":"AttackPotion"}],"is_trial":false,"path_per_floor":["M","M","M","M","?","R","E","M","T","?","M","E","$","M","R","B",null,"M","?","?","M","$","E","?","R","T","R","M","E","?","M","R","B",null,"M","M","$","M","M","E","R","E","T","R","M","$","M","?","R","B",null,"R","$","E"],"character_chosen":"DEFECT","items_purchased":["Oddly Smooth Stone","Defragment","Ginger","Apotheosis"],"campfire_rested":1,"item_purchase_floors":[13,13,37,46],"current_hp_per_floor":[75,75,75,52,70,70,40,40,40,45,45,5,5,5,29,29,80,80,50,55,57,57,42,42,42,42,42,51,13,13,63,63,63,63,63,57,57,63,63,59,59,63,63,63,63,60,60,60,60,60,60,60,60,0],"gold":83,"neow_bonus":"REMOVE_CARD","is_prod":false,"is_daily":false,"chose_seed":false,"campfire_upgraded":7,"win_rate":0,"timestamp":1558062133,"path_taken":["M","M","M","M","?","R","E","M","T","?","M","E","$","M","R","BOSS","M","?","?","?","$","E","?","R","T","R","M","E","?","M","R","BOSS","M","M","$","M","M","E","R","E","T","R","M","$","M","?","R","BOSS","R","$","E"],"build_version":"2019-01-23","purchased_purges":2,"victory":false,"max_hp_per_floor":[75,75,75,75,75,75,75,75,75,80,80,80,80,80,80,80,80,80,80,85,90,90,90,63,63,63,63,63,63,63,63,63,63,63,63,63,63,63,63,63,63,63,63,63,63,60,60,60,60,60,60,60,60,60],"card_choices":[{"not_picked":["Undo","Conserve Battery"],"picked":"Rip and Tear","floor":1.0},{"not_picked":["Sunder","Go for the Eyes"],"picked":"Genetic Algorithm","floor":2.0},{"not_picked":["Leap","Lockon","Chaos"],"picked":"SKIP","floor":3.0},{"not_picked":["Double Energy","Rebound","Stack"],"picked":"SKIP","floor":4.0},{"not_picked":["Beam Cell","Sweeping Beam"],"picked":"Cold Snap","floor":7.0},{"not_picked":["Gash","Leap"],"picked":"Capacitor","floor":8.0},{"not_picked":["Barrage","Hello World"],"picked":"Conserve Battery","floor":11.0},{"not_picked":["Turbo","Scrape"],"picked":"Buffer","floor":12.0},{"not_picked":["Force Field","Coolheaded"],"picked":"Glacier","floor":14.0},{"not_picked":["Reboot","Hyperbeam"],"picked":"Amplify","floor":16.0},{"not_picked":["Steam","Streamline+1"],"picked":"Compile Driver+1","floor":18.0},{"not_picked":["Conserve Battery","Recycle"],"picked":"Defragment+1","floor":19.0},{"not_picked":["Conserve Battery","Recycle"],"picked":"FTL","floor":21.0},{"not_picked":["Leap","Compile Driver"],"picked":"Sweeping Beam","floor":21.0},{"not_picked":["Glacier+1","Steam"],"picked":"Cold Snap","floor":23.0},{"not_picked":["Stack","Darkness+1"],"picked":"Rainbow","floor":28.0},{"not_picked":["Hello World","Leap","Sweeping Beam"],"picked":"SKIP","floor":28.0},{"not_picked":["Steam Power","Rip and Tear+1"],"picked":"Coolheaded","floor":29.0},{"not_picked":["Lockon","Compile Driver+1"],"picked":"Barrage","floor":31.0},{"not_picked":["Conserve Battery+1","Force Field","BootSequence"],"picked":"SKIP","floor":31.0},{"not_picked":["All For One","Seek"],"picked":"Electrodynamics","floor":33.0},{"not_picked":["Coolheaded","Rebound"],"picked":"Barrage","floor":35.0},{"not_picked":["Cold Snap+1","Turbo","Compile Driver"],"picked":"SKIP","floor":35.0},{"not_picked":["Steam+1","Conserve Battery+1"],"picked":"Reinforced Body+1","floor":36.0},{"not_picked":["Sweeping Beam+1","Beam Cell+1"],"picked":"FTL+1","floor":36.0},{"not_picked":["Streamline+1","Cold Snap+1"],"picked":"Go for the Eyes+1","floor":38},{"not_picked":["Compile Driver+1","Steam","Conserve Battery+1"],"picked":"SKIP","floor":38},{"not_picked":["Capacitor+1","Seek"],"picked":"Redo+1","floor":39},{"not_picked":["White Noise","Ball Lightning+1"],"picked":"Self Repair","floor":39},{"not_picked":["Turbo","Ball Lightning","Go for the Eyes+1"],"picked":"SKIP","floor":40},{"not_picked":["Self Repair+1","Auto Shields+1","Creative AI"],"picked":"SKIP","floor":42},{"not_picked":["Chaos","White Noise"],"picked":"Reprogram","floor":45},{"not_picked":["Tempest+1","Cold Snap+1"],"picked":"Glacier+1","floor":45},{"not_picked":["Hologram","Stack"],"picked":"Loop","floor":47},{"not_picked":["Turbo","Scrape+1"],"picked":"Compile Driver+1","floor":47}],"player_experience":688248,"relics_obtained":[{"floor":7.0,"key":"Dodecahedron"},{"floor":9.0,"key":"Turnip"},{"floor":12.0,"key":"Mercury Hourglass"},{"floor":19.0,"key":"Prayer Wheel"},{"floor":19.0,"key":"Shuriken"},{"floor":23.0,"key":"Du-Vu Doll"},{"floor":26.0,"key":"Blood Vial"},{"floor":29.0,"key":"Cables"},{"floor":40,"key":"Art of War"},{"floor":42,"key":"Smiling Mask"}],"event_choices":[{"damage_healed":18.0,"max_hp_gain":0.0,"max_hp_loss":0.0,"gold_gain":0.0,"event_name":"The Cleric","player_choice":"Healed","floor":5.0,"gold_loss":35.0,"damage_taken":0.0},{"damage_healed":0.0,"max_hp_gain":5.0,"max_hp_loss":0.0,"gold_gain":0.0,"event_name":"Big Fish","player_choice":"Donut","floor":10.0,"gold_loss":0.0,"damage_taken":0.0},{"damage_healed":0.0,"max_hp_gain":0.0,"max_hp_loss":0.0,"gold_gain":0.0,"event_name":"Colosseum","player_choice":"Fight","floor":19.0,"gold_loss":0.0,"damage_taken":0.0},{"damage_healed":0.0,"max_hp_gain":0.0,"max_hp_loss":0.0,"gold_gain":0.0,"event_name":"Colosseum","player_choice":"Fought Nobs","floor":19.0,"gold_loss":0.0,"damage_taken":0.0},{"damage_healed":0.0,"max_hp_gain":0.0,"max_hp_loss":0.0,"gold_gain":0.0,"event_name":"Lab","player_choice":"Got Potions","floor":20.0,"gold_loss":0.0,"damage_taken":0.0},{"damage_healed":0.0,"max_hp_gain":0.0,"max_hp_loss":27.0,"gold_gain":0.0,"event_name":"Vampires","player_choice":"Became a vampire","floor":24.0,"gold_loss":0.0,"damage_taken":0.0,"cards_obtained":["Bite","Bite","Bite","Bite","Bite"]},{"damage_healed":0.0,"max_hp_gain":0.0,"max_hp_loss":0.0,"gold_gain":0.0,"event_name":"Forgotten Altar","player_choice":"Smashed Altar","floor":30.0,"gold_loss":0.0,"damage_taken":0.0,"cards_obtained":["Decay"]},{"cards_removed":["Cold Snap"],"damage_healed":0,"gold_gain":0,"player_choice":"Removed Attack","damage_taken":0,"max_hp_gain":0,"max_hp_loss":0,"event_name":"Falling","floor":48,"gold_loss":0}],"is_beta":false,"boss_relics":[{"not_picked":["Snecko Eye","Cursed Key"],"picked":"Astrolabe"},{"not_picked":["FrozenCore","Orrery"],"picked":"Sozu"}],"items_purged_floors":[37,46],"is_endless":false,"potions_floor_spawned":[1,11,12,16,19,21,29,36,38,47],"killed_by":"Shield and Spear","ascension_level":0}