{"gold_per_floor":[119,119,119,119,294,322,340,354,354,383,383,429,31,43,43,146,146,146,146,146,146,146,146,146,146,146,146,146,146,146,146,146,146,146,146,146,146,146,3,3,3,3,3,3,3,3,3,3,3,3],"floor_reached":51,"playtime":3097,"items_purged":["Doubt"],"score":779,"play_id":"669457ef-71a9-4dac-929e-2dd2d969996d","local_time":"20181118042232","is_ascension_mode":false,"campfire_choices":[{"data":"Dualcast","floor":11,"key":"SMITH"},{"data":"Ball Lightning","floor":15,"key":"SMITH"},{"data":"Sunder","floor":25,"key":"SMITH"},{"data":"Ball Lightning","floor":30,"key":"SMITH"},{"floor":32,"key":"REST"},{"data":"Jack Of All Trades","floor":40,"key":"SMITH"},{"data":"Blind","floor":42,"key":"SMITH"},{"data":"Conserve Battery","floor":44,"key":"SMITH"},{"floor":49,"key":"REST"}],"neow_cost":"NONE","seed_source_timestamp":134865622034605,"circlet_count":0,"master_deck":["Strike_B","Strike_B+1","Strike_B","Defend_B+1","Defend_B","Defend_B+1","Defend_B","Zap+1","Dualcast+1","Ball Lightning+1","Chill","Hologram","Beam Cell+1","Self Repair","Conserve Battery+1","Ball Lightning+1","Electrodynamics","Hologram","Sunder+1","Beam Cell+1","Go for the Eyes","Go for the Eyes+1","Reinforced Body","Lockon+1","Ball Lightning","Multi-Cast","Echo Form","Capacitor","Jack Of All Trades+1","Panacea","Blind+1","Ball Lightning+1","Conserve Battery+1","BootSequence+1","Go for the Eyes+1"],"relics":["Cracked Core","NeowsBlessing","DataDisk","Gremlin Horn","Shuriken","Question Card","Lantern","Lee\u0027s Waffle","Ectoplasm","Omamori","MawBank","Runic Pyramid","Whetstone","Gambling Chip"],"potions_floor_usage":[10,10,23,33,33,45,50,50,50],"damage_taken":[{"damage":0,"enemies":"Small Slimes","floor":1,"turns":1},{"damage":0,"enemies":"3 Sentries","floor":6,"turns":1},{"damage":0,"enemies":"2 Louse","floor":7,"turns":1},{"damage":2,"enemies":"Jaw Worm","floor":8,"turns":3},{"damage":7,"enemies":"Lagavulin","floor":10,"turns":4},{"damage":0,"enemies":"Exordium Wildlife","floor":14,"turns":2},{"damage":0,"enemies":"Slime Boss","floor":16,"turns":9},{"damage":0,"enemies":"3 Byrds","floor":18,"turns":3},{"damage":13,"enemies":"Shell Parasite","floor":20,"turns":4},{"damage":0,"enemies":"3 Cultists","floor":22,"turns":2},{"damage":18,"enemies":"Book of Stabbing","floor":23,"turns":3},{"damage":0,"enemies":"Snecko","floor":24,"turns":3},{"damage":10,"enemies":"Shelled Parasite and Fungi","floor":27,"turns":4},{"damage":3,"enemies":"Snake Plant","floor":28,"turns":4},{"damage":0,"enemies":"3 Cultists","floor":29,"turns":2},{"damage":0,"enemies":"Centurion and Healer","floor":31,"turns":4},{"damage":39,"enemies":"Champ","floor":33,"turns":7},{"damage":7,"enemies":"Orb Walker","floor":35,"turns":3},{"damage":31,"enemies":"3 Shapes","floor":38,"turns":4},{"damage":11,"enemies":"Spire Growth","floor":45,"turns":4},{"damage":0,"enemies":"Sphere and 2 Shapes","floor":46,"turns":5},{"damage":0,"enemies":"Maw","floor":47,"turns":5},{"damage":76,"enemies":"Awakened One","floor":50,"turns":11}],"seed_played":"-6346007384166607326","potions_obtained":[{"floor":6,"key":"Fire Potion"},{"floor":8,"key":"Regen Potion"},{"floor":10,"key":"SteroidPotion"},{"floor":16,"key":"GamblersBrew"},{"floor":18,"key":"LiquidBronze"},{"floor":31,"key":"Ancient Potion"},{"floor":33,"key":"GamblersBrew"},{"floor":35,"key":"Energy Potion"},{"floor":45,"key":"FearPotion"}],"is_trial":false,"path_per_floor":["M","?","?","?","?","E","M","M","T","E","R","T","$","M","R","B",null,"M","$","M","$","M","E","M","R","T","M","M","M","R","M","R","B",null,"M","?","$","M","$","R","?","R","T","R","M","M","M","?","R","B",null],"character_chosen":"DEFECT","items_purchased":["Lee\u0027s Waffle","FocusPotion","Conserve Battery","Whetstone"],"campfire_rested":2,"item_purchase_floors":[13,13,13,39],"current_hp_per_floor":[75,75,60,48,48,48,48,46,46,51,51,51,82,82,82,82,82,82,82,76,76,76,58,58,58,58,55,52,52,52,52,76,44,82,82,72,72,55,55,55,55,55,55,55,44,51,58,58,82,6],"gold":3,"neow_bonus":"THREE_ENEMY_KILL","is_prod":false,"is_daily":false,"chose_seed":false,"campfire_upgraded":7,"win_rate":0,"timestamp":1542532952,"path_taken":["M","?","?","?","?","E","?","M","T","E","R","?","?","M","R","BOSS","M","$","M","$","M","E","?","R","T","?","?","M","R","M","R","BOSS","M","?","$","M","$","R","?","R","T","R","M","M","?","?","R","BOSS"],"build_version":"2018-11-15","purchased_purges":1,"victory":true,"max_hp_per_floor":[75,75,75,75,75,75,75,75,75,75,75,75,82,82,82,82,82,82,82,82,82,82,82,82,82,82,82,82,82,82,82,82,82,82,82,82,82,82,82,82,82,82,82,82,82,82,82,82,82,82],"card_choices":[{"not_picked":["Sweeping Beam","Steam"],"picked":"Ball Lightning","floor":1},{"not_picked":["Leap","Barrage"],"picked":"Chill","floor":6},{"not_picked":["Streamline","Redo"],"picked":"Hologram","floor":7},{"not_picked":["Compile Driver","Gash"],"picked":"Beam Cell","floor":8},{"not_picked":["Recycle","Redo"],"picked":"Self Repair","floor":10},{"not_picked":["Barrage","Beam Cell","Compile Driver"],"picked":"Ball Lightning","floor":14},{"not_picked":["Biased Cognition","Thunder Strike","Multi-Cast"],"picked":"Electrodynamics","floor":16},{"not_picked":["Darkness+1","Redo","Gash+1"],"picked":"Hologram","floor":18},{"not_picked":["Cold Snap","Rebound","Ball Lightning"],"picked":"Sunder","floor":20},{"not_picked":["Compile Driver","Static Discharge","Rebound"],"picked":"Beam Cell+1","floor":22},{"not_picked":["Stack","Hologram","Storm"],"picked":"Go for the Eyes","floor":23},{"not_picked":["Beam Cell+1","Leap+1","Chill"],"picked":"Go for the Eyes+1","floor":24},{"not_picked":["Force Field","Turbo","Rebound"],"picked":"Reinforced Body","floor":27},{"not_picked":["Hologram","Go for the Eyes","Turbo"],"picked":"Lockon+1","floor":28},{"not_picked":["Redo+1","Steam Power","Conserve Battery"],"picked":"Ball Lightning","floor":29},{"not_picked":["Leap","Redo","Steam"],"picked":"Multi-Cast","floor":31},{"not_picked":["All For One","Seek","Meteor Strike"],"picked":"Echo Form","floor":33},{"not_picked":["Rebound+1","Stack+1","Cold Snap"],"picked":"Capacitor","floor":35},{"not_picked":["Discovery","Transmutation","Madness"],"picked":"Jack Of All Trades","floor":36},{"not_picked":["Dark Shackles","Mind Blast","Thinking Ahead"],"picked":"Panacea","floor":36},{"not_picked":["HandOfGreed","Madness","Purity"],"picked":"Blind","floor":36},{"not_picked":["Aggregate+1","Redo+1","Storm+1"],"picked":"Ball Lightning+1","floor":38},{"not_picked":["Reprogram","Streamline","Skim+1"],"picked":"Conserve Battery+1","floor":45},{"not_picked":["Redo","Conserve Battery","Reinforced Body+1"],"picked":"BootSequence+1","floor":46},{"not_picked":["Conserve Battery","Compile Driver","Scrape"],"picked":"Go for the Eyes+1","floor":47}],"player_experience":171738,"relics_obtained":[{"floor":6,"key":"Gremlin Horn"},{"floor":9,"key":"Shuriken"},{"floor":10,"key":"Question Card"},{"floor":12,"key":"Lantern"},{"floor":23,"key":"Omamori"},{"floor":26,"key":"MawBank"},{"floor":43,"key":"Gambling Chip"}],"event_choices":[{"damage_healed":0,"gold_gain":0,"player_choice":"Grow","damage_taken":0,"max_hp_gain":0,"max_hp_loss":0,"event_name":"Living Wall","floor":2,"gold_loss":0,"cards_upgraded":["Zap"]},{"damage_healed":0,"gold_gain":0,"player_choice":"Entered Light","damage_taken":15,"max_hp_gain":0,"max_hp_loss":0,"event_name":"Shining Light","floor":3,"gold_loss":0,"cards_upgraded":["Defend_B","Defend_B"]},{"damage_healed":0,"gold_gain":0,"player_choice":"Success","damage_taken":12,"relics_obtained":["DataDisk"],"max_hp_gain":0,"max_hp_loss":0,"event_name":"Scrap Ooze","floor":4,"gold_loss":0},{"damage_healed":0,"gold_gain":175,"player_choice":"AGREE","damage_taken":0,"max_hp_gain":0,"max_hp_loss":0,"event_name":"Liars Game","floor":5,"gold_loss":0,"cards_obtained":["Doubt"]},{"damage_healed":0,"gold_gain":0,"player_choice":"Memory 3","damage_taken":10,"max_hp_gain":0,"max_hp_loss":0,"event_name":"SensoryStone","floor":36,"gold_loss":0},{"cards_removed":["Strike_B"],"damage_healed":0,"gold_gain":0,"player_choice":"Purged","damage_taken":0,"max_hp_gain":0,"max_hp_loss":0,"event_name":"Purifier","floor":41,"gold_loss":0},{"damage_healed":0,"gold_gain":0,"player_choice":"Ignored","damage_taken":0,"max_hp_gain":0,"max_hp_loss":0,"event_name":"Mysterious Sphere","floor":48,"gold_loss":0}],"is_beta":false,"boss_relics":[{"not_picked":["Fusion Hammer","Calling Bell"],"picked":"Ectoplasm"},{"not_picked":["Black Star","Runic Dome"],"picked":"Runic Pyramid"}],"items_purged_floors":[13],"is_endless":false,"potions_floor_spawned":[6,8,10,16,18,20,22,31,33,35,45],"ascension_level":0}