{"gold_per_floor":[218,230,248,266,282,282,317,317,317,332,332,346,379,394,394,471,471,485,504,504,504,504,504,516,516],"floor_reached":25,"playtime":1445,"items_purged":[],"score":436,"play_id":"e778dd3f-6ecf-4dca-ab03-92d9b7ae6bbd","local_time":"20190526223053","is_ascension_mode":true,"campfire_choices":[{"floor":6.0,"key":"REST"},{"data":"Envenom","floor":8.0,"key":"SMITH"},{"floor":11.0,"key":"REST"},{"floor":15.0,"key":"REST"},{"floor":23,"key":"REST"}],"neow_cost":"NONE","seed_source_timestamp":898060687808990,"circlet_count":0,"master_deck":["AscendersBane","Defend_G","Defend_G","Defend_G","Defend_G","Strike_G","Strike_G","Strike_G","Strike_G","Survivor","Neutralize","Backflip","Infinite Blades","Backflip","Envenom+1","Blur","Backflip+1","Burst+1","Catalyst+1","Night Terror+1","Backstab+1","Deadly Poison+1","Bane","Accuracy","Neutralize","Deadly Poison+1"],"special_seed":0,"relics":["Ring of the Snake","Mercury Hourglass","Toxic Egg 2","Ornamental Fan","Black Star"],"potions_floor_usage":[21],"damage_taken":[{"damage":1.0,"enemies":"Cultist","floor":1.0,"turns":4.0},{"damage":1.0,"enemies":"Small Slimes","floor":2.0,"turns":6.0},{"damage":3.0,"enemies":"2 Louse","floor":3.0,"turns":4.0},{"damage":13.0,"enemies":"Large Slime","floor":4.0,"turns":11.0},{"damage":19.0,"enemies":"Exordium Thugs","floor":5.0,"turns":5.0},{"damage":17.0,"enemies":"Lagavulin","floor":7.0,"turns":7.0},{"damage":1.0,"enemies":"Looter","floor":10.0,"turns":4.0},{"damage":4.0,"enemies":"Exordium Wildlife","floor":12.0,"turns":3.0},{"damage":25.0,"enemies":"3 Sentries","floor":13.0,"turns":6.0},{"damage":3.0,"enemies":"Blue Slaver","floor":14.0,"turns":4.0},{"damage":26.0,"enemies":"Hexaghost","floor":16.0,"turns":11.0},{"damage":11,"enemies":"Shell Parasite","floor":18,"turns":8},{"damage":21,"enemies":"3 Byrds","floor":19,"turns":5},{"damage":0,"enemies":"Masked Bandits","floor":21,"turns":1},{"damage":26,"enemies":"Snake Plant","floor":24,"turns":6},{"damage":14,"enemies":"Shelled Parasite and Fungi","floor":25,"turns":3}],"seed_played":"7074599775734378781","potions_obtained":[{"floor":2.0,"key":"Strength Potion"},{"floor":5.0,"key":"SkillPotion"},{"floor":7.0,"key":"SkillPotion"},{"floor":10.0,"key":"PowerPotion"},{"floor":13.0,"key":"SmokeBomb"}],"is_trial":false,"path_per_floor":["M","M","M","M","M","R","E","R","T","M","R","M","E","M","R","B",null,"M","M","?","?","?","R","M","M"],"character_chosen":"THE_SILENT","items_purchased":[],"campfire_rested":4,"item_purchase_floors":[],"current_hp_per_floor":[58,57,54,41,22,41,24,24,24,23,42,38,13,10,29,3,50,39,18,18,18,18,37,11,0],"gold":516,"neow_bonus":"HUNDRED_GOLD","is_prod":false,"is_daily":false,"chose_seed":false,"campfire_upgraded":1,"win_rate":0,"timestamp":1558881053,"path_taken":["M","?","M","M","M","R","E","R","T","M","R","M","E","M","R","BOSS","M","M","?","?","?","R","M","M"],"build_version":"2019-01-23","purchased_purges":0,"victory":false,"max_hp_per_floor":[66,66,66,66,66,66,66,66,66,66,66,66,66,66,66,66,66,66,66,66,66,66,66,66,66],"card_choices":[{"not_picked":["Infinite Blades","Underhanded Strike"],"picked":"Backflip","floor":1.0},{"not_picked":["Flechettes","Outmaneuver"],"picked":"Infinite Blades","floor":2.0},{"not_picked":["Dodge and Roll","Blade Dance"],"picked":"Backflip","floor":3.0},{"not_picked":["Prepared","Heel Hook","Endless Agony"],"picked":"SKIP","floor":4.0},{"not_picked":["Acrobatics","Dagger Throw"],"picked":"Envenom","floor":5.0},{"not_picked":["Dodge and Roll","Cloak And Dagger"],"picked":"Blur","floor":7.0},{"not_picked":["Quick Slash","Flechettes"],"picked":"Backflip+1","floor":10.0},{"not_picked":["Flying Knee","Sucker Punch","Dodge and Roll+1"],"picked":"SKIP","floor":12.0},{"not_picked":["Poisoned Stab","Backstab"],"picked":"Burst+1","floor":13.0},{"not_picked":["Flying Knee","Tactician+1"],"picked":"Catalyst+1","floor":14.0},{"not_picked":["Tools of the Trade","Grand Finale"],"picked":"Night Terror+1","floor":16.0},{"not_picked":["Caltrops","Underhanded Strike"],"picked":"Backstab+1","floor":18},{"not_picked":["Accuracy","Flying Knee"],"picked":"Deadly Poison+1","floor":19},{"not_picked":["Blade Dance+1","Backflip+1"],"picked":"Deadly Poison+1","floor":24}],"player_experience":607411,"relics_obtained":[{"floor":7.0,"key":"Mercury Hourglass"},{"floor":9.0,"key":"Toxic Egg 2"},{"floor":13.0,"key":"Ornamental Fan"}],"event_choices":[{"damage_healed":0,"gold_gain":0,"cards_transformed":["Defend_G","Strike_G"],"player_choice":"Became Test Subject","damage_taken":0,"max_hp_gain":0,"max_hp_loss":0,"event_name":"Drug Dealer","floor":20,"gold_loss":0,"cards_obtained":["Bane","Accuracy"]},{"damage_healed":0,"gold_gain":0,"player_choice":"Fought Bandits","damage_taken":0,"max_hp_gain":0,"max_hp_loss":0,"event_name":"Masked Bandits","floor":21,"gold_loss":0},{"damage_healed":0,"gold_gain":0,"player_choice":"1 cards matched","damage_taken":0,"max_hp_gain":0,"max_hp_loss":0,"event_name":"Match and Keep!","floor":22,"gold_loss":0,"cards_obtained":["Neutralize"]}],"is_beta":false,"boss_relics":[{"not_picked":["Velvet Choker","Coffee Dripper"],"picked":"Black Star"}],"items_purged_floors":[],"is_endless":false,"potions_floor_spawned":[2,5,7,10,13,21],"killed_by":"Shelled Parasite and Fungi","ascension_level":16}