{"gold_per_floor":[109,121,121,146,167,167,180,180,180,13,52,76,116,132,132,252,252,275,46,71,87,112,112,132,152,152,152,167,207,207,225,225,225],"floor_reached":33,"playtime":4009,"items_purged":[],"score":310,"play_id":"a3a4f5b4-cbe0-47e2-b387-f3efd57910d4","local_time":"20180623132143","is_ascension_mode":false,"campfire_choices":[{"floor":6,"key":"REST"},{"data":"Searing Blow","floor":8,"key":"SMITH"},{"floor":15,"key":"REST"},{"floor":23,"key":"REST"},{"floor":27,"key":"REST"},{"floor":30,"key":"REST"},{"floor":32,"key":"REST"}],"neow_cost":"","seed_source_timestamp":561853910945966,"circlet_count":0,"master_deck":["Strike_R","Strike_R","Strike_R","Strike_R","Strike_R","Defend_R","Defend_R","Defend_R","Defend_R","Bash","Reckless Charge","Shrug It Off","Ghostly Armor","Searing Blow+1","Sword Boomerang","Hemokinesis","Sword Boomerang","Second Wind","Cleave","Clothesline","Rage","Armaments","Reaper","Headbutt","Armaments","Perfected Strike","Sword Boomerang+1","Searing Blow+1","Flex","Flex","Infernal Blade","Entrench","Anger","Body Slam"],"relics":["Burning Blood","Golden Idol","Ice Cream","Red Skull","Darkstone Periapt","Philosopher\u0027s Stone","Strawberry","Letter Opener","Mummified Hand"],"potions_floor_usage":[13,16,29,29,31,33],"damage_taken":[{"damage":1,"enemies":"Cultist","floor":1,"turns":3},{"damage":2,"enemies":"2 Louse","floor":2,"turns":3},{"damage":0,"enemies":"Small Slimes","floor":4,"turns":3},{"damage":25,"enemies":"Gremlin Gang","floor":5,"turns":8},{"damage":7,"enemies":"Large Slime","floor":7,"turns":9},{"damage":55,"enemies":"Lagavulin","floor":11,"turns":9},{"damage":0,"enemies":"2 Fungi Beasts","floor":12,"turns":3},{"damage":3,"enemies":"Gremlin Nob","floor":13,"turns":3},{"damage":0,"enemies":"Lots of Slimes","floor":14,"turns":1},{"damage":46,"enemies":"The Guardian","floor":16,"turns":12},{"damage":6,"enemies":"Chosen","floor":18,"turns":5},{"damage":44,"enemies":"3 Byrds","floor":20,"turns":6},{"damage":37,"enemies":"Centurion and Healer","floor":21,"turns":5},{"damage":23,"enemies":"Snake Plant","floor":22,"turns":4},{"damage":7,"enemies":"Snecko","floor":24,"turns":4},{"damage":39,"enemies":"3 Cultists","floor":25,"turns":6},{"damage":17,"enemies":"Snake Plant","floor":28,"turns":4},{"damage":44,"enemies":"Slavers","floor":29,"turns":4},{"damage":40,"enemies":"Slaver and Parasite","floor":31,"turns":6},{"damage":50,"enemies":"Champ","floor":33,"turns":6}],"seed_played":"9137091440856730039","potions_obtained":[{"floor":1,"key":"Regen Potion"},{"floor":12,"key":"Ancient Potion"},{"floor":16,"key":"PowerPotion"},{"floor":22,"key":"GamblersBrew"},{"floor":25,"key":"SteroidPotion"},{"floor":28,"key":"Swift Potion"},{"floor":31,"key":"Energy Potion"}],"is_trial":false,"path_per_floor":["M","M","?","M","M","R","M","R","T","$","E","M","E","M","R","B",null,"M","$","M","M","M","R","M","M","T","R","M","E","R","M","R"],"character_chosen":"IRONCLAD","items_purchased":["Hemokinesis","Sword Boomerang","Second Wind","Armaments","Strawberry","Perfected Strike"],"campfire_rested":6,"item_purchase_floors":[10,10,10,19,19,19],"current_hp_per_floor":[80,80,60,66,47,71,70,70,70,70,21,27,39,45,69,29,80,80,87,53,30,13,39,45,26,26,52,41,24,50,16,42,0],"gold":225,"neow_bonus":"","is_prod":false,"is_daily":false,"chose_seed":false,"campfire_upgraded":1,"win_rate":0.0,"timestamp":1529774503,"path_taken":["M","M","?","M","M","R","?","R","T","$","E","M","E","M","R","BOSS","M","$","M","M","M","R","M","M","T","R","M","E","R","M","R","BOSS"],"build_version":"2018-06-21v2","purchased_purges":0,"victory":false,"max_hp_per_floor":[80,80,80,80,80,80,80,80,80,80,80,80,80,80,80,80,80,80,87,87,87,87,87,87,87,87,87,87,87,87,87,87,87],"card_choices":[{"not_picked":["Rampage","Headbutt"],"picked":"Reckless Charge","floor":1},{"not_picked":["Warcry","Burning Pact"],"picked":"Shrug It Off","floor":2},{"not_picked":["True Grit","Shrug It Off"],"picked":"Ghostly Armor","floor":4},{"not_picked":["Berserk","Body Slam"],"picked":"Searing Blow","floor":5},{"not_picked":["Flex","Perfected Strike"],"picked":"Sword Boomerang","floor":7},{"not_picked":["Flame Barrier","True Grit"],"picked":"Cleave","floor":11},{"not_picked":["Shrug It Off","Dropkick"],"picked":"Clothesline","floor":12},{"not_picked":["Shrug It Off","Brutality"],"picked":"Rage","floor":13},{"not_picked":["Flex","Warcry"],"picked":"Armaments","floor":14},{"not_picked":["Berserk","Fiend Fire"],"picked":"Reaper","floor":16},{"not_picked":["Hemokinesis","Body Slam"],"picked":"Headbutt","floor":18},{"not_picked":["Inflame","Iron Wave"],"picked":"Sword Boomerang+1","floor":20},{"not_picked":["Headbutt","Shrug It Off"],"picked":"Searing Blow+1","floor":21},{"not_picked":["Warcry","Cleave"],"picked":"Flex","floor":22},{"not_picked":["Reckless Charge","Searing Blow"],"picked":"Flex","floor":24},{"not_picked":["Inflame","Pommel Strike"],"picked":"Infernal Blade","floor":25},{"not_picked":["Clothesline","Fire Breathing"],"picked":"Entrench","floor":28},{"not_picked":["Dark Embrace","Sword Boomerang+1"],"picked":"Anger","floor":29},{"not_picked":["Perfected Strike+1","Rage"],"picked":"Body Slam","floor":31}],"player_experience":0,"relics_obtained":[{"floor":9,"key":"Ice Cream"},{"floor":11,"key":"Red Skull"},{"floor":13,"key":"Darkstone Periapt"},{"floor":26,"key":"Letter Opener"},{"floor":29,"key":"Mummified Hand"}],"event_choices":[{"event_name":"Golden Idol","player_choice":"Take Damage","floor":3,"damage_taken":0}],"boss_relics":[{"not_picked":["Black Star","Sozu"],"picked":"Philosopher\u0027s Stone"}],"items_purged_floors":[],"is_endless":false,"potions_floor_spawned":[1,12,16,22,25,28,29,31],"killed_by":"Champ","ascension_level":0}