{"gold_per_floor":[117,117,7,30,30,30,61,61,116,157,176,76,144,162,162,286,286,302,427,453,453,251,284,284,297,297,336,336,360,383,422,422,545,545,563,563,563,473,27,27,67,85,139,139,159,12,52,67,67,67,67,67,67,103,103],"floor_reached":56,"playtime":6159,"items_purged":["Defend_B","Defend_B","Strike_B","Defend_B"],"score":1501,"play_id":"f480d744-fccb-4e77-bd32-2601b9db956c","local_time":"20190425200425","is_ascension_mode":true,"campfire_choices":[{"data":"Defragment","floor":6,"key":"SMITH"},{"floor":8,"key":"REST"},{"floor":15,"key":"REST"},{"data":"Capacitor","floor":24,"key":"SMITH"},{"floor":28,"key":"REST"},{"data":"Defragment","floor":32,"key":"SMITH"},{"data":"Buffer","floor":40,"key":"SMITH"},{"floor":44,"key":"RECALL"},{"data":"Defragment","floor":49,"key":"SMITH"},{"data":"Creative AI","floor":52,"key":"SMITH"}],"neow_cost":"NONE","seed_source_timestamp":4426132937783330,"circlet_count":0,"master_deck":["Zap","Dualcast","Defragment+1","Genetic Algorithm+1","Ball Lightning","Conserve Battery","Force Field","Glacier","Seek","Cold Snap","Chill","Self Repair","Capacitor+1","Go for the Eyes+1","Defragment+1","Creative AI+1","Buffer+1","Redo+1","Defragment+1","Doom and Gloom","Cold Snap","Conserve Battery+1","Chill+1","Defragment+1","Go for the Eyes+1","Loop+1","Blizzard+1"],"relics":["FrozenCore","Golden Idol","Unceasing Top","Tiny Chest","Dodecahedron","Gremlin Horn","Black Star","FossilizedHelix","Pear","Ancient Tea Set","Mango","Blood Vial","PreservedInsect","Bottled Tornado","Juzu Bracelet","Lantern","Thread and Needle","Omamori","Happy Flower","War Paint","Oddly Smooth Stone","Torii","Bag of Preparation","Pantograph"],"potions_floor_usage":[7,14,27,30,31,33,55,55,55],"damage_taken":[{"damage":10,"enemies":"Small Slimes","floor":1,"turns":3},{"damage":12,"enemies":"2 Louse","floor":4,"turns":4},{"damage":19,"enemies":"3 Sentries","floor":7,"turns":6},{"damage":13,"enemies":"Lagavulin","floor":10,"turns":5},{"damage":12,"enemies":"Jaw Worm","floor":11,"turns":3},{"damage":3,"enemies":"Exordium Thugs","floor":14,"turns":4},{"damage":7,"enemies":"Hexaghost","floor":16,"turns":13},{"damage":9,"enemies":"Spheric Guardian","floor":18,"turns":4},{"damage":17,"enemies":"Colosseum Slavers","floor":19,"turns":5},{"damage":27,"enemies":"Colosseum Nobs","floor":19,"turns":7},{"damage":14,"enemies":"Book of Stabbing","floor":23,"turns":7},{"damage":0,"enemies":"3 Byrds","floor":25,"turns":7},{"damage":46,"enemies":"Slavers","floor":27,"turns":10},{"damage":0,"enemies":"Snake Plant","floor":29,"turns":6},{"damage":11,"enemies":"Shelled Parasite and Fungi","floor":30,"turns":9},{"damage":14,"enemies":"Gremlin Leader","floor":31,"turns":6},{"damage":18,"enemies":"Champ","floor":33,"turns":15},{"damage":0,"enemies":"3 Shapes","floor":35,"turns":4},{"damage":0,"enemies":"Nemesis","floor":41,"turns":7},{"damage":0,"enemies":"Orb Walker","floor":42,"turns":5},{"damage":0,"enemies":"Transient","floor":45,"turns":5},{"damage":0,"enemies":"Reptomancer","floor":47,"turns":5},{"damage":0,"enemies":"Sphere and 2 Shapes","floor":48,"turns":9},{"damage":0,"enemies":"Awakened One","floor":50,"turns":16},{"damage":0,"enemies":"Shield and Spear","floor":54,"turns":8},{"damage":42,"enemies":"The Heart","floor":55,"turns":10}],"seed_played":"6167079804123429593","potions_obtained":[{"floor":1,"key":"Dexterity Potion"},{"floor":4,"key":"GamblersBrew"},{"floor":11,"key":"AttackPotion"},{"floor":27,"key":"Weak Potion"},{"floor":29,"key":"Dexterity Potion"},{"floor":30,"key":"LiquidBronze"},{"floor":33,"key":"LiquidBronze"},{"floor":35,"key":"Regen Potion"}],"is_trial":false,"path_per_floor":["M","?","$","M","?","R","E","R","T","E","M","$","T","M","R","B",null,"M","?","T","?","$","E","R","M","T","E","R","M","M","E","R","B",null,"M","?","?","?","$","R","E","M","T","R","M","$","E","M","R","B",null,"R","$","E","B",null],"character_chosen":"DEFECT","items_purchased":["Genetic Algorithm","Self Repair","Thread and Needle","Defragment","Regen Potion"],"campfire_rested":3,"item_purchase_floors":[3,22,39,46,46],"current_hp_per_floor":[65,47,47,35,28,28,9,31,31,18,6,6,6,3,25,18,75,66,32,32,32,32,39,39,46,46,9,38,47,45,40,40,31,99,99,99,99,99,99,99,99,99,99,99,99,99,99,99,99,99,99,99,99,99,86],"gold":103,"neow_bonus":"REMOVE_CARD","is_prod":false,"is_daily":false,"chose_seed":false,"campfire_upgraded":6,"win_rate":0,"timestamp":1556237065,"path_taken":["M","?","$","M","?","R","E","R","T","E","?","?","?","M","R","BOSS","M","?","?","?","$","E","R","M","T","E","R","M","M","E","R","BOSS","M","?","?","?","$","R","E","M","T","R","M","?","E","M","R","BOSS","R","$","E","BOSS"],"build_version":"2019-01-23","purchased_purges":4,"victory":true,"max_hp_per_floor":[75,75,75,75,75,75,75,75,75,75,75,75,75,75,75,75,75,75,85,85,85,85,99,99,99,99,99,99,99,99,99,99,99,99,99,99,99,99,99,99,99,99,99,99,99,99,99,99,99,99,99,99,99,99,99],"card_choices":[{"not_picked":["Chaos","Recycle"],"picked":"Defragment","floor":1},{"not_picked":["Double Energy","Aggregate"],"picked":"Ball Lightning","floor":4},{"not_picked":["Doom and Gloom","Streamline"],"picked":"Conserve Battery","floor":7},{"not_picked":["Steam","Gash","Double Energy"],"picked":"SKIP","floor":10},{"not_picked":["Compile Driver","Streamline"],"picked":"Force Field","floor":11},{"not_picked":["White Noise","Sunder"],"picked":"Glacier","floor":14},{"not_picked":["Reboot","Multi-Cast"],"picked":"Seek","floor":16},{"not_picked":["FTL","Leap+1"],"picked":"Cold Snap","floor":18},{"not_picked":["Chaos+1","Go for the Eyes"],"picked":"Chill","floor":19},{"not_picked":["Cold Snap+1","Rainbow"],"picked":"Capacitor","floor":23},{"not_picked":["Melter","Auto Shields"],"picked":"Go for the Eyes","floor":25},{"not_picked":["Skim+1","Coolheaded"],"picked":"Defragment","floor":27},{"not_picked":["Recycle","Compile Driver","Streamline"],"picked":"SKIP","floor":29},{"not_picked":["Sweeping Beam+1","Undo","Leap"],"picked":"SKIP","floor":30},{"not_picked":["Self Repair","Genetic Algorithm"],"picked":"Creative AI","floor":31},{"not_picked":["Thunder Strike","Core Surge"],"picked":"Buffer","floor":33},{"not_picked":["Turbo","Go for the Eyes+1"],"picked":"Redo+1","floor":35},{"not_picked":["Lockon+1","Redo"],"picked":"Cold Snap","floor":41},{"not_picked":["Consume","Coolheaded"],"picked":"Conserve Battery","floor":42},{"not_picked":["Steam+1","Reinforced Body"],"picked":"Chill+1","floor":45},{"not_picked":["Darkness","Steam Power"],"picked":"Go for the Eyes+1","floor":47},{"not_picked":["Stack+1","Gash+1"],"picked":"Loop+1","floor":48},{"not_picked":["Hyperbeam","Storm"],"picked":"Blizzard+1","floor":54}],"player_experience":141923,"relics_obtained":[{"floor":7,"key":"Unceasing Top"},{"floor":9,"key":"Tiny Chest"},{"floor":10,"key":"Dodecahedron"},{"floor":13,"key":"Gremlin Horn"},{"floor":19,"key":"FossilizedHelix"},{"floor":19,"key":"Pear"},{"floor":23,"key":"Ancient Tea Set"},{"floor":23,"key":"Mango"},{"floor":26,"key":"Blood Vial"},{"floor":27,"key":"PreservedInsect"},{"floor":27,"key":"Bottled Tornado"},{"floor":31,"key":"Juzu Bracelet"},{"floor":31,"key":"Lantern"},{"floor":41,"key":"Omamori"},{"floor":41,"key":"Happy Flower"},{"floor":43,"key":"War Paint"},{"floor":47,"key":"Oddly Smooth Stone"},{"floor":47,"key":"Torii"},{"floor":54,"key":"Bag of Preparation"},{"floor":54,"key":"Pantograph"}],"event_choices":[{"damage_healed":0,"gold_gain":0,"player_choice":"Take Damage","damage_taken":18,"relics_obtained":["Golden Idol"],"max_hp_gain":0,"max_hp_loss":0,"event_name":"Golden Idol","floor":2,"gold_loss":0},{"cards_removed":["Strike_B"],"damage_healed":0,"gold_gain":0,"player_choice":"Card Removal","damage_taken":7,"max_hp_gain":0,"max_hp_loss":0,"event_name":"Golden Wing","floor":5,"gold_loss":0},{"damage_healed":0,"gold_gain":0,"player_choice":"Fight","damage_taken":0,"max_hp_gain":0,"max_hp_loss":0,"event_name":"Colosseum","floor":19,"gold_loss":0},{"damage_healed":0,"gold_gain":0,"player_choice":"Fought Nobs","damage_taken":0,"max_hp_gain":0,"max_hp_loss":0,"event_name":"Colosseum","floor":19,"gold_loss":0},{"damage_healed":0,"gold_gain":0,"player_choice":"Ignored","damage_taken":0,"max_hp_gain":0,"max_hp_loss":0,"event_name":"Vampires","floor":21,"gold_loss":0},{"damage_healed":0,"gold_gain":0,"player_choice":"Copied","damage_taken":0,"max_hp_gain":0,"max_hp_loss":0,"event_name":"Duplicator","floor":36,"gold_loss":0,"cards_obtained":["Defragment"]},{"damage_healed":0,"gold_gain":0,"cards_transformed":["Strike_B"],"player_choice":"Transformed","damage_taken":0,"max_hp_gain":0,"max_hp_loss":0,"event_name":"Transmorgrifier","floor":37,"gold_loss":0,"cards_obtained":["Doom and Gloom"]},{"cards_removed":["Defend_B"],"damage_healed":0,"gold_gain":0,"player_choice":"Upgrade and Remove","damage_taken":0,"max_hp_gain":0,"max_hp_loss":0,"event_name":"Designer","floor":38,"gold_loss":90,"cards_upgraded":["Go for the Eyes"]}],"is_beta":false,"boss_relics":[{"not_picked":["Eternal Feather","Calling Bell"],"picked":"Black Star"},{"not_picked":["Snecko Eye","Runic Dome"],"picked":"FrozenCore"}],"items_purged_floors":[3,12,22,39],"is_endless":false,"potions_floor_spawned":[1,4,11,19,27,29,30,33,35,47,54],"ascension_level":2}