{"gold_per_floor":[114,125,144,73,87,87,87,18,63,75,93,93,108,118,118,118],"floor_reached":16,"playtime":1224,"items_purged":[],"score":96,"play_id":"a6638721-0a6a-4b2b-9d46-c6f241829466","local_time":"20190305222900","is_ascension_mode":false,"campfire_choices":[{"floor":6,"key":"REST"},{"floor":12,"key":"REST"},{"floor":15,"key":"REST"}],"neow_cost":"NONE","seed_source_timestamp":1461827507527800,"circlet_count":0,"master_deck":["Strike_B","Strike_B","Strike_B","Defend_B","Defend_B","Defend_B","Defend_B","Zap","Dualcast","Compile Driver","Coolheaded","Streamline","Compile Driver","Fusion","Skim","Defragment","Darkness","Redo","White Noise","Doom and Gloom"],"relics":["Cracked Core","Bag of Preparation"],"potions_floor_usage":[5,16,16],"damage_taken":[{"damage":6,"enemies":"Cultist","floor":1,"turns":3},{"damage":3,"enemies":"2 Louse","floor":2,"turns":3},{"damage":6,"enemies":"Jaw Worm","floor":3,"turns":3},{"damage":25,"enemies":"Exordium Thugs","floor":5,"turns":5},{"damage":1,"enemies":"Blue Slaver","floor":10,"turns":4},{"damage":3,"enemies":"3 Louse","floor":11,"turns":3},{"damage":49,"enemies":"Gremlin Gang","floor":13,"turns":4},{"damage":8,"enemies":"2 Fungi Beasts","floor":14,"turns":4},{"damage":35,"enemies":"The Guardian","floor":16,"turns":6}],"seed_played":"2625752324910315892","potions_obtained":[{"floor":1,"key":"AttackPotion"},{"floor":3,"key":"Strength Potion"},{"floor":13,"key":"SkillPotion"},{"floor":14,"key":"SkillPotion"}],"is_trial":false,"path_per_floor":["M","M","M","$","M","R","?","$","T","M","M","R","M","M","R","B"],"character_chosen":"DEFECT","items_purchased":["Fusion","Defragment"],"campfire_rested":3,"item_purchase_floors":[4,8],"current_hp_per_floor":[69,66,60,60,35,57,50,50,50,49,46,68,19,11,33,0],"gold":118,"neow_bonus":"THREE_CARDS","is_prod":false,"is_daily":false,"chose_seed":false,"campfire_upgraded":0,"win_rate":0,"timestamp":1551846540,"path_taken":["M","M","?","$","M","R","?","?","T","M","?","R","M","M","R","BOSS"],"build_version":"2019-01-23","purchased_purges":0,"victory":false,"max_hp_per_floor":[75,75,75,75,75,75,75,75,75,75,75,75,75,75,75,75],"card_choices":[{"not_picked":["Go for the Eyes","Conserve Battery"],"picked":"Compile Driver","floor":0},{"not_picked":["Storm","Gash"],"picked":"Coolheaded","floor":1},{"not_picked":["Conserve Battery","Beam Cell"],"picked":"Streamline","floor":2},{"not_picked":["Heatsinks","Stack"],"picked":"Compile Driver","floor":3},{"not_picked":["Chaos","Glacier"],"picked":"Skim","floor":5},{"not_picked":["Blizzard","Coolheaded"],"picked":"Darkness","floor":10},{"not_picked":["Sweeping Beam","Cold Snap"],"picked":"Redo","floor":11},{"not_picked":["Ball Lightning","Melter"],"picked":"White Noise","floor":13},{"not_picked":["Compile Driver","Recycle"],"picked":"Doom and Gloom","floor":14}],"player_experience":96424,"relics_obtained":[{"floor":9,"key":"Bag of Preparation"}],"event_choices":[{"cards_removed":["Strike_B"],"damage_healed":0,"gold_gain":0,"player_choice":"Card Removal","damage_taken":7,"max_hp_gain":0,"max_hp_loss":0,"event_name":"Golden Wing","floor":7,"gold_loss":0}],"is_beta":false,"boss_relics":[],"items_purged_floors":[],"is_endless":false,"potions_floor_spawned":[1,3,13,14],"killed_by":"The Guardian","ascension_level":0}