{"gold_per_floor":[214,389,339,353,45,77,77,77,148,148,168,192,212,225,225,351,351,372,392,32,32,32,32],"floor_reached":23,"playtime":1597,"items_purged":[],"score":210,"play_id":"a546caab-cd69-44cd-a716-3b0b3abf3fb8","local_time":"20180930045240","is_ascension_mode":true,"campfire_choices":[{"data":"Shrug It Off","floor":7.0,"key":"SMITH"},{"data":"Bash","floor":10.0,"key":"SMITH"},{"data":"Bloodletting","floor":15.0,"key":"SMITH"}],"neow_cost":"NONE","seed_source_timestamp":432280159793161,"circlet_count":0,"master_deck":["Strike_R","Strike_R","Strike_R","Strike_R","Strike_R","Defend_R","Defend_R","Defend_R","Defend_R","Bash+1","Ghostly Armor","Thunderclap","Shrug It Off+1","Twin Strike","Injury","Infernal Blade","Rage","Bloodletting+1","Iron Wave","Immolate","Dual Wield+1","Rupture","Armaments"],"special_seed":0,"relics":["Black Blood","Matryoshka","Blood Vial","Golden Idol","Pen Nib","Meat on the Bone","FossilizedHelix"],"potions_floor_usage":[23,23],"damage_taken":[{"damage":3.0,"enemies":"Small Slimes","floor":1.0,"turns":4.0},{"damage":5.0,"enemies":"Jaw Worm","floor":4.0,"turns":5.0},{"damage":25.0,"enemies":"Gremlin Nob","floor":6.0,"turns":5.0},{"damage":6.0,"enemies":"Cultist","floor":11.0,"turns":3.0},{"damage":17.0,"enemies":"Gremlin Gang","floor":12.0,"turns":5.0},{"damage":0.0,"enemies":"Red Slaver","floor":13.0,"turns":2.0},{"damage":1.0,"enemies":"3 Louse","floor":14.0,"turns":2.0},{"damage":65.0,"enemies":"Hexaghost","floor":16.0,"turns":13.0},{"damage":16.0,"enemies":"Chosen","floor":18.0,"turns":6.0},{"damage":24.0,"enemies":"2 Thieves","floor":19.0,"turns":4.0},{"damage":65,"enemies":"Book of Stabbing","floor":23,"turns":7}],"seed_played":"-6628712444947704334","potions_obtained":[{"floor":1.0,"key":"Block Potion"},{"floor":4.0,"key":"EntropicBrew"},{"floor":11.0,"key":"Poison Potion"},{"floor":16.0,"key":"Swift Potion"},{"floor":18.0,"key":"GamblersBrew"}],"is_trial":false,"path_per_floor":["M","?","?","M","$","E","R","?","T","R","M","M","M","M","R","B",null,"M","M","$","?","$"],"character_chosen":"IRONCLAD","items_purchased":["Matryoshka","Shrug It Off","FossilizedHelix","Armaments"],"campfire_rested":0,"item_purchase_floors":[5,5,20,20],"current_hp_per_floor":[80,80,80,80,80,61,61,61,61,61,63,66,74,80,80,33,80,74,62,62,62,62,0],"gold":32,"neow_bonus":"HUNDRED_GOLD","is_prod":false,"is_daily":false,"chose_seed":false,"campfire_upgraded":3,"win_rate":0,"timestamp":1538297560,"path_taken":["M","?","?","?","?","E","R","?","T","R","M","M","M","M","R","BOSS","M","M","$","?","?","E"],"build_version":"2018-09-27","purchased_purges":0,"victory":false,"max_hp_per_floor":[80,80,80,80,80,80,80,80,80,80,80,80,80,80,80,80,80,80,80,80,80,80,80],"card_choices":[{"not_picked":["Rage","Reckless Charge"],"picked":"Ghostly Armor","floor":1.0},{"not_picked":["Armaments","Heavy Blade"],"picked":"Thunderclap","floor":4.0},{"not_picked":["Pummel","Corruption"],"picked":"Twin Strike","floor":6.0},{"not_picked":["Rampage","Sword Boomerang"],"picked":"Infernal Blade","floor":11.0},{"not_picked":["Sword Boomerang","Spot Weakness"],"picked":"Rage","floor":12.0},{"not_picked":["Fire Breathing","Sword Boomerang"],"picked":"Bloodletting","floor":13.0},{"not_picked":["Bloodletting","Perfected Strike"],"picked":"Iron Wave","floor":14.0},{"not_picked":["Fiend Fire","Juggernaut"],"picked":"Immolate","floor":16.0},{"not_picked":["Anger","Bloodletting+1"],"picked":"Dual Wield+1","floor":18.0},{"not_picked":["Reckless Charge","Fire Breathing+1"],"picked":"Rupture","floor":19.0}],"player_experience":99899,"relics_obtained":[{"floor":6.0,"key":"Blood Vial"},{"floor":9.0,"key":"Pen Nib"},{"floor":9.0,"key":"Meat on the Bone"}],"event_choices":[{"event_name":"Liars Game","player_choice":"agreed","floor":2.0,"damage_taken":0.0},{"event_name":"The Cleric","player_choice":"Card Removal","floor":3.0,"damage_taken":0.0},{"event_name":"Golden Idol","player_choice":"Take Wound","floor":8.0,"damage_taken":0.0},{"event_name":"Beggar","player_choice":"Ignored","floor":21.0,"damage_taken":0.0}],"is_beta":false,"boss_relics":[{"not_picked":["Empty Cage","Busted Crown"],"picked":"Black Blood"}],"items_purged_floors":[],"is_endless":false,"potions_floor_spawned":[1,4,11,16,18],"killed_by":"Book of Stabbing","ascension_level":2}