{"gold_per_floor":[119,132,132,147,165,193,193,204,204,214,214,214,245,260,260,359,359,379,379,397,397,8,8,26,26,101,126,167,167,181,215,215,311,311,334,667,677,677,120,120,151,165,165,165,180,17,48,58,58,58,58],"floor_reached":52,"playtime":3918,"items_purged":["Injury"],"score":2028,"play_id":"c25bbe9f-727e-4d8e-a599-7659a4d74830","local_time":"20190518045201","is_ascension_mode":true,"campfire_choices":[{"data":"Noxious Fumes","floor":7.0,"key":"SMITH"},{"data":"Dagger Spray","floor":12.0,"key":"SMITH"},{"floor":15.0,"key":"REST"},{"floor":23.0,"key":"REST"},{"floor":29.0,"key":"REST"},{"floor":32.0,"key":"REST"},{"floor":40.0,"key":"REST"},{"floor":44.0,"key":"REST"},{"floor":49.0,"key":"REST"}],"neow_cost":"NONE","seed_source_timestamp":307055030941839,"circlet_count":0,"master_deck":["AscendersBane","Defend_G+1","Defend_G","Defend_G","Defend_G","Defend_G","Strike_G","Strike_G","Strike_G","Survivor+1","Neutralize+1","Sucker Punch","Poisoned Stab","Cloak And Dagger","Noxious Fumes+1","Dagger Throw","Dagger Spray+1","Wraith Form v2","Backflip","After Image","Acrobatics+1","Cloak And Dagger","PiercingWail","Caltrops","Footwork","Footwork","Cloak And Dagger+1","Backflip+1","Cloak And Dagger+1","Night Terror+1","Well Laid Plans","Blade Dance+1","Escape Plan+1","Leg Sweep+1","Backflip+1","Dodge and Roll+1","Backflip+1"],"special_seed":0,"relics":["Ring of the Snake","Question Card","Darkstone Periapt","Pen Nib","Fusion Hammer","Kunai","Paper Crane","Toxic Egg 2","Bottled Tornado","WristBlade","Shuriken","HandDrill","Letter Opener","War Paint","Oddly Smooth Stone","Mercury Hourglass"],"potions_floor_usage":[50,50],"damage_taken":[{"damage":0.0,"enemies":"2 Louse","floor":1.0,"turns":4.0},{"damage":0.0,"enemies":"Cultist","floor":2.0,"turns":4.0},{"damage":1.0,"enemies":"Jaw Worm","floor":4.0,"turns":4.0},{"damage":1.0,"enemies":"Blue Slaver","floor":5.0,"turns":5.0},{"damage":12.0,"enemies":"Lagavulin","floor":6.0,"turns":8.0},{"damage":8.0,"enemies":"Exordium Wildlife","floor":8.0,"turns":3.0},{"damage":0.0,"enemies":"Red Slaver","floor":10.0,"turns":3.0},{"damage":15.0,"enemies":"3 Sentries","floor":13.0,"turns":5.0},{"damage":7.0,"enemies":"Blue Slaver","floor":14.0,"turns":5.0},{"damage":13.0,"enemies":"Slime Boss","floor":16.0,"turns":7.0},{"damage":18.0,"enemies":"Spheric Guardian","floor":18.0,"turns":7.0},{"damage":7.0,"enemies":"Shell Parasite","floor":20.0,"turns":7.0},{"damage":22.0,"enemies":"Shelled Parasite and Fungi","floor":24.0,"turns":6.0},{"damage":12.0,"enemies":"Snake Plant","floor":27.0,"turns":7.0},{"damage":9.0,"enemies":"Slavers","floor":28.0,"turns":7.0},{"damage":0.0,"enemies":"Snecko","floor":30.0,"turns":8.0},{"damage":7.0,"enemies":"Book of Stabbing","floor":31.0,"turns":7.0},{"damage":9.0,"enemies":"Collector","floor":33.0,"turns":13.0},{"damage":7.0,"enemies":"3 Darklings","floor":35.0,"turns":7.0},{"damage":5.0,"enemies":"3 Shapes","floor":37.0,"turns":3.0},{"damage":18.0,"enemies":"Giant Head","floor":41.0,"turns":9.0},{"damage":2.0,"enemies":"Writhing Mass","floor":42.0,"turns":8.0},{"damage":0.0,"enemies":"Maw","floor":45.0,"turns":9.0},{"damage":10.0,"enemies":"Nemesis","floor":47.0,"turns":11.0},{"damage":6.0,"enemies":"Transient","floor":48.0,"turns":6.0},{"damage":0,"enemies":"Donu and Deca","floor":50,"turns":10},{"damage":20,"enemies":"Awakened One","floor":51,"turns":17}],"seed_played":"1897780043137930550","potions_obtained":[{"floor":5.0,"key":"Fire Potion"},{"floor":8.0,"key":"Fire Potion"},{"floor":10.0,"key":"LiquidBronze"},{"floor":14.0,"key":"PowerPotion"},{"floor":20.0,"key":"Energy Potion"},{"floor":24.0,"key":"Dexterity Potion"},{"floor":28.0,"key":"EssenceOfSteel"},{"floor":30.0,"key":"Ancient Potion"},{"floor":31.0,"key":"Fire Potion"},{"floor":33.0,"key":"Explosive Potion"},{"floor":35.0,"key":"SteroidPotion"},{"floor":42.0,"key":"SpeedPotion"}],"is_trial":false,"path_per_floor":["M","M","?","M","M","E","R","M","T","M","?","R","E","M","R","B",null,"M","?","M","?","$","R","M","$","T","M","E","R","M","E","R","B",null,"M","?","M","?","$","R","E","M","T","R","M","$","E","M","R","B","B",null],"character_chosen":"THE_SILENT","items_purchased":["Kunai","PiercingWail","Caltrops","Shuriken","HandDrill","Oddly Smooth Stone"],"campfire_rested":7,"item_purchase_floors":[22,22,22,39,39,46],"current_hp_per_floor":[59,59,59,58,57,45,45,37,37,37,43,43,28,21,42,29,61,43,43,36,50,50,71,49,49,49,37,28,49,49,42,63,54,68,61,61,56,56,56,72,54,52,52,72,72,72,62,56,72,72,52],"gold":58,"neow_bonus":"UPGRADE_CARD","is_prod":false,"is_daily":false,"chose_seed":false,"campfire_upgraded":2,"win_rate":0,"timestamp":1558169521,"path_taken":["M","M","?","M","M","E","R","?","T","M","?","R","E","M","R","BOSS","M","?","M","?","$","R","M","?","T","M","E","R","M","E","R","BOSS","M","?","M","?","$","R","E","M","T","R","M","$","E","M","R","BOSS","BOSS"],"build_version":"2019-01-23","purchased_purges":1,"victory":true,"max_hp_per_floor":[66,66,66,66,66,66,66,66,66,66,72,72,72,72,72,72,72,72,72,72,72,72,72,72,72,72,72,72,72,72,72,72,72,72,72,72,72,72,72,72,72,72,72,72,72,72,72,72,72,72,72],"card_choices":[{"not_picked":["Underhanded Strike","Deadly Poison"],"picked":"Sucker Punch","floor":1.0},{"not_picked":["Underhanded Strike","Dagger Throw"],"picked":"Poisoned Stab","floor":2.0},{"not_picked":["Blade Dance","Poisoned Stab"],"picked":"Cloak And Dagger","floor":4.0},{"not_picked":["Accuracy","Prepared"],"picked":"Noxious Fumes","floor":5.0},{"not_picked":["Prepared","Bane"],"picked":"Dagger Throw","floor":6.0},{"not_picked":["Flying Knee","Slice","Blade Dance"],"picked":"Dagger Spray","floor":8.0},{"not_picked":["Outmaneuver","Dagger Spray","Heel Hook","Expertise"],"picked":"SKIP","floor":10.0},{"not_picked":["Slice","Underhanded Strike","Skewer"],"picked":"Wraith Form v2","floor":13.0},{"not_picked":["Escape Plan","Endless Agony","Acrobatics"],"picked":"Backflip","floor":14.0},{"not_picked":["Glass Knife","Envenom","Venomology"],"picked":"After Image","floor":16.0},{"not_picked":["Underhanded Strike","Blur","Sucker Punch"],"picked":"Acrobatics+1","floor":18.0},{"not_picked":["Slice","Prepared","Bouncing Flask+1"],"picked":"Cloak And Dagger","floor":20.0},{"not_picked":["Slice","Poisoned Stab","Riddle With Holes"],"picked":"Footwork","floor":24.0},{"not_picked":["Dodge and Roll","Backflip","Malaise"],"picked":"Footwork","floor":27.0},{"not_picked":["All Out Attack","PiercingWail+1","Glass Knife"],"picked":"Cloak And Dagger","floor":28.0},{"not_picked":["Riddle With Holes","PiercingWail+1","Slice"],"picked":"Backflip+1","floor":30.0},{"not_picked":["Dash","Expertise+1","Riddle With Holes"],"picked":"Cloak And Dagger+1","floor":31.0},{"not_picked":["Unload","Phantasmal Killer+1","Bullet Time+1"],"picked":"Night Terror+1","floor":33.0},{"not_picked":["Quick Slash","Finisher","Sucker Punch"],"picked":"Well Laid Plans","floor":35.0},{"not_picked":["Deadly Poison+1","Dagger Spray","Bane+1"],"picked":"Blade Dance+1","floor":37.0},{"not_picked":["Dagger Spray","Bane","Caltrops"],"picked":"Leg Sweep+1","floor":41.0},{"not_picked":["Deadly Poison+1","Concentrate+1","Outmaneuver+1"],"picked":"Backflip+1","floor":42.0},{"not_picked":["Crippling Poison+1","Flechettes","Underhanded Strike+1"],"picked":"Dodge and Roll+1","floor":45.0},{"not_picked":["Bane+1","Endless Agony+1","Unload","Glass Knife"],"picked":"SKIP","floor":47.0},{"not_picked":["Underhanded Strike+1","Dagger Spray","Flechettes"],"picked":"Backflip+1","floor":48.0}],"player_experience":704121,"relics_obtained":[{"floor":6.0,"key":"Question Card"},{"floor":9.0,"key":"Darkstone Periapt"},{"floor":13.0,"key":"Pen Nib"},{"floor":26.0,"key":"Paper Crane"},{"floor":28.0,"key":"Toxic Egg 2"},{"floor":31.0,"key":"Bottled Tornado"},{"floor":41.0,"key":"Letter Opener"},{"floor":43.0,"key":"War Paint"},{"floor":47.0,"key":"Mercury Hourglass"}],"event_choices":[{"cards_removed":["Strike_G"],"damage_healed":0.0,"max_hp_gain":0.0,"max_hp_loss":0.0,"gold_gain":0.0,"event_name":"Bonfire Elementals","player_choice":"Offered Basic","floor":3.0,"gold_loss":0.0,"damage_taken":0.0},{"damage_healed":0.0,"max_hp_gain":0.0,"max_hp_loss":0.0,"gold_gain":0.0,"event_name":"Golden Idol","player_choice":"Take Wound","floor":11.0,"gold_loss":0.0,"damage_taken":0.0,"relics_obtained":["Golden Idol"],"cards_obtained":["Injury"]},{"damage_healed":0.0,"max_hp_gain":0.0,"max_hp_loss":0.0,"gold_gain":0.0,"event_name":"Cursed Tome","player_choice":"Ignored","floor":19.0,"gold_loss":0.0,"damage_taken":0.0},{"damage_healed":14.0,"max_hp_gain":0.0,"max_hp_loss":0.0,"gold_gain":0.0,"event_name":"The Library","player_choice":"Heal","floor":21.0,"gold_loss":0.0,"damage_taken":0.0},{"damage_healed":0.0,"max_hp_gain":0.0,"max_hp_loss":0.0,"gold_gain":333.0,"event_name":"The Moai Head","player_choice":"Gave Idol","floor":36.0,"relics_lost":["Golden Idol"],"gold_loss":0.0,"damage_taken":0.0},{"damage_healed":0.0,"max_hp_gain":0.0,"max_hp_loss":0.0,"gold_gain":0.0,"cards_transformed":["Strike_G"],"event_name":"Transmorgrifier","player_choice":"Transformed","floor":38.0,"gold_loss":0.0,"damage_taken":0.0,"cards_obtained":["Escape Plan"]}],"is_beta":false,"boss_relics":[{"not_picked":["White Beast Statue","Tiny House"],"picked":"Fusion Hammer"},{"not_picked":["Orrery","Lizard Tail"],"picked":"WristBlade"}],"items_purged_floors":[39],"is_endless":false,"potions_floor_spawned":[5,8,10,14,20,24,28,30,31,33,35,37,42,45,47],"ascension_level":20}