{"gold_per_floor":[116,41,41,55,69,23,23,55,55,87,100,112,112,132,132,204,204,216,216,65,65,65,65,98,98,98,98,98,113,66,86,86,86],"floor_reached":33,"playtime":1109,"items_purged":["Decay"],"score":565,"play_id":"9654e567-ec84-426b-9c03-402f0b101a55","local_time":"20190526005527","is_ascension_mode":true,"campfire_choices":[{"data":"Deadly Poison","floor":7,"key":"SMITH"},{"data":"Dash","floor":13,"key":"SMITH"},{"data":"Leg Sweep","floor":15,"key":"SMITH"},{"data":"Envenom","floor":23,"key":"SMITH"},{"data":"Noxious Fumes","floor":25,"key":"SMITH"},{"floor":32,"key":"REST"}],"neow_cost":"NONE","seed_source_timestamp":14513753747638,"circlet_count":0,"master_deck":["AscendersBane","Defend_G","Defend_G","Defend_G","Defend_G","Defend_G","Strike_G","Strike_G","Survivor","Neutralize+1","Blur","Bouncing Flask","Deflect","Deadly Poison+1","Backstab","Backstab","Dash+1","Leg Sweep+1","Envenom+1","Backflip","Backflip","Dodge and Roll","PiercingWail","Noxious Fumes+1","Heel Hook","Cloak And Dagger"],"special_seed":0,"relics":["Ring of the Snake","NeowsBlessing","Bottled Flame","Bag of Marbles","Mercury Hourglass","Empty Cage","Letter Opener","Shuriken","Enchiridion"],"potions_floor_usage":[10,12,33,33],"damage_taken":[{"damage":0.0,"enemies":"2 Louse","floor":1.0,"turns":1.0},{"damage":0,"enemies":"Small Slimes","floor":4,"turns":1},{"damage":0,"enemies":"Jaw Worm","floor":5,"turns":1},{"damage":10,"enemies":"Lagavulin","floor":8,"turns":6},{"damage":19,"enemies":"Gremlin Nob","floor":10,"turns":4},{"damage":0,"enemies":"Lots of Slimes","floor":11,"turns":3},{"damage":0,"enemies":"Exordium Wildlife","floor":12,"turns":1},{"damage":0,"enemies":"Large Slime","floor":14,"turns":4},{"damage":0,"enemies":"The Guardian","floor":16,"turns":11},{"damage":3,"enemies":"Chosen","floor":18,"turns":4},{"damage":24,"enemies":"Book of Stabbing","floor":24,"turns":8},{"damage":3,"enemies":"2 Thieves","floor":29,"turns":4},{"damage":0,"enemies":"Cultist and Chosen","floor":31,"turns":5},{"damage":37,"enemies":"Automaton","floor":33,"turns":6}],"seed_played":"8493943945983708250","potions_obtained":[{"floor":5,"key":"Swift Potion"},{"floor":8,"key":"Weak Potion"},{"floor":11,"key":"SneckoOil"},{"floor":12,"key":"Fruit Juice"},{"floor":14,"key":"FearPotion"},{"floor":24,"key":"Dexterity Potion"}],"is_trial":false,"path_per_floor":["M","?","?","M","M","$","R","E","T","E","M","M","R","M","R","B",null,"M","?","$","?","?","R","E","R","T","?","?","M","$","M","R","B"],"character_chosen":"THE_SILENT","items_purchased":["Deadly Poison","Backflip","Dodge and Roll","Cloak And Dagger"],"campfire_rested":1,"item_purchase_floors":[6,20,20,30],"current_hp_per_floor":[59,59,59,59,59,59,59,49,49,30,30,35,35,35,35,35,62,59,59,59,59,59,59,35,35,35,35,14,11,11,11,32,0],"gold":86,"neow_bonus":"THREE_ENEMY_KILL","is_prod":false,"is_daily":false,"chose_seed":false,"campfire_upgraded":5,"win_rate":0,"timestamp":1558824927,"path_taken":["M","?","?","?","M","?","R","E","T","E","M","M","R","M","R","BOSS","M","?","$","?","?","R","E","R","T","?","?","M","$","?","R","BOSS"],"build_version":"2019-01-23","purchased_purges":1,"victory":false,"max_hp_per_floor":[66,66,66,66,66,66,66,66,66,66,66,71,71,71,71,71,71,71,71,71,71,71,71,71,71,71,71,71,71,71,71,71,71],"card_choices":[{"not_picked":["Acrobatics","Underhanded Strike"],"picked":"Blur","floor":1.0},{"not_picked":["Prepared","Slice"],"picked":"Bouncing Flask","floor":4},{"not_picked":["Cloak And Dagger","Dagger Throw"],"picked":"Deflect","floor":5},{"not_picked":["Distraction","Dagger Throw"],"picked":"Backstab","floor":8},{"not_picked":["Storm of Steel","Acrobatics"],"picked":"Backstab","floor":10},{"not_picked":["Expertise","Bane"],"picked":"Dash","floor":11},{"not_picked":["Riddle With Holes","Flechettes","Underhanded Strike"],"picked":"SKIP","floor":12},{"not_picked":["Prepared","Sucker Punch"],"picked":"Leg Sweep","floor":14},{"not_picked":["Unload","Glass Knife"],"picked":"Envenom","floor":16},{"not_picked":["Poisoned Stab","Tactician"],"picked":"Backflip","floor":18},{"not_picked":["All Out Attack","Tactician"],"picked":"Noxious Fumes","floor":24},{"not_picked":["Prepared","Heel Hook","Underhanded Strike"],"picked":"SKIP","floor":29},{"not_picked":["Prepared","Underhanded Strike"],"picked":"Heel Hook","floor":29},{"not_picked":["Tactician","Concentrate","Acrobatics"],"picked":"SKIP","floor":31}],"player_experience":668898,"relics_obtained":[{"floor":8,"key":"Bottled Flame"},{"floor":9,"key":"Bag of Marbles"},{"floor":10,"key":"Mercury Hourglass"},{"floor":24,"key":"Letter Opener"},{"floor":26,"key":"Shuriken"},{"floor":28,"key":"Enchiridion"}],"event_choices":[{"cards_removed":["Strike_G"],"damage_healed":0.0,"max_hp_gain":0.0,"max_hp_loss":0.0,"gold_gain":0.0,"event_name":"The Cleric","player_choice":"Card Removal","floor":2.0,"gold_loss":75.0,"damage_taken":0.0},{"damage_healed":0.0,"max_hp_gain":0.0,"max_hp_loss":0.0,"gold_gain":0.0,"event_name":"Living Wall","player_choice":"Grow","floor":3.0,"gold_loss":0.0,"damage_taken":0.0,"cards_upgraded":["Neutralize"]},{"damage_healed":0,"gold_gain":0,"player_choice":"Smashed Altar","damage_taken":0,"max_hp_gain":0,"max_hp_loss":0,"event_name":"Forgotten Altar","floor":19,"gold_loss":0,"cards_obtained":["Decay"]},{"damage_healed":0,"gold_gain":0,"player_choice":"Read","damage_taken":0,"max_hp_gain":0,"max_hp_loss":0,"event_name":"The Library","floor":21,"gold_loss":0,"cards_obtained":["PiercingWail"]},{"damage_healed":0,"gold_gain":0,"player_choice":"Ignored","damage_taken":0,"max_hp_gain":0,"max_hp_loss":0,"event_name":"Beggar","floor":22,"gold_loss":0},{"damage_healed":0,"gold_gain":0,"player_choice":"Ignored","damage_taken":0,"max_hp_gain":0,"max_hp_loss":0,"event_name":"Ghosts","floor":27,"gold_loss":0},{"damage_healed":0,"gold_gain":0,"player_choice":"Obtained Book","damage_taken":21,"max_hp_gain":0,"max_hp_loss":0,"event_name":"Cursed Tome","floor":28,"gold_loss":0}],"is_beta":false,"boss_relics":[{"not_picked":["Eternal Feather","Busted Crown"],"picked":"Empty Cage"}],"items_purged_floors":[20],"is_endless":false,"potions_floor_spawned":[5,8,11,12,14,24],"killed_by":"Automaton","ascension_level":15}