{"gold_per_floor":[114,114,129,83,98,98,128,143,168,198,198,198,198,228,228,328,328,343,418,418,433,348,408,408,423,423,453,453,453,178,193,193,293,293,308,172,187,187,202,232,247,277,302,317,332,432,447,462,462,462],"floor_reached":50,"playtime":7456,"items_purged":["Pain","Shame"],"score":637,"play_id":"ed94d0e6-ef91-4dcb-8b09-4a5e0bb777e8","local_time":"20181230002837","daily_mods":["SealedDeck","Blue Cards","Elite Swarm"],"is_ascension_mode":false,"campfire_choices":[{"data":"Blood for Blood","floor":6.0,"key":"SMITH"},{"floor":11.0,"key":"REST"},{"floor":15,"key":"REST"},{"data":"Buffer","floor":24,"key":"SMITH"},{"floor":32,"key":"REST"},{"floor":49,"key":"REST"}],"neow_cost":"","seed_source_timestamp":0,"circlet_count":0,"master_deck":["Compile Driver","Conserve Battery","Tempest+1","Compile Driver","Doom and Gloom","Melter","Turbo","Undo","Compile Driver","Sweeping Beam","Blood for Blood+1","Berserk","Disarm+1","Buffer+1","Reboot","Echo Form","Steam Power+1","Injury","Pummel","Pommel Strike","Capacitor","All For One","Conserve Battery","Headbutt","All For One","Fusion+1","FTL","Flex","Fire Breathing","Dual Wield+1","Seek","Turbo","Meteor Strike","Writhe","Inflame+1","Flex+1","Brutality","Fire Breathing+1"],"special_seed":17894,"relics":["Burning Blood","CultistMask","Kunai","Juzu Bracelet","Mercury Hourglass","StoneCalendar","Cursed Key","Gremlin Horn","Smiling Mask","Tiny Chest","Pear","Lantern","Potion Belt","Fusion Hammer","Art of War","Bag of Preparation","Vajra","Champion Belt"],"potions_floor_usage":[23,27,31,33,47,50,50,50,50,50,50,50,50,50],"damage_taken":[{"damage":0.0,"enemies":"2 Louse","floor":1.0,"turns":2.0},{"damage":0.0,"enemies":"Cultist","floor":3.0,"turns":3.0},{"damage":8.0,"enemies":"Small Slimes","floor":5.0,"turns":2.0},{"damage":38.0,"enemies":"Gremlin Nob","floor":7.0,"turns":5.0},{"damage":10.0,"enemies":"Looter","floor":8.0,"turns":2.0},{"damage":25.0,"enemies":"Lagavulin","floor":10.0,"turns":4.0},{"damage":26,"enemies":"Gremlin Nob","floor":14,"turns":5},{"damage":19,"enemies":"Slime Boss","floor":16,"turns":7},{"damage":13,"enemies":"Shell Parasite","floor":18,"turns":4},{"damage":20,"enemies":"2 Thieves","floor":21,"turns":3},{"damage":11,"enemies":"Book of Stabbing","floor":23,"turns":4},{"damage":0,"enemies":"Sentry and Sphere","floor":25,"turns":3},{"damage":19,"enemies":"Slavers","floor":27,"turns":5},{"damage":20,"enemies":"Colosseum Slavers","floor":28,"turns":4},{"damage":3,"enemies":"Chosen and Byrds","floor":31,"turns":5},{"damage":46,"enemies":"Collector","floor":33,"turns":7},{"damage":0,"enemies":"Orb Walker","floor":35,"turns":4},{"damage":9,"enemies":"3 Darklings","floor":37,"turns":3},{"damage":10,"enemies":"Jaw Worm Horde","floor":39,"turns":3},{"damage":10,"enemies":"Giant Head","floor":40,"turns":4},{"damage":27,"enemies":"Spire Growth","floor":41,"turns":4},{"damage":0,"enemies":"Nemesis","floor":42,"turns":3},{"damage":21,"enemies":"Writhing Mass","floor":44,"turns":3},{"damage":5,"enemies":"Sphere and 2 Shapes","floor":45,"turns":2},{"damage":0,"enemies":"Mind Bloom Boss Battle","floor":46,"turns":3},{"damage":11,"enemies":"Jaw Worm Horde","floor":47,"turns":3},{"damage":0,"enemies":"Maw","floor":48,"turns":3},{"damage":101,"enemies":"Awakened One","floor":50,"turns":7}],"seed_played":"-4967362321938783181","potions_obtained":[{"floor":1.0,"key":"FearPotion"},{"floor":5.0,"key":"Fire Potion"},{"floor":8.0,"key":"GamblersBrew"},{"floor":31,"key":"Explosive Potion"},{"floor":33,"key":"SpeedPotion"},{"floor":35,"key":"Swift Potion"},{"floor":41,"key":"SteroidPotion"},{"floor":46,"key":"EntropicBrew"},{"floor":48,"key":"Explosive Potion"}],"is_trial":false,"path_per_floor":["M","?","M","$","M","R","E","M","T","E","R","?","?","E","R","B",null,"M","T","?","M","?","E","R","M","T","E","?","T","$","M","R","B",null,"M","$","M","?","M","E","M","E","T","M","M","?","M","M","R","B"],"character_chosen":"IRONCLAD","items_purchased":["Sweeping Beam","Potion Belt","Energy Potion","Conserve Battery","FTL","Flex"],"campfire_rested":4,"item_purchase_floors":[4,30,30,30,36,36],"current_hp_per_floor":[80,80,80,80,78,78,46,42,42,23,47,31,36,16,40,27,80,73,73,73,59,59,54,54,60,70,57,43,43,43,46,73,33,90,90,90,87,87,83,79,58,64,64,49,50,56,51,57,84,0],"gold":462,"neow_bonus":"","is_prod":false,"is_daily":true,"chose_seed":false,"campfire_upgraded":2,"win_rate":0.0,"timestamp":1546151317,"path_taken":["M","?","?","?","M","R","E","?","T","E","R","?","?","E","R","BOSS","M","?","?","M","?","E","R","M","T","E","?","?","$","M","R","BOSS","M","$","M","?","M","E","M","E","T","M","M","?","M","M","R","BOSS"],"build_version":"2018-12-20","purchased_purges":2,"victory":false,"max_hp_per_floor":[80,80,80,80,80,80,80,80,80,80,80,80,80,80,80,80,80,80,80,80,80,80,80,80,80,90,90,90,90,90,90,90,90,90,90,90,90,90,90,90,90,90,90,90,90,90,90,90,90,90],"card_choices":[{"not_picked":["Scrape","Go for the Eyes"],"picked":"Storm","floor":1.0},{"not_picked":["True Grit","Go for the Eyes"],"picked":"Evolve","floor":3.0},{"not_picked":["Darkness","Sentinel"],"picked":"Blood for Blood","floor":5.0},{"not_picked":["Offering","Juggernaut"],"picked":"Berserk","floor":7.0},{"not_picked":["Steam","Streamline"],"picked":"Disarm","floor":8.0},{"not_picked":["All For One","Demon Form"],"picked":"Buffer","floor":10.0},{"not_picked":["Limit Break","Juggernaut"],"picked":"Reboot","floor":14},{"not_picked":["Bludgeon","Offering"],"picked":"Echo Form","floor":16},{"not_picked":["Doom and Gloom","Barrage+1"],"picked":"Steam Power+1","floor":18},{"not_picked":["Perfected Strike","Scrape+1","Pommel Strike"],"picked":"SKIP","floor":21},{"not_picked":["Echo Form","Juggernaut","Amplify"],"picked":"SKIP","floor":23},{"not_picked":["Wild Strike","Compile Driver"],"picked":"Capacitor","floor":25},{"not_picked":["Multi-Cast","Meteor Strike"],"picked":"All For One","floor":27},{"not_picked":["Undo","Armaments"],"picked":"Headbutt","floor":31},{"not_picked":["Biased Cognition","Meteor Strike"],"picked":"All For One","floor":33},{"not_picked":["Sword Boomerang+1","BootSequence+1"],"picked":"Fusion+1","floor":35},{"not_picked":["Recycle","Ghostly Armor+1"],"picked":"Fire Breathing","floor":37},{"not_picked":["Wild Strike","Clothesline"],"picked":"Dual Wield+1","floor":39},{"not_picked":["Reaper","Biased Cognition"],"picked":"Seek","floor":40},{"not_picked":["Conserve Battery+1","Twin Strike+1"],"picked":"Turbo","floor":41},{"not_picked":["Berserk","Electrodynamics"],"picked":"Meteor Strike","floor":42},{"not_picked":["Rebound","Go for the Eyes"],"picked":"Inflame+1","floor":44},{"not_picked":["Armaments","Havoc"],"picked":"Flex+1","floor":45},{"not_picked":["Perfected Strike+1","Heavy Blade"],"picked":"Brutality","floor":46},{"not_picked":["Wild Strike","Redo","Heatsinks"],"picked":"SKIP","floor":47},{"not_picked":["Anger+1","Blood for Blood+1"],"picked":"Fire Breathing+1","floor":48}],"player_experience":20558,"relics_obtained":[{"floor":7.0,"key":"Kunai"},{"floor":9.0,"key":"Juzu Bracelet"},{"floor":10.0,"key":"Mercury Hourglass"},{"floor":14,"key":"StoneCalendar"},{"floor":19,"key":"Gremlin Horn"},{"floor":23,"key":"Tiny Chest"},{"floor":26,"key":"Pear"},{"floor":27,"key":"Lantern"},{"floor":40,"key":"Art of War"},{"floor":42,"key":"Bag of Preparation"},{"floor":43,"key":"Vajra"},{"floor":46,"key":"Champion Belt"}],"event_choices":[{"damage_healed":0.0,"max_hp_gain":0.0,"max_hp_loss":0.0,"gold_gain":0.0,"event_name":"FaceTrader","player_choice":"Trade","floor":2.0,"gold_loss":0.0,"damage_taken":0.0,"relics_obtained":["CultistMask"]},{"damage_healed":0.0,"max_hp_gain":0.0,"max_hp_loss":0.0,"gold_gain":0.0,"event_name":"Shining Light","player_choice":"Entered Light","floor":12.0,"gold_loss":0.0,"damage_taken":16.0,"cards_upgraded":["Tempest","Disarm"]},{"cards_removed":["Redo"],"damage_healed":5,"gold_gain":0,"player_choice":"Offered Common","damage_taken":0,"max_hp_gain":0,"max_hp_loss":0,"event_name":"Bonfire Elementals","floor":13,"gold_loss":0},{"cards_removed":["Redo"],"damage_healed":5,"gold_gain":0,"player_choice":"Offered Special","damage_taken":0,"max_hp_gain":0,"max_hp_loss":0,"event_name":"Bonfire Elementals","floor":13,"gold_loss":0},{"damage_healed":0,"gold_gain":0,"cards_transformed":["Evolve","Storm"],"player_choice":"Became Test Subject","damage_taken":0,"max_hp_gain":0,"max_hp_loss":0,"event_name":"Drug Dealer","floor":20,"gold_loss":0,"cards_obtained":["Pummel","Pommel Strike"]},{"damage_healed":0,"gold_gain":0,"player_choice":"Obtained Relic","damage_taken":0,"relics_obtained":["Smiling Mask"],"max_hp_gain":0,"max_hp_loss":0,"event_name":"Addict","floor":22,"gold_loss":85},{"damage_healed":0,"gold_gain":0,"player_choice":"Fight","damage_taken":0,"max_hp_gain":0,"max_hp_loss":0,"event_name":"Colosseum","floor":28,"gold_loss":0},{"damage_healed":0,"gold_gain":0,"player_choice":"Fled From Nobs","damage_taken":0,"max_hp_gain":0,"max_hp_loss":0,"event_name":"Colosseum","floor":28,"gold_loss":0},{"damage_healed":0,"gold_gain":0,"player_choice":"Ignored","damage_taken":0,"max_hp_gain":0,"max_hp_loss":0,"event_name":"Mysterious Sphere","floor":38,"gold_loss":0},{"damage_healed":0,"gold_gain":0,"player_choice":"Fight","damage_taken":0,"max_hp_gain":0,"max_hp_loss":0,"event_name":"MindBloom","floor":46,"gold_loss":0}],"is_beta":false,"boss_relics":[{"not_picked":["Busted Crown","Calling Bell"],"picked":"Cursed Key"},{"not_picked":["Mark of Pain","Snecko Eye"],"picked":"Fusion Hammer"}],"items_purged_floors":[30,36],"is_endless":false,"potions_floor_spawned":[1,5,8,10,14,18,31,33,35,41,46,48],"killed_by":"Awakened One","ascension_level":0}