{"gold_per_floor":[111,127,202,377,377,405,424,436,436,436,470,470,488,508,508,612,612,627,639,639],"floor_reached":20,"playtime":875,"items_purged":[],"score":232,"play_id":"0b96620a-058a-44bb-939e-6875d9cc79a2","local_time":"20190503173311","is_ascension_mode":true,"campfire_choices":[{"data":"Body Slam","floor":10,"key":"SMITH"},{"floor":12,"key":"DIG"},{"floor":15,"key":"DIG"}],"neow_cost":"NONE","seed_source_timestamp":66080218479899,"circlet_count":0,"master_deck":["Strike_R","Strike_R","Strike_R","Strike_R","Strike_R","Defend_R","Defend_R","Defend_R","Defend_R","Bash","Clash","Body Slam","Doubt","Immolate","Cleave","Body Slam+1","Battle Trance","Shrug It Off","Feed"],"relics":["Burning Blood","NeowsBlessing","Potion Belt","Kunai","Shovel","Question Card","Blue Candle","White Beast Statue"],"potions_floor_usage":[16,16,16,19,20,20],"damage_taken":[{"damage":0,"enemies":"2 Louse","floor":1,"turns":1},{"damage":0,"enemies":"Jaw Worm","floor":2,"turns":1},{"damage":0,"enemies":"Gremlin Nob","floor":6,"turns":1},{"damage":0,"enemies":"Small Slimes","floor":7,"turns":3},{"damage":0,"enemies":"Gremlin Gang","floor":8,"turns":3},{"damage":17,"enemies":"3 Sentries","floor":11,"turns":4},{"damage":15,"enemies":"Lots of Slimes","floor":13,"turns":3},{"damage":20,"enemies":"Exordium Wildlife","floor":14,"turns":4},{"damage":65,"enemies":"Slime Boss","floor":16,"turns":16},{"damage":23,"enemies":"Spheric Guardian","floor":18,"turns":4},{"damage":29,"enemies":"2 Thieves","floor":19,"turns":4},{"damage":52,"enemies":"Chosen and Byrds","floor":20,"turns":6}],"seed_played":"5278040297847032261","potions_obtained":[{"floor":6,"key":"PowerPotion"},{"floor":7,"key":"BloodPotion"},{"floor":11,"key":"Dexterity Potion"},{"floor":13,"key":"Regen Potion"},{"floor":18,"key":"SkillPotion"},{"floor":19,"key":"PowerPotion"}],"is_trial":false,"path_per_floor":["M","M","?","?","?","E","M","M","T","R","E","R","M","M","R","B",null,"M","M","M"],"character_chosen":"IRONCLAD","items_purchased":[],"campfire_rested":0,"item_purchase_floors":[],"current_hp_per_floor":[80,80,69,69,69,75,80,80,80,80,69,69,60,46,46,10,80,63,40,0],"gold":639,"neow_bonus":"THREE_ENEMY_KILL","is_prod":false,"is_daily":false,"chose_seed":false,"campfire_upgraded":1,"win_rate":0,"timestamp":1556922791,"path_taken":["M","M","?","?","?","E","M","?","T","R","E","R","M","M","R","BOSS","M","M","M"],"build_version":"2019-01-23","purchased_purges":0,"victory":false,"max_hp_per_floor":[80,80,80,80,80,80,80,80,80,80,80,80,80,80,80,80,80,80,80,83],"card_choices":[{"not_picked":["Body Slam","Dropkick"],"picked":"Clash","floor":1},{"not_picked":["Intimidate","Reckless Charge"],"picked":"Body Slam","floor":2},{"not_picked":["Impervious","Disarm"],"picked":"Cleave","floor":6},{"not_picked":["Carnage","Thunderclap"],"picked":"Body Slam","floor":7},{"not_picked":["Searing Blow","Clothesline","Thunderclap"],"picked":"SKIP","floor":8},{"not_picked":["Headbutt","Immolate"],"picked":"Battle Trance","floor":11},{"not_picked":["Power Through","Armaments","Havoc","Iron Wave"],"picked":"SKIP","floor":13},{"not_picked":["Dropkick","Twin Strike","Armaments"],"picked":"Shrug It Off","floor":14},{"not_picked":["Fiend Fire","Dark Embrace","Impervious"],"picked":"Feed","floor":16},{"not_picked":["Uppercut","Twin Strike","Wild Strike","Iron Wave"],"picked":"SKIP","floor":18},{"not_picked":["Shockwave","Flex","Fire Breathing","Pommel Strike"],"picked":"SKIP","floor":19}],"player_experience":183956,"relics_obtained":[{"floor":6,"key":"Potion Belt"},{"floor":9,"key":"Kunai"},{"floor":11,"key":"Shovel"},{"floor":12,"key":"Question Card"},{"floor":15,"key":"Blue Candle"}],"event_choices":[{"damage_healed":0,"gold_gain":75,"player_choice":"Gather Gold","damage_taken":11,"max_hp_gain":0,"max_hp_loss":0,"event_name":"World of Goop","floor":3,"gold_loss":0},{"damage_healed":0,"gold_gain":175,"player_choice":"AGREE","damage_taken":0,"max_hp_gain":0,"max_hp_loss":0,"event_name":"Liars Game","floor":4,"gold_loss":0,"cards_obtained":["Doubt"]},{"damage_healed":0,"gold_gain":0,"player_choice":"1 cards matched","damage_taken":0,"max_hp_gain":0,"max_hp_loss":0,"event_name":"Match and Keep!","floor":5,"gold_loss":0,"cards_obtained":["Immolate"]}],"is_beta":false,"boss_relics":[{"not_picked":["Astrolabe","Snecko Eye"],"picked":"White Beast Statue"}],"items_purged_floors":[],"is_endless":false,"potions_floor_spawned":[6,7,11,13,18,19],"killed_by":"Chosen and Byrds","ascension_level":2}