{"gold_per_floor":[114,36,56,56,72,99,99,132,132,166,91,108,108,122,122,211,211,227,245,170,170,96,135,135,135],"floor_reached":25,"playtime":1223,"items_purged":["Strike_R"],"score":442,"play_id":"86ce788e-0681-4e9e-b42f-b8b7acd7dd33","local_time":"20190509182100","is_ascension_mode":true,"campfire_choices":[{"data":"Armaments","floor":7.0,"key":"SMITH"},{"floor":15.0,"key":"REST"},{"data":"Corruption","floor":24,"key":"SMITH"}],"neow_cost":"NONE","seed_source_timestamp":432971618396365,"circlet_count":0,"master_deck":["AscendersBane","Strike_R","Strike_R","Strike_R","Defend_R","Defend_R","Defend_R","Defend_R","Bash+1","Iron Wave","Inflame","Whirlwind","Shrug It Off","Armaments+1","Spot Weakness","Shrug It Off","Uppercut","Seeing Red","Double Tap","Corruption+1","True Grit","Spot Weakness","Battle Trance"],"special_seed":0,"relics":["Burning Blood","NeowsBlessing","Darkstone Periapt","Incense Burner","Champion Belt","Ginger","Golden Idol","Mark of Pain","Letter Opener"],"potions_floor_usage":[23],"damage_taken":[{"damage":0.0,"enemies":"Cultist","floor":1.0,"turns":1.0},{"damage":0.0,"enemies":"Small Slimes","floor":3.0,"turns":1.0},{"damage":0.0,"enemies":"2 Louse","floor":5.0,"turns":1.0},{"damage":25.0,"enemies":"3 Sentries","floor":6.0,"turns":5.0},{"damage":27.0,"enemies":"Gremlin Nob","floor":8.0,"turns":5.0},{"damage":22.0,"enemies":"3 Sentries","floor":10.0,"turns":10.0},{"damage":10.0,"enemies":"Exordium Wildlife","floor":12.0,"turns":5.0},{"damage":0.0,"enemies":"2 Fungi Beasts","floor":14.0,"turns":4.0},{"damage":33.0,"enemies":"Slime Boss","floor":16.0,"turns":10.0},{"damage":0.0,"enemies":"Chosen","floor":18.0,"turns":3.0},{"damage":9.0,"enemies":"3 Byrds","floor":19.0,"turns":8.0},{"damage":16,"enemies":"Book of Stabbing","floor":23,"turns":5},{"damage":48,"enemies":"Slavers","floor":25,"turns":5}],"seed_played":"2534757094602108014","potions_obtained":[{"floor":8.0,"key":"LiquidBronze"},{"floor":12.0,"key":"LiquidBronze"},{"floor":19.0,"key":"SteroidPotion"}],"is_trial":false,"path_per_floor":["M","$","M","?","M","E","R","E","T","E","$","M","?","M","R","B",null,"M","M","?","?","$","E","R","E"],"character_chosen":"IRONCLAD","items_purchased":["Inflame","Spot Weakness"],"campfire_rested":1,"item_purchase_floors":[2,22],"current_hp_per_floor":[74,74,75,75,75,56,56,35,35,19,19,15,15,21,41,14,55,61,58,58,58,58,48,48,0],"gold":135,"neow_bonus":"THREE_ENEMY_KILL","is_prod":false,"is_daily":false,"chose_seed":false,"campfire_upgraded":2,"win_rate":0,"timestamp":1557440460,"path_taken":["M","$","?","?","?","E","R","E","T","E","$","M","?","M","R","BOSS","M","M","?","?","$","E","R","E"],"build_version":"2019-01-23","purchased_purges":1,"victory":false,"max_hp_per_floor":[75,75,75,75,75,75,75,75,75,75,75,75,68,68,68,68,68,68,68,68,68,68,68,68,68],"card_choices":[{"not_picked":["Clash","Cleave"],"picked":"Iron Wave","floor":1.0},{"not_picked":["Body Slam","Twin Strike"],"picked":"Whirlwind","floor":3.0},{"not_picked":["Corruption","Clothesline"],"picked":"Shrug It Off","floor":5.0},{"not_picked":["Battle Trance","Iron Wave"],"picked":"Armaments","floor":6.0},{"not_picked":["Wild Strike","Iron Wave"],"picked":"Spot Weakness","floor":8.0},{"not_picked":["Sword Boomerang","Feel No Pain"],"picked":"Shrug It Off","floor":10.0},{"not_picked":["Offering","Blood for Blood"],"picked":"Uppercut","floor":12.0},{"not_picked":["True Grit","Twin Strike"],"picked":"Seeing Red","floor":14.0},{"not_picked":["Impervious","Exhume"],"picked":"Double Tap","floor":16.0},{"not_picked":["Body Slam","Warcry"],"picked":"Corruption","floor":18.0},{"not_picked":["Entrench","Thunderclap"],"picked":"True Grit","floor":19.0},{"not_picked":["Clash","Second Wind"],"picked":"Battle Trance","floor":23}],"player_experience":469878,"relics_obtained":[{"floor":6.0,"key":"Darkstone Periapt"},{"floor":8.0,"key":"Incense Burner"},{"floor":9.0,"key":"Champion Belt"},{"floor":10.0,"key":"Ginger"},{"floor":23,"key":"Letter Opener"}],"event_choices":[{"damage_healed":0.0,"max_hp_gain":0.0,"max_hp_loss":0.0,"gold_gain":0.0,"event_name":"Upgrade Shrine","player_choice":"Upgraded","floor":4.0,"gold_loss":0.0,"damage_taken":0.0,"cards_upgraded":["Bash"]},{"damage_healed":0.0,"max_hp_gain":0.0,"max_hp_loss":7.0,"gold_gain":0.0,"event_name":"Golden Idol","player_choice":"Lose Max HP","floor":13.0,"gold_loss":0.0,"damage_taken":0.0,"relics_obtained":["Golden Idol"]},{"cards_removed":["Strike_R"],"damage_healed":0.0,"max_hp_gain":0.0,"max_hp_loss":0.0,"gold_gain":0.0,"event_name":"Beggar","player_choice":"Gave Gold","floor":20.0,"gold_loss":75.0,"damage_taken":0.0},{"damage_healed":0.0,"max_hp_gain":0.0,"max_hp_loss":0.0,"gold_gain":0.0,"event_name":"Ghosts","player_choice":"Ignored","floor":21.0,"gold_loss":0.0,"damage_taken":0.0}],"is_beta":false,"boss_relics":[{"not_picked":["Empty Cage","Philosopher\u0027s Stone"],"picked":"Mark of Pain"}],"items_purged_floors":[11],"is_endless":false,"potions_floor_spawned":[8,12,14,19],"killed_by":"Slavers","ascension_level":17}