{"gold_per_floor":[209,221,221,236,236,268,268,287,287,320,351,363,83,95,95,197,197,208,208,224,224,241,241,258,269,341,341,341,3,3,3,3,3],"floor_reached":33,"playtime":2278,"items_purged":[],"score":333,"play_id":"4b9055be-cd32-4a63-80cd-ad778cd20990","local_time":"20181112182144","is_ascension_mode":true,"campfire_choices":[{"data":"True Grit","floor":7,"key":"SMITH"},{"floor":15,"key":"REST"},{"data":"Armaments","floor":23,"key":"SMITH"},{"data":"Clothesline","floor":28,"key":"SMITH"},{"data":"Bash","floor":30,"key":"SMITH"},{"data":"Ghostly Armor","floor":32,"key":"SMITH"}],"neow_cost":"NONE","seed_source_timestamp":498119140792940,"circlet_count":0,"master_deck":["Defend_R","Defend_R","Defend_R","Defend_R","Bash+1","Iron Wave+1","Clothesline+1","Ghostly Armor+1","True Grit+1","Clothesline+1","Flex","Armaments+1","Twin Strike","Feed","Bite","Bite","Bite","Bite","Bite","Hemokinesis","Cleave","Anger"],"relics":["Burning Blood","Oddly Smooth Stone","Pantograph","Happy Flower","MawBank","Bag of Marbles","Coffee Dripper","Bottled Lightning","Paper Frog"],"potions_floor_usage":[6,10,10,14,16,16,29,33,33],"damage_taken":[{"damage":7,"enemies":"Jaw Worm","floor":1,"turns":3},{"damage":6,"enemies":"Cultist","floor":2,"turns":4},{"damage":1,"enemies":"2 Louse","floor":4,"turns":3},{"damage":3,"enemies":"Gremlin Nob","floor":6,"turns":4},{"damage":9,"enemies":"Exordium Wildlife","floor":8,"turns":4},{"damage":15,"enemies":"Lagavulin","floor":10,"turns":6},{"damage":3,"enemies":"Blue Slaver","floor":11,"turns":4},{"damage":9,"enemies":"Gremlin Gang","floor":14,"turns":4},{"damage":8,"enemies":"Slime Boss","floor":16,"turns":9},{"damage":3,"enemies":"Shell Parasite","floor":18,"turns":5},{"damage":1,"enemies":"3 Byrds","floor":20,"turns":6},{"damage":21,"enemies":"Centurion and Healer","floor":22,"turns":6},{"damage":40,"enemies":"Sentry and Sphere","floor":24,"turns":6},{"damage":7,"enemies":"Snecko","floor":25,"turns":4},{"damage":101,"enemies":"Champ","floor":33,"turns":11}],"seed_played":"-5939614932549263305","potions_obtained":[{"floor":2,"key":"FearPotion"},{"floor":4,"key":"AttackPotion"},{"floor":6,"key":"SteroidPotion"},{"floor":10,"key":"Strength Potion"},{"floor":18,"key":"Dexterity Potion"},{"floor":24,"key":"Block Potion"}],"is_trial":false,"path_per_floor":["M","M","?","M","?","E","R","M","T","E","M","?","$","M","R","B",null,"M","?","M","$","M","R","M","M","T","?","R","$","R","$","R","B"],"character_chosen":"IRONCLAD","items_purchased":["Bag of Marbles","Armaments","Fire Potion","Explosive Potion","Paper Frog","Fruit Juice"],"campfire_rested":1,"item_purchase_floors":[13,13,13,13,29,29],"current_hp_per_floor":[79,79,67,72,72,75,75,72,72,63,66,50,50,47,71,78,80,80,56,59,59,53,53,37,47,47,47,47,52,52,52,52,0],"gold":3,"neow_bonus":"HUNDRED_GOLD","is_prod":false,"is_daily":false,"chose_seed":false,"campfire_upgraded":5,"win_rate":0,"timestamp":1542064904,"path_taken":["M","M","?","M","?","E","R","M","T","E","?","?","$","M","R","BOSS","M","?","M","$","M","R","M","M","T","?","R","?","R","?","R","BOSS"],"build_version":"2018-11-08","purchased_purges":0,"victory":false,"max_hp_per_floor":[80,80,80,80,80,80,80,80,80,80,80,80,80,80,80,80,80,80,56,59,59,59,59,59,59,59,59,59,64,64,64,64,64],"card_choices":[{"not_picked":["Perfected Strike","Dropkick"],"picked":"Iron Wave","floor":1},{"not_picked":["Headbutt","Carnage"],"picked":"Clothesline","floor":2},{"not_picked":["Clothesline","Reckless Charge"],"picked":"Ghostly Armor","floor":4},{"not_picked":["Juggernaut","Clothesline"],"picked":"True Grit","floor":6},{"not_picked":["Perfected Strike","Warcry"],"picked":"Clothesline","floor":8},{"not_picked":["Clash","Perfected Strike"],"picked":"Flex","floor":10},{"not_picked":["Entrench","Corruption","True Grit"],"picked":"SKIP","floor":11},{"not_picked":["Corruption","True Grit"],"picked":"Twin Strike","floor":14},{"not_picked":["Brutality","Reaper"],"picked":"Feed","floor":16},{"not_picked":["Sword Boomerang","Wild Strike+1","Heavy Blade"],"picked":"SKIP","floor":18},{"not_picked":["Blood for Blood","Havoc"],"picked":"Hemokinesis","floor":20},{"not_picked":["Brutality","Inflame+1"],"picked":"Cleave","floor":22},{"not_picked":["Sentinel","Second Wind"],"picked":"Anger","floor":24},{"not_picked":["Carnage","Sword Boomerang+1","Warcry+1"],"picked":"SKIP","floor":25}],"player_experience":144315,"relics_obtained":[{"floor":6,"key":"Pantograph"},{"floor":9,"key":"Happy Flower"},{"floor":10,"key":"MawBank"},{"floor":26,"key":"Bottled Lightning"}],"event_choices":[{"damage_healed":0,"gold_gain":0,"player_choice":"Success","damage_taken":12,"relics_obtained":["Oddly Smooth Stone"],"max_hp_gain":0,"max_hp_loss":0,"event_name":"Scrap Ooze","floor":3,"gold_loss":0},{"damage_healed":0,"gold_gain":0,"player_choice":"Forge","damage_taken":0,"max_hp_gain":0,"max_hp_loss":0,"event_name":"Accursed Blacksmith","floor":5,"gold_loss":0,"cards_upgraded":["Clothesline"]},{"damage_healed":0,"gold_gain":0,"player_choice":"Entered Light","damage_taken":16,"max_hp_gain":0,"max_hp_loss":0,"event_name":"Shining Light","floor":12,"gold_loss":0,"cards_upgraded":["Iron Wave","Strike_R"]},{"damage_healed":0,"gold_gain":0,"player_choice":"Became a vampire","damage_taken":0,"max_hp_gain":0,"max_hp_loss":24,"event_name":"Vampires","floor":19,"gold_loss":0,"cards_obtained":["Bite","Bite","Bite","Bite","Bite"]},{"damage_healed":0,"gold_gain":0,"player_choice":"Ignored","damage_taken":0,"max_hp_gain":0,"max_hp_loss":0,"event_name":"Beggar","floor":27,"gold_loss":0}],"is_beta":false,"boss_relics":[{"not_picked":["Orrery","Tiny House"],"picked":"Coffee Dripper"}],"items_purged_floors":[],"is_endless":false,"potions_floor_spawned":[2,4,6,10,18,24],"killed_by":"Champ","ascension_level":4}