{"gold_per_floor":[110,60,60,73,73,105,105,130,153,167,187,187,203,215,215,311,311,321,321,333,258,258,258,258],"floor_reached":24,"playtime":9170,"items_purged":["Decay"],"score":370,"play_id":"8d87b3b9-e1c1-4963-ab0f-39ec34be897c","local_time":"20190503215723","is_ascension_mode":true,"campfire_choices":[{"data":"Neutralize","floor":7,"key":"SMITH"},{"data":"Finisher","floor":12,"key":"SMITH"},{"data":"Backflip","floor":15,"key":"SMITH"},{"floor":23,"key":"REST"}],"neow_cost":"NONE","seed_source_timestamp":5121137028743076,"circlet_count":0,"master_deck":["AscendersBane","Defend_G","Defend_G","Defend_G","Defend_G","Defend_G","Strike_G","Strike_G","Strike_G","Survivor","Neutralize+1","Finisher+1","Poisoned Stab","Backflip+1","Blade Dance","Slice","PiercingWail","Caltrops","Adrenaline","Predator","Dagger Spray"],"relics":["Ring of the Snake","NeowsBlessing","Strawberry","Lantern","Eternal Feather","Nloth\u0027s Gift"],"potions_floor_usage":[8,8,16],"damage_taken":[{"damage":0,"enemies":"Jaw Worm","floor":1,"turns":1},{"damage":0,"enemies":"Small Slimes","floor":4,"turns":1},{"damage":0,"enemies":"Lagavulin","floor":6,"turns":1},{"damage":4,"enemies":"3 Sentries","floor":8,"turns":7},{"damage":5,"enemies":"2 Louse","floor":10,"turns":3},{"damage":7,"enemies":"Exordium Wildlife","floor":11,"turns":5},{"damage":0,"enemies":"2 Fungi Beasts","floor":13,"turns":2},{"damage":0,"enemies":"3 Louse","floor":14,"turns":2},{"damage":2,"enemies":"The Guardian","floor":16,"turns":16},{"damage":52,"enemies":"Chosen","floor":18,"turns":10},{"damage":3,"enemies":"3 Byrds","floor":20,"turns":4},{"damage":49,"enemies":"Snecko","floor":24,"turns":6}],"seed_played":"-3375019416098104088","potions_obtained":[{"floor":1,"key":"Explosive Potion"},{"floor":6,"key":"Explosive Potion"},{"floor":11,"key":"FairyPotion"},{"floor":14,"key":"Energy Potion"}],"is_trial":false,"path_per_floor":["M","?","?","M","?","E","R","E","T","M","M","R","M","M","R","B",null,"M","?","M","$","?","R","M"],"character_chosen":"THE_SILENT","items_purchased":[],"campfire_rested":1,"item_purchase_floors":[],"current_hp_per_floor":[63,63,56,56,61,61,61,64,64,59,52,52,52,52,52,50,74,22,22,19,19,19,55,6],"gold":258,"neow_bonus":"THREE_ENEMY_KILL","is_prod":false,"is_daily":false,"chose_seed":false,"campfire_upgraded":3,"win_rate":0,"timestamp":1556935043,"path_taken":["M","?","?","M","?","E","R","E","T","M","?","R","M","M","R","BOSS","M","?","M","$","?","R","?"],"build_version":"2019-01-23","purchased_purges":1,"victory":false,"max_hp_per_floor":[70,70,70,70,75,75,75,82,82,82,82,82,82,82,82,82,82,82,82,82,82,82,82,82],"card_choices":[{"not_picked":["Deflect","Prepared"],"picked":"Finisher","floor":1},{"not_picked":["Dodge and Roll","Quick Slash"],"picked":"Poisoned Stab","floor":4},{"not_picked":["Concentrate","Heel Hook"],"picked":"Backflip","floor":6},{"not_picked":["Storm of Steel","Backflip"],"picked":"Blade Dance","floor":8},{"not_picked":["Bane","Bouncing Flask"],"picked":"Slice","floor":10},{"not_picked":["Poisoned Stab","Dagger Throw"],"picked":"PiercingWail","floor":11},{"not_picked":["Flying Knee","Poisoned Stab"],"picked":"Caltrops","floor":13},{"not_picked":["Quick Slash","Bane","Deadly Poison"],"picked":"SKIP","floor":14},{"not_picked":["Phantasmal Killer","Night Terror"],"picked":"Adrenaline","floor":16},{"not_picked":["Masterful Stab","Deflect"],"picked":"Predator","floor":18},{"not_picked":["Flying Knee","Dagger Throw"],"picked":"Dagger Spray","floor":20}],"player_experience":278662,"relics_obtained":[{"floor":6,"key":"Dream Catcher"},{"floor":8,"key":"Strawberry"},{"floor":9,"key":"Lantern"}],"event_choices":[{"cards_removed":["Strike_G"],"damage_healed":0,"gold_gain":0,"player_choice":"Card Removal","damage_taken":0,"max_hp_gain":0,"max_hp_loss":0,"event_name":"The Cleric","floor":2,"gold_loss":50},{"cards_removed":["Strike_G"],"damage_healed":0,"gold_gain":0,"player_choice":"Card Removal","damage_taken":7,"max_hp_gain":0,"max_hp_loss":0,"event_name":"Golden Wing","floor":3,"gold_loss":0},{"damage_healed":0,"gold_gain":0,"player_choice":"Donut","damage_taken":0,"max_hp_gain":5,"max_hp_loss":0,"event_name":"Big Fish","floor":5,"gold_loss":0},{"damage_healed":0,"gold_gain":0,"player_choice":"Smashed Altar","damage_taken":0,"max_hp_gain":0,"max_hp_loss":0,"event_name":"Forgotten Altar","floor":19,"gold_loss":0,"cards_obtained":["Decay"]},{"damage_healed":0,"gold_gain":0,"player_choice":"Traded Relic","damage_taken":0,"relics_obtained":["Nloth\u0027s Gift"],"max_hp_gain":0,"max_hp_loss":0,"event_name":"N\u0027loth","floor":22,"relics_lost":["Dream Catcher"],"gold_loss":0}],"is_beta":false,"boss_relics":[{"not_picked":["Philosopher\u0027s Stone","Calling Bell"],"picked":"Eternal Feather"}],"items_purged_floors":[21],"is_endless":false,"potions_floor_spawned":[1,6,11,14],"killed_by":"Snecko","ascension_level":12}