{"path_per_floor":["M","M","M","$","M","E","M","E","T","R","?","R","M","T","R","B",null,"M","$","M","?","M","R","E","M","T","R","M","M","R","$","R","B",null,"M","M","$","T","?","E","R","E","T","E","R","M","T","?","R","B"],"character_chosen":"THE_SILENT","items_purchased":["Escape Plan","Panache","Finesse","Apotheosis","Poison Potion","Panache"],"gold_per_floor":[117,132,143,32,49,110,126,159,183,183,183,183,206,229,229,350,350,364,74,87,87,108,108,141,156,207,207,231,251,251,74,74,202,202,218,243,3,3,0,40,40,83,83,122,122,141,141,141,141,141],"floor_reached":51,"campfire_rested":4,"playtime":6024,"current_hp_per_floor":[61,61,61,61,61,37,37,29,29,29,14,47,48,55,55,12,70,67,67,69,56,44,44,14,12,12,49,36,21,58,58,58,27,75,73,74,74,74,74,46,75,57,57,46,46,27,27,66,66,30],"items_purged":["Strike_G"],"gold":141,"score":618,"play_id":"08650b3e-a7d1-4169-a333-c7e4dc256418","is_prod":false,"is_daily":false,"is_ascension_mode":true,"campfire_upgraded":4,"path_taken":["M","?","M","$","M","E","M","E","T","R","?","R","?","?","R","BOSS","M","$","M","?","M","R","E","M","T","R","M","M","R","$","R","BOSS","M","M","$","?","?","E","R","E","T","E","R","?","?","?","R","BOSS"],"build_version":"2018-02-08-PROD1","purchased_purges":2,"victory":true,"master_deck":["Defend_G","Defend_G","Defend_G","Strike_G","Survivor","Neutralize","Poisoned Stab","Calculated Gamble+1","Terror+1","Cloak And Dagger","Backstab","Escape Plan","Poisoned Stab","Dodge and Roll","Blade Dance","Deflect","Well Laid Plans+1","Wraith Form","Flying Knee+1","A Thousand Cuts+1","All Out Attack+1","Prepared","Panache","Finesse","Quick Slash","Cloak And Dagger","Prepared","Backflip","Flying Knee","Apotheosis+1","A Thousand Cuts","Cloak And Dagger+1","Panache","Quick Slash+1","Sucker Punch+1","Prepared+1","Skewer+1"],"max_hp_per_floor":[63,63,63,63,63,63,63,63,63,63,63,63,63,70,70,70,70,70,70,70,75,75,75,75,75,75,75,75,75,75,75,75,75,75,75,75,75,75,75,75,75,75,75,75,75,75,75,66,66,66],"relics":["Ring of the Snake","Tiny Chest","Blood Vial","Regal Pillow","Golden Idol","Strawberry","Astrolabe","Shovel","Bag of Marbles","Cursed Key","Red Mask","Dream Catcher","Oddly Smooth Stone","Lantern","Ninja Scroll","Anchor"],"card_choices":[{"not_picked":["Masterful Stab","PiercingWail"],"picked":"Terror"},{"not_picked":["Flechettes","Outmaneuver"],"picked":"Cloak And Dagger"},{"not_picked":["Poisoned Stab","Quick Slash"],"picked":"Backstab"},{"not_picked":["Dagger Spray","Backflip"],"picked":"Poisoned Stab"},{"not_picked":["PiercingWail","Endless Agony"],"picked":"Dodge and Roll"},{"not_picked":["Reflex","Underhanded Strike"],"picked":"Blade Dance"},{"not_picked":["Tools of the Trade","Glass Knife"],"picked":"Deflect"},{"not_picked":["Dagger Spray","Dodge and Roll"],"picked":"Well Laid Plans"},{"not_picked":["Venomology","Tools of the Trade"],"picked":"Wraith Form"},{"not_picked":["Malaise","Calculated Gamble"],"picked":"Prepared"},{"not_picked":["Expertise","Eviscerate"],"picked":"Quick Slash"},{"not_picked":["Flying Knee","Deadly Poison"],"picked":"Cloak And Dagger"},{"not_picked":["Riddle With Holes","Flechettes"],"picked":"Prepared"},{"not_picked":["Flying Knee","Caltrops"],"picked":"Backflip"},{"not_picked":["Bouncing Flask","Dagger Spray"],"picked":"Flying Knee"},{"not_picked":["Tools of the Trade","Corpse Explosion"],"picked":"A Thousand Cuts"},{"not_picked":["Prepared","Slice"],"picked":"Cloak And Dagger"},{"not_picked":["Dagger Spray","Reflex"],"picked":"Quick Slash"},{"not_picked":["Dagger Spray","Cloak And Dagger"],"picked":"Sucker Punch"},{"not_picked":["Bane","Heel Hook"],"picked":"Prepared"},{"not_picked":["Deflect","Dash"],"picked":"Skewer"}],"player_experience":79899,"potions_floor_usage":[16,24,40,50,50,50],"damage_taken":[{"damage":2,"enemies":"Blue Slaver","floor":1,"turns":4},{"damage":0,"enemies":"2 Louse","floor":2,"turns":2},{"damage":0,"enemies":"Cultist","floor":3,"turns":4},{"damage":0,"enemies":"3 Louse","floor":5,"turns":2},{"damage":24,"enemies":"Lagavulin","floor":6,"turns":6},{"damage":0,"enemies":"Gremlin Gang","floor":7,"turns":5},{"damage":8,"enemies":"3 Sentries","floor":8,"turns":10},{"damage":1,"enemies":"Exordium Wildlife","floor":13,"turns":5},{"damage":45,"enemies":"Slime Boss","floor":16,"turns":24},{"damage":3,"enemies":"Shell Parasite","floor":18,"turns":5},{"damage":0,"enemies":"3 Byrds","floor":20,"turns":3},{"damage":14,"enemies":"Centurion and Healer","floor":22,"turns":4},{"damage":32,"enemies":"Book of Stabbing","floor":24,"turns":6},{"damage":4,"enemies":"Chosen and Byrds","floor":25,"turns":3},{"damage":15,"enemies":"Snake Plant","floor":28,"turns":3},{"damage":17,"enemies":"Centurion and Healer","floor":29,"turns":4},{"damage":33,"enemies":"Collector","floor":33,"turns":9},{"damage":2,"enemies":"3 Shapes","floor":35,"turns":3},{"damage":1,"enemies":"Orb Walker","floor":36,"turns":3},{"damage":29,"enemies":"2 Orb Walkers","floor":40,"turns":4},{"damage":18,"enemies":"Nemesis","floor":42,"turns":7},{"damage":13,"enemies":"Giant Head","floor":44,"turns":8},{"damage":21,"enemies":"Sphere and 2 Shapes","floor":46,"turns":4},{"damage":36,"enemies":"Time Eater","floor":50,"turns":10}],"event_choices":[{"event_name":"Golden Idol","player_choice":"Take Damage","floor":11,"damage_taken":0},{"event_name":"Forgotten Altar","player_choice":"Shed Blood","floor":21,"damage_taken":0},{"event_name":"Tomb of Lord Red Mask","player_choice":"Paid","floor":39,"damage_taken":0},{"event_name":"The Moai Head","player_choice":"Heal","floor":48,"damage_taken":0}],"boss_relics":[{"not_picked":["Philosopher\u0027s Stone","Tiny House"],"picked":"Astrolabe"},{"not_picked":["Orrery","White Beast Statue"],"picked":"Cursed Key"}],"potions_floor_spawned":[1,2,6,16,18,20,25,29,33,36,44,46],"seed_played":"1140397110249855315","ascension_level":1,"is_trial":false}