{"gold_per_floor":[113,132,1,1,18,18,18,18,18,51,72,72,72,99,99,189,189,203,228,268,268,291,291,322,322,322,322,360,310,324,359,359,359],"floor_reached":33,"playtime":1718,"items_purged":["Strike_B"],"score":727,"play_id":"228bbc3a-3982-4020-b327-bdb9ff946d96","local_time":"20190522205942","is_ascension_mode":true,"campfire_choices":[{"data":"Zap","floor":6.0,"key":"SMITH"},{"data":"Compile Driver","floor":8.0,"key":"SMITH"},{"data":"Coolheaded","floor":12.0,"key":"SMITH"},{"data":"Leap","floor":15.0,"key":"SMITH"},{"data":"Static Discharge","floor":23.0,"key":"SMITH"},{"floor":25.0,"key":"REST"},{"floor":32.0,"key":"REST"}],"neow_cost":"NONE","seed_source_timestamp":183883605067869,"circlet_count":0,"master_deck":["AscendersBane","Defend_B","Defend_B","Defend_B","Defend_B","Zap+1","Dualcast","Coolheaded+1","Chill","Ball Lightning","Compile Driver+1","Cold Snap","Leap+1","Thunder Strike","Sweeping Beam","Conserve Battery+1","Static Discharge+1","Bite","Bite","Bite","Bite","Bite","Coolheaded","Conserve Battery"],"special_seed":0,"relics":["Cracked Core","Golden Idol","FossilizedHelix","Oddly Smooth Stone","Vajra","Sozu","Red Mask","Mercury Hourglass","Lantern","Bag of Preparation"],"potions_floor_usage":[],"damage_taken":[{"damage":11.0,"enemies":"2 Louse","floor":1.0,"turns":2.0},{"damage":4.0,"enemies":"Small Slimes","floor":2.0,"turns":3.0},{"damage":2.0,"enemies":"Cultist","floor":5.0,"turns":4.0},{"damage":0.0,"enemies":"Gremlin Nob","floor":10.0,"turns":4.0},{"damage":0.0,"enemies":"3 Louse","floor":11.0,"turns":4.0},{"damage":20.0,"enemies":"Slime Boss","floor":16.0,"turns":10.0},{"damage":0.0,"enemies":"2 Thieves","floor":18.0,"turns":5.0},{"damage":8.0,"enemies":"3 Byrds","floor":19.0,"turns":5.0},{"damage":6.0,"enemies":"Masked Bandits","floor":20.0,"turns":4.0},{"damage":0.0,"enemies":"Snake Plant","floor":22.0,"turns":4.0},{"damage":16.0,"enemies":"Slavers","floor":24.0,"turns":6.0},{"damage":0.0,"enemies":"Gremlin Leader","floor":28.0,"turns":7.0},{"damage":0.0,"enemies":"3 Cultists","floor":30.0,"turns":5.0},{"damage":24.0,"enemies":"Book of Stabbing","floor":31.0,"turns":4.0},{"damage":54,"enemies":"Automaton","floor":33,"turns":8}],"seed_played":"-470452424698336674","potions_obtained":[{"floor":0.0,"key":"Dexterity Potion"},{"floor":0.0,"key":"LiquidBronze"},{"floor":5.0,"key":"Explosive Potion"}],"is_trial":false,"path_per_floor":["M","M","$","?","M","R","?","R","T","E","M","R","?","T","R","B",null,"M","M","?","?","M","R","E","R","T","?","E","?","M","E","R","B"],"character_chosen":"DEFECT","items_purchased":["Ball Lightning"],"campfire_rested":2,"item_purchase_floors":[3],"current_hp_per_floor":[53,49,49,42,40,40,40,40,40,40,40,40,45,45,45,25,58,58,50,44,44,44,44,28,48,48,48,48,48,48,30,44,0],"gold":359,"neow_bonus":"THREE_SMALL_POTIONS","is_prod":false,"is_daily":false,"chose_seed":false,"campfire_upgraded":5,"win_rate":0,"timestamp":1558573182,"path_taken":["M","M","$","?","M","R","?","R","T","E","M","R","?","?","R","BOSS","M","M","?","?","M","R","E","R","T","?","E","?","M","E","R","BOSS"],"build_version":"2019-01-23","purchased_purges":1,"victory":false,"max_hp_per_floor":[71,71,71,71,71,71,64,64,64,64,64,64,69,69,69,69,69,69,69,69,69,69,69,69,69,69,48,48,48,48,48,48,48],"card_choices":[{"not_picked":["Gash","Tempest"],"picked":"Coolheaded","floor":1.0},{"not_picked":["Turbo","Go for the Eyes"],"picked":"Chill","floor":2.0},{"not_picked":["Go for the Eyes","Gash"],"picked":"Compile Driver","floor":5.0},{"not_picked":["Hologram","Turbo"],"picked":"Cold Snap","floor":10.0},{"not_picked":["Rebound","Scrape"],"picked":"Leap","floor":11.0},{"not_picked":["Creative AI","Multi-Cast"],"picked":"Thunder Strike","floor":16.0},{"not_picked":["Gash","Turbo"],"picked":"Sweeping Beam","floor":18.0},{"not_picked":["BootSequence","Redo"],"picked":"Conserve Battery","floor":19.0},{"not_picked":["Stack","Turbo"],"picked":"Static Discharge","floor":22.0},{"not_picked":["BootSequence","Fusion","Storm"],"picked":"SKIP","floor":24.0},{"not_picked":["Go for the Eyes","Rebound","Recycle"],"picked":"SKIP","floor":28.0},{"not_picked":["Gash","Sweeping Beam"],"picked":"Coolheaded","floor":30.0},{"not_picked":["Tempest","Beam Cell+1"],"picked":"Conserve Battery","floor":31.0}],"player_experience":745527,"relics_obtained":[{"floor":9.0,"key":"FossilizedHelix"},{"floor":10.0,"key":"Oddly Smooth Stone"},{"floor":14.0,"key":"Vajra"},{"floor":20.0,"key":"Red Mask"},{"floor":24.0,"key":"Mercury Hourglass"},{"floor":28.0,"key":"Lantern"},{"floor":31.0,"key":"Bag of Preparation"}],"event_choices":[{"cards_removed":["Strike_B"],"damage_healed":0.0,"max_hp_gain":0.0,"max_hp_loss":0.0,"gold_gain":0.0,"event_name":"Golden Wing","player_choice":"Card Removal","floor":4.0,"gold_loss":0.0,"damage_taken":7.0},{"damage_healed":0.0,"max_hp_gain":0.0,"max_hp_loss":7.0,"gold_gain":0.0,"event_name":"Golden Idol","player_choice":"Lose Max HP","floor":7.0,"gold_loss":0.0,"damage_taken":0.0,"relics_obtained":["Golden Idol"]},{"damage_healed":0.0,"max_hp_gain":5.0,"max_hp_loss":0.0,"gold_gain":0.0,"event_name":"Big Fish","player_choice":"Donut","floor":13.0,"gold_loss":0.0,"damage_taken":0.0},{"damage_healed":0.0,"max_hp_gain":0.0,"max_hp_loss":0.0,"gold_gain":0.0,"event_name":"Masked Bandits","player_choice":"Fought Bandits","floor":20.0,"gold_loss":0.0,"damage_taken":0.0},{"damage_healed":0.0,"max_hp_gain":0.0,"max_hp_loss":0.0,"gold_gain":0.0,"event_name":"Ghosts","player_choice":"Ignored","floor":21.0,"gold_loss":0.0,"damage_taken":0.0},{"damage_healed":0.0,"max_hp_gain":0.0,"max_hp_loss":21.0,"gold_gain":0.0,"event_name":"Vampires","player_choice":"Became a vampire","floor":27.0,"gold_loss":0.0,"damage_taken":0.0,"cards_obtained":["Bite","Bite","Bite","Bite","Bite"]},{"damage_healed":0.0,"max_hp_gain":0.0,"max_hp_loss":0.0,"gold_gain":0.0,"event_name":"Designer","player_choice":"Upgrade","floor":29.0,"gold_loss":50.0,"damage_taken":0.0,"cards_upgraded":["Conserve Battery"]}],"is_beta":false,"boss_relics":[{"not_picked":["FrozenCore","Fusion Hammer"],"picked":"Sozu"}],"items_purged_floors":[3],"is_endless":false,"potions_floor_spawned":[5,11,24,28,31],"killed_by":"Automaton","ascension_level":20}