{"gold_per_floor":[113,113,125,145,145,177,28,28,79,95,95,95,95,111,111,216,216,229,241,253,35,35,35,35,35,105,105,125,141,154,154,154,253,253,272,282,301,301,301,301,329,341,432,191,201,16,28,42,42,42],"floor_reached":51,"playtime":4153,"items_purged":["Regret"],"score":777,"play_id":"eb8ff0e4-4ea3-422c-8999-78939d787523","local_time":"20180930190820","is_ascension_mode":true,"campfire_choices":[{"data":"Skewer","floor":8,"key":"SMITH"},{"data":"Deadly Poison","floor":11,"key":"SMITH"},{"data":"Survivor","floor":12,"key":"SMITH"},{"data":"Neutralize","floor":13,"key":"SMITH"},{"floor":15,"key":"REST"},{"data":"Catalyst","floor":23,"key":"SMITH"},{"data":"Malaise","floor":24,"key":"SMITH"},{"data":"Venomology","floor":27,"key":"SMITH"},{"floor":32,"key":"REST"},{"floor":40,"key":"REST"},{"floor":42,"key":"REST"},{"data":"Footwork","floor":49,"key":"SMITH"}],"neow_cost":"NONE","seed_source_timestamp":481273116969861,"circlet_count":0,"master_deck":["Defend_G","Defend_G","Defend_G","Defend_G","Defend_G","Strike_G","Strike_G","Strike_G","Strike_G","Survivor+1","Neutralize+1","Deadly Poison+1","Escape Plan","Skewer+1","Malaise+1","PiercingWail","Deflect","Venomology+1","Noxious Fumes","Flying Knee","PiercingWail","Catalyst+1","Noxious Fumes","Bouncing Flask+1","Skewer+1","Glass Knife","Acrobatics+1","Dash+1","PiercingWail+1","After Image","Tactician+1","Deadly Poison","Concentrate","Footwork+1","Dagger Spray+1"],"relics":["Ring of the Snake","Lantern","WingedGreaves","Vajra","Smiling Mask","Cursed Key","Happy Flower","MutagenicStrength","Strawberry","Sundial","Runic Pyramid","MawBank","Darkstone Periapt","ClockworkSouvenir"],"potions_floor_usage":[6,16,18,20,20,28,30,31,33,33,35,37,41,41,45,47,50,50],"damage_taken":[{"damage":2,"enemies":"Small Slimes","floor":1,"turns":3},{"damage":0,"enemies":"Jaw Worm","floor":3,"turns":4},{"damage":4,"enemies":"Cultist","floor":4,"turns":4},{"damage":34,"enemies":"Gremlin Nob","floor":6,"turns":5},{"damage":0,"enemies":"Looter","floor":10,"turns":1},{"damage":3,"enemies":"3 Louse","floor":14,"turns":4},{"damage":10,"enemies":"Hexaghost","floor":16,"turns":10},{"damage":4,"enemies":"Shell Parasite","floor":18,"turns":5},{"damage":4,"enemies":"Chosen","floor":19,"turns":5},{"damage":12,"enemies":"3 Cultists","floor":20,"turns":6},{"damage":9,"enemies":"Cultist and Chosen","floor":28,"turns":8},{"damage":6,"enemies":"Centurion and Healer","floor":29,"turns":6},{"damage":6,"enemies":"Snake Plant","floor":30,"turns":3},{"damage":2,"enemies":"Colosseum Slavers","floor":31,"turns":5},{"damage":16,"enemies":"Champ","floor":33,"turns":8},{"damage":2,"enemies":"Orb Walker","floor":35,"turns":3},{"damage":27,"enemies":"3 Shapes","floor":36,"turns":4},{"damage":0,"enemies":"Maw","floor":37,"turns":6},{"damage":37,"enemies":"Giant Head","floor":41,"turns":8},{"damage":5,"enemies":"Transient","floor":45,"turns":5},{"damage":1,"enemies":"Reptomancer","floor":47,"turns":4},{"damage":0,"enemies":"Sphere and 2 Shapes","floor":48,"turns":5},{"damage":24,"enemies":"Awakened One","floor":50,"turns":14}],"seed_played":"-4318911280413286911","potions_obtained":[{"floor":4,"key":"Regen Potion"},{"floor":6,"key":"Fire Potion"},{"floor":19,"key":"Explosive Potion"},{"floor":20,"key":"Swift Potion"},{"floor":29,"key":"SteroidPotion"},{"floor":41,"key":"GhostInAJar"},{"floor":45,"key":"Swift Potion"}],"is_trial":false,"path_per_floor":["M","?","M","M","?","E","$","R","T","M","R","R","R","M","R","B",null,"M","M","M","$","?","R","R","?","T","R","M","M","M","?","R","B",null,"M","M","M","?","?","R","E","R","T","$","M","$","M","M","R","B"],"character_chosen":"THE_SILENT","items_purchased":["Vajra","Catalyst","Happy Flower","ClockworkSouvenir","Deadly Poison","SkillPotion","Concentrate"],"campfire_rested":4,"item_purchase_floors":[7,21,21,44,46,46,46],"current_hp_per_floor":[75,75,75,71,53,34,34,34,34,34,34,34,34,31,54,44,77,73,69,57,57,57,57,57,64,64,64,55,49,43,41,66,50,84,82,55,55,55,55,80,43,68,68,68,63,63,62,62,62,38],"gold":42,"neow_bonus":"TEN_PERCENT_HP_BONUS","is_prod":false,"is_daily":false,"chose_seed":false,"campfire_upgraded":8,"win_rate":0,"timestamp":1538348900,"path_taken":["M","?","?","M","?","E","$","R","T","M","R","R","R","M","R","BOSS","M","M","M","$","?","R","R","?","T","R","?","M","M","?","R","BOSS","M","M","M","?","?","R","E","R","T","?","M","$","M","M","R","BOSS"],"build_version":"2018-09-27","purchased_purges":1,"victory":true,"max_hp_per_floor":[77,77,77,77,77,77,77,77,77,77,77,77,77,77,77,77,77,77,77,77,77,77,77,77,84,84,84,84,84,84,84,84,84,84,84,84,84,84,84,84,84,84,84,84,84,84,84,84,84,84],"card_choices":[{"not_picked":["Prepared","Dodge and Roll"],"picked":"Deadly Poison","floor":1},{"not_picked":["Blade Dance","Cloak And Dagger"],"picked":"Escape Plan","floor":3},{"not_picked":["Concentrate","Quick Slash"],"picked":"Skewer","floor":4},{"not_picked":["Poisoned Stab","Predator"],"picked":"Malaise","floor":6},{"not_picked":["Infinite Blades","Bane"],"picked":"PiercingWail","floor":10},{"not_picked":["Sucker Punch","Quick Slash"],"picked":"Deflect","floor":14},{"not_picked":["A Thousand Cuts","Glass Knife"],"picked":"Venomology","floor":16},{"not_picked":["Poisoned Stab","Flying Knee"],"picked":"Noxious Fumes","floor":18},{"not_picked":["Setup","Quick Slash"],"picked":"Flying Knee","floor":19},{"not_picked":["Blade Dance","Slice"],"picked":"PiercingWail","floor":20},{"not_picked":["Bane","Wraith Form v2"],"picked":"Noxious Fumes","floor":28},{"not_picked":["Outmaneuver","Calculated Gamble"],"picked":"Bouncing Flask+1","floor":29},{"not_picked":["Acrobatics","Sucker Punch+1"],"picked":"Skewer+1","floor":30},{"not_picked":["Storm of Steel","A Thousand Cuts"],"picked":"Glass Knife","floor":33},{"not_picked":["Flying Knee","Dagger Spray"],"picked":"Acrobatics+1","floor":35},{"not_picked":["Heel Hook+1","Dagger Spray+1"],"picked":"Dash+1","floor":36},{"not_picked":["Heel Hook+1","Calculated Gamble"],"picked":"PiercingWail+1","floor":37},{"not_picked":["Flying Knee","Blade Dance+1"],"picked":"After Image","floor":41},{"not_picked":["Backflip","Reflex"],"picked":"Tactician+1","floor":45},{"not_picked":["Masterful Stab+1","Expertise"],"picked":"Footwork","floor":47},{"not_picked":["Blade Dance","Choke+1"],"picked":"Dagger Spray+1","floor":48}],"player_experience":109543,"relics_obtained":[{"floor":6,"key":"WingedGreaves"},{"floor":9,"key":"Smiling Mask"},{"floor":26,"key":"Sundial"},{"floor":41,"key":"MawBank"},{"floor":43,"key":"Darkstone Periapt"}],"event_choices":[{"event_name":"Golden Wing","player_choice":"Ignored","floor":2,"damage_taken":0},{"event_name":"Scrap Ooze","player_choice":"success","floor":5,"damage_taken":18},{"event_name":"Drug Dealer","player_choice":"Inject Mutagens","floor":22,"damage_taken":0},{"event_name":"WeMeetAgain","player_choice":"Potion","floor":25,"damage_taken":0},{"event_name":"Colosseum","player_choice":"Fight","floor":31,"damage_taken":0},{"event_name":"Colosseum","player_choice":"Fled From Nobs","floor":31,"damage_taken":0},{"event_name":"Falling","player_choice":"Removed Attack","floor":38,"damage_taken":0},{"event_name":"Wheel of Change","player_choice":"Card Removal","floor":39,"damage_taken":0}],"is_beta":false,"boss_relics":[{"not_picked":["Sozu","Eternal Feather"],"picked":"Cursed Key"},{"not_picked":["Runic Dome","Calling Bell"],"picked":"Runic Pyramid"}],"items_purged_floors":[44],"is_endless":false,"potions_floor_spawned":[4,6,19,20,29,41,45],"ascension_level":3}