{"gold_per_floor":[114,114,131,146,160,194,224,252,275,291,366,366],"floor_reached":12,"playtime":474,"items_purged":[],"score":108,"play_id":"44b7dd07-deac-4676-9260-d2b91355610d","local_time":"20190504095231","is_ascension_mode":true,"campfire_choices":[],"neow_cost":"NONE","seed_source_timestamp":427417249200,"circlet_count":0,"master_deck":["Strike_R","Strike_R","Strike_R","Strike_R","Defend_R","Defend_R","Defend_R","Defend_R","Bash","Feed","Whirlwind","Berserk+1"],"relics":["Burning Blood","Potion Belt","Frozen Egg 2","Tiny Chest","Oddly Smooth Stone","Strawberry"],"potions_floor_usage":[8,8],"damage_taken":[{"damage":7,"enemies":"Small Slimes","floor":1,"turns":3},{"damage":23,"enemies":"Cultist","floor":3,"turns":6},{"damage":2,"enemies":"2 Louse","floor":4,"turns":2},{"damage":17,"enemies":"Large Slime","floor":5,"turns":6},{"damage":24,"enemies":"Gremlin Nob","floor":6,"turns":4},{"damage":35,"enemies":"Lagavulin","floor":8,"turns":5},{"damage":0,"enemies":"Lots of Slimes","floor":10,"turns":1},{"damage":30,"enemies":"3 Sentries","floor":12,"turns":5}],"seed_played":"2917137312970439214","potions_obtained":[{"floor":1,"key":"Regen Potion"},{"floor":3,"key":"SpeedPotion"},{"floor":4,"key":"AttackPotion"}],"is_trial":false,"path_per_floor":["M","?","M","M","M","E","?","E","T","M","?","E"],"character_chosen":"IRONCLAD","items_purchased":[],"campfire_rested":0,"item_purchase_floors":[],"current_hp_per_floor":[79,79,65,72,61,43,43,26,33,39,28,0],"gold":366,"neow_bonus":"RANDOM_COMMON_RELIC","is_prod":false,"is_daily":false,"chose_seed":false,"campfire_upgraded":0,"win_rate":0,"timestamp":1556981551,"path_taken":["M","?","M","?","M","E","?","E","T","?","?","E"],"build_version":"2019-01-23","purchased_purges":0,"victory":false,"max_hp_per_floor":[80,80,83,86,86,86,86,86,93,93,93,93],"card_choices":[{"not_picked":["Sever Soul","Sword Boomerang","Burning Pact"],"picked":"SKIP","floor":1},{"not_picked":["Warcry","Thunderclap","Feel No Pain"],"picked":"SKIP","floor":3},{"not_picked":["Sword Boomerang","Perfected Strike","Wild Strike"],"picked":"SKIP","floor":4},{"not_picked":["Ghostly Armor","Rage","Hemokinesis"],"picked":"SKIP","floor":5},{"not_picked":["Perfected Strike","Wild Strike"],"picked":"Whirlwind","floor":6},{"not_picked":["Blood for Blood","Wild Strike","Entrench"],"picked":"SKIP","floor":8},{"not_picked":["Corruption+1","Sever Soul"],"picked":"Berserk+1","floor":10}],"player_experience":194260,"relics_obtained":[{"floor":6,"key":"Frozen Egg 2"},{"floor":8,"key":"Oddly Smooth Stone"},{"floor":9,"key":"Strawberry"}],"event_choices":[{"damage_healed":0,"gold_gain":0,"cards_transformed":["Strike_R"],"player_choice":"Transformed","damage_taken":0,"max_hp_gain":0,"max_hp_loss":0,"event_name":"Transmorgrifier","floor":2,"gold_loss":0,"cards_obtained":["Feed"]},{"damage_healed":0,"gold_gain":0,"player_choice":"Gave Potion","damage_taken":0,"relics_obtained":["Tiny Chest"],"max_hp_gain":0,"max_hp_loss":0,"event_name":"WeMeetAgain","floor":7,"gold_loss":0},{"damage_healed":0,"gold_gain":75,"player_choice":"Gather Gold","damage_taken":11,"max_hp_gain":0,"max_hp_loss":0,"event_name":"World of Goop","floor":11,"gold_loss":0}],"is_beta":false,"boss_relics":[],"items_purged_floors":[],"is_endless":false,"potions_floor_spawned":[1,3,4],"killed_by":"3 Sentries","ascension_level":4}