{"gold_per_floor":[14,33,51,51,126,126,153,153,201,39,68,80,17,42,54,142,154,183,212,224,270,40,40,71,91,91,121,121,141,154,172,172,245,245,260,260,309,328,173,198,198,228,228,228,328,345,355,5,5,5],"floor_reached":51,"playtime":2865,"items_purged":["Strike_R","Strike_R"],"score":1433,"play_id":"02e91d82-656d-4a75-be4a-a5ebb06ad9fc","local_time":"20190509215425","is_ascension_mode":true,"campfire_choices":[{"data":"Bash","floor":6.0,"key":"SMITH"},{"data":"Clothesline","floor":8,"key":"SMITH"},{"data":"Whirlwind","floor":15,"key":"SMITH"},{"data":"Demon Form","floor":23,"key":"SMITH"},{"data":"Rage","floor":28,"key":"SMITH"},{"data":"Heavy Blade","floor":32,"key":"SMITH"},{"data":"Demon Form","floor":41,"key":"SMITH"},{"data":"Shrug It Off","floor":44,"key":"SMITH"},{"floor":49,"key":"REST"}],"neow_cost":"NO_GOLD","seed_source_timestamp":444207808475686,"circlet_count":0,"master_deck":["AscendersBane","Strike_R","Strike_R","Defend_R","Defend_R+1","Defend_R","Defend_R+1","Bash+1","Anger","Disarm","Clothesline+1","Whirlwind+1","Rage+1","Demon Form+1","Headbutt","Necronomicurse","Spot Weakness","Reaper","Heavy Blade+1","Demon Form+1","Headbutt+1","Shockwave","Carnage","Shrug It Off","Shrug It Off+1","Demon Form","Shrug It Off+1","Pommel Strike+1","Mayhem","Flame Barrier"],"special_seed":0,"relics":["Burning Blood","Incense Burner","Happy Flower","Potion Belt","MawBank","War Paint","Snecko Eye","Necronomicon","Red Mask","Vajra","Smiling Mask","Ornamental Fan","Calipers","Lizard Tail","Gambling Chip","Red Skull","Bronze Scales","Mercury Hourglass","StoneCalendar"],"potions_floor_usage":[7,11,21,33,33,37,40,40,50,50],"damage_taken":[{"damage":9.0,"enemies":"2 Louse","floor":1.0,"turns":4.0},{"damage":5.0,"enemies":"Small Slimes","floor":2.0,"turns":3.0},{"damage":7.0,"enemies":"Jaw Worm","floor":3.0,"turns":3.0},{"damage":22,"enemies":"3 Sentries","floor":7,"turns":12},{"damage":1,"enemies":"Gremlin Nob","floor":11,"turns":3},{"damage":3,"enemies":"Blue Slaver","floor":14,"turns":5},{"damage":44,"enemies":"Slime Boss","floor":16,"turns":14},{"damage":0,"enemies":"Chosen","floor":18,"turns":3},{"damage":0,"enemies":"2 Thieves","floor":19,"turns":2},{"damage":0,"enemies":"Masked Bandits","floor":21,"turns":1},{"damage":7,"enemies":"Gremlin Leader","floor":24,"turns":3},{"damage":0,"enemies":"Centurion and Healer","floor":25,"turns":2},{"damage":1,"enemies":"Slavers","floor":27,"turns":2},{"damage":11,"enemies":"Shelled Parasite and Fungi","floor":29,"turns":2},{"damage":2,"enemies":"Cultist and Chosen","floor":30,"turns":4},{"damage":6,"enemies":"Centurion and Healer","floor":31,"turns":2},{"damage":8,"enemies":"Automaton","floor":33,"turns":5},{"damage":12,"enemies":"Orb Walker","floor":35,"turns":3},{"damage":22,"enemies":"2 Orb Walkers","floor":37,"turns":3},{"damage":0,"enemies":"3 Darklings","floor":38,"turns":2},{"damage":5,"enemies":"Giant Head","floor":40,"turns":4},{"damage":25,"enemies":"Nemesis","floor":42,"turns":5},{"damage":0,"enemies":"Mind Bloom Boss Battle","floor":45,"turns":3},{"damage":22,"enemies":"Maw","floor":46,"turns":5},{"damage":2,"enemies":"Jaw Worm Horde","floor":47,"turns":2},{"damage":38,"enemies":"Time Eater","floor":50,"turns":5}],"seed_played":"2743839163458200267","potions_obtained":[{"floor":1.0,"key":"SkillPotion"},{"floor":7,"key":"Energy Potion"},{"floor":16,"key":"Block Potion"},{"floor":19,"key":"Regen Potion"},{"floor":27,"key":"Swift Potion"},{"floor":29,"key":"Poison Potion"},{"floor":33,"key":"Strength Potion"},{"floor":37,"key":"Poison Potion"},{"floor":40,"key":"EssenceOfSteel"},{"floor":42,"key":"FairyPotion"},{"floor":47,"key":"Explosive Potion"}],"is_trial":false,"path_per_floor":["M","M","M","?","?","R","E","R","T","$","E","?","?","M","R","B",null,"M","M","?","?","$","R","E","M","T","E","R","M","M","M","R","B",null,"M","?","?","M","$","E","R","E","T","R","?","M","M","$","R","B",null],"character_chosen":"IRONCLAD","items_purchased":["Whirlwind","Vajra","Spot Weakness","Carnage","Shrug It Off","Mayhem","Flame Barrier","Energy Potion"],"campfire_rested":1,"item_purchase_floors":[10,22,22,39,39,48,48,48],"current_hp_per_floor":[65,66,65,70,59,59,43,43,43,43,48,43,43,46,46,8,62,68,74,53,59,59,59,58,64,64,80,80,75,80,80,80,78,80,80,76,60,69,69,76,76,57,57,57,76,60,64,64,76,44],"gold":5,"neow_bonus":"ONE_RARE_RELIC","is_prod":false,"is_daily":false,"chose_seed":false,"campfire_upgraded":8,"win_rate":0,"timestamp":1557453265,"path_taken":["M","M","M","?","?","R","E","R","T","$","E","?","?","M","R","BOSS","M","M","?","?","?","R","E","M","T","E","R","?","M","M","R","BOSS","M","?","?","M","$","E","R","E","T","R","?","?","M","$","R","BOSS"],"build_version":"2019-01-23","purchased_purges":2,"victory":true,"max_hp_per_floor":[75,75,75,80,80,80,80,80,80,80,80,80,80,80,80,80,80,80,80,80,80,80,80,80,80,80,80,80,80,80,80,80,80,80,80,76,76,76,76,76,76,76,76,76,76,76,76,76,76,76],"card_choices":[{"not_picked":["Shockwave","Headbutt"],"picked":"Anger","floor":1.0},{"not_picked":["Heavy Blade","Bloodletting","Clash"],"picked":"SKIP","floor":2.0},{"not_picked":["Shrug It Off","Anger"],"picked":"Disarm","floor":3.0},{"not_picked":["Wild Strike","Feel No Pain"],"picked":"Clothesline","floor":7},{"not_picked":["Clash","Second Wind","Flex"],"picked":"SKIP","floor":11},{"not_picked":["Havoc","Feel No Pain"],"picked":"Rage","floor":14},{"not_picked":["Feed","Dark Embrace"],"picked":"Demon Form","floor":16},{"not_picked":["Perfected Strike","Iron Wave","Body Slam"],"picked":"SKIP","floor":18},{"not_picked":["Clash","Reckless Charge"],"picked":"Headbutt","floor":19},{"not_picked":["Clash","Havoc","Intimidate"],"picked":"SKIP","floor":24},{"not_picked":["Anger","Headbutt+1"],"picked":"Reaper","floor":25},{"not_picked":["Warcry+1","Pummel","Cleave"],"picked":"SKIP","floor":27},{"not_picked":["Wild Strike","Flex","Havoc"],"picked":"SKIP","floor":29},{"not_picked":["Combust","Twin Strike"],"picked":"Heavy Blade","floor":30},{"not_picked":["Headbutt","Havoc","Clash+1"],"picked":"SKIP","floor":31},{"not_picked":["Barricade","Brutality"],"picked":"Demon Form","floor":33},{"not_picked":["Dual Wield","Heavy Blade","Fire Breathing+1"],"picked":"SKIP","floor":35},{"not_picked":["Rampage","Anger"],"picked":"Headbutt+1","floor":37},{"not_picked":["Combust","Headbutt"],"picked":"Shockwave","floor":38},{"not_picked":["Cleave","Havoc+1","Evolve"],"picked":"SKIP","floor":40},{"not_picked":["Inflame","Pummel"],"picked":"Shrug It Off","floor":42},{"not_picked":["Anger","Blood for Blood+1"],"picked":"Demon Form","floor":45},{"not_picked":["Ghostly Armor","Intimidate"],"picked":"Shrug It Off+1","floor":46},{"not_picked":["Seeing Red","Reckless Charge+1"],"picked":"Pommel Strike+1","floor":47}],"player_experience":480639,"relics_obtained":[{"floor":7,"key":"Happy Flower"},{"floor":9,"key":"Potion Belt"},{"floor":11,"key":"MawBank"},{"floor":20,"key":"Necronomicon"},{"floor":21,"key":"Red Mask"},{"floor":24,"key":"Smiling Mask"},{"floor":26,"key":"Ornamental Fan"},{"floor":27,"key":"Calipers"},{"floor":37,"key":"Gambling Chip"},{"floor":40,"key":"Red Skull"},{"floor":42,"key":"Bronze Scales"},{"floor":43,"key":"Mercury Hourglass"},{"floor":45,"key":"StoneCalendar"}],"event_choices":[{"damage_healed":0.0,"max_hp_gain":5.0,"max_hp_loss":0.0,"gold_gain":0.0,"event_name":"Big Fish","player_choice":"Donut","floor":4.0,"gold_loss":0.0,"damage_taken":0.0},{"damage_healed":0.0,"max_hp_gain":0.0,"max_hp_loss":0.0,"gold_gain":75.0,"event_name":"World of Goop","player_choice":"Gather Gold","floor":5.0,"gold_loss":0.0,"damage_taken":11.0},{"damage_healed":0,"gold_gain":0,"player_choice":"Success","damage_taken":5,"relics_obtained":["War Paint"],"max_hp_gain":0,"max_hp_loss":0,"event_name":"Scrap Ooze","floor":12,"gold_loss":0},{"cards_removed":["Strike_R"],"damage_healed":0,"gold_gain":0,"player_choice":"Card Removal","damage_taken":0,"max_hp_gain":0,"max_hp_loss":0,"event_name":"The Cleric","floor":13,"gold_loss":75},{"damage_healed":0,"gold_gain":0,"player_choice":"Obtained Book","damage_taken":21,"max_hp_gain":0,"max_hp_loss":0,"event_name":"Cursed Tome","floor":20,"gold_loss":0},{"damage_healed":0,"gold_gain":0,"player_choice":"Fought Bandits","damage_taken":0,"max_hp_gain":0,"max_hp_loss":0,"event_name":"Masked Bandits","floor":21,"gold_loss":0},{"damage_healed":0,"gold_gain":0,"player_choice":"Max HP","damage_taken":0,"max_hp_gain":0,"max_hp_loss":4,"event_name":"Winding Halls","floor":36,"gold_loss":0},{"damage_healed":0,"gold_gain":0,"player_choice":"Fight","damage_taken":0,"max_hp_gain":0,"max_hp_loss":0,"event_name":"Mysterious Sphere","floor":37,"gold_loss":0},{"damage_healed":0,"gold_gain":0,"player_choice":"Fight","damage_taken":0,"max_hp_gain":0,"max_hp_loss":0,"event_name":"MindBloom","floor":45,"gold_loss":0}],"is_beta":false,"boss_relics":[{"not_picked":["Tiny House","Cursed Key"],"picked":"Snecko Eye"},{"not_picked":["Coffee Dripper","Runic Dome"],"picked":"Lizard Tail"}],"items_purged_floors":[10,39],"is_endless":false,"potions_floor_spawned":[1,7,16,19,27,29,33,37,40,42,47],"ascension_level":18}