{"gold_per_floor":[116,41,52,69,69,95,95,118,118,118,153,153,173,173],"floor_reached":14,"playtime":873,"items_purged":["Strike_B"],"score":115,"play_id":"f0a861b4-0c53-4282-8606-71dae370005f","local_time":"20190425225346","is_ascension_mode":true,"campfire_choices":[{"data":"Darkness","floor":7,"key":"SMITH"},{"floor":10,"key":"REST"},{"floor":12,"key":"REST"}],"neow_cost":"PERCENT_DAMAGE","seed_source_timestamp":4441638996541275,"circlet_count":0,"master_deck":["Strike_B","Defend_B","Defend_B","Defend_B","Zap","Dualcast","Barrage","Darkness+1","Capacitor","BootSequence","Self Repair"],"relics":["Cracked Core","Bag of Preparation","Anchor","Kunai","Bottled Lightning","Odd Mushroom"],"potions_floor_usage":[13],"damage_taken":[{"damage":0,"enemies":"Small Slimes","floor":1,"turns":4},{"damage":7,"enemies":"Jaw Worm","floor":3,"turns":4},{"damage":0,"enemies":"2 Louse","floor":4,"turns":2},{"damage":30,"enemies":"Lagavulin","floor":6,"turns":6},{"damage":30,"enemies":"3 Sentries","floor":11,"turns":6},{"damage":24,"enemies":"The Mushroom Lair","floor":13,"turns":5},{"damage":0,"enemies":"Gremlin Nob","floor":14,"turns":2}],"seed_played":"-6485344663474087160","potions_obtained":[{"floor":1,"key":"GamblersBrew"},{"floor":3,"key":"Ancient Potion"},{"floor":11,"key":"SkillPotion"}],"is_trial":false,"path_per_floor":["M","$","M","M","?","E","R","T","T","R","E","R","?","E"],"character_chosen":"DEFECT","items_purchased":[],"campfire_rested":2,"item_purchase_floors":[],"current_hp_per_floor":[54,54,47,47,47,17,17,17,17,39,9,31,7,7],"gold":173,"neow_bonus":"TRANSFORM_TWO_CARDS","is_prod":false,"is_daily":false,"chose_seed":false,"campfire_upgraded":1,"win_rate":0,"timestamp":1556247226,"path_taken":["M","$","M","M","?","E","R","?","T","R","E","R","?","E"],"build_version":"2019-01-23","purchased_purges":1,"victory":false,"max_hp_per_floor":[75,75,75,75,75,75,75,75,75,75,75,75,75,75],"card_choices":[{"not_picked":["Hologram","Fusion"],"picked":"Capacitor","floor":1},{"not_picked":["Sweeping Beam","Force Field","Beam Cell"],"picked":"SKIP","floor":3},{"not_picked":["Barrage","Hologram","Turbo"],"picked":"SKIP","floor":4},{"not_picked":["Consume","Doom and Gloom","Tempest"],"picked":"SKIP","floor":6},{"not_picked":["Gash","Redo"],"picked":"BootSequence","floor":11},{"not_picked":["Cold Snap","White Noise"],"picked":"Self Repair","floor":13}],"player_experience":154164,"relics_obtained":[{"floor":6,"key":"Bag of Preparation"},{"floor":8,"key":"Anchor"},{"floor":9,"key":"Kunai"},{"floor":11,"key":"Bottled Lightning"},{"floor":13,"key":"Odd Mushroom"}],"event_choices":[{"cards_removed":["Strike_B"],"damage_healed":0,"gold_gain":0,"player_choice":"Forget","damage_taken":0,"max_hp_gain":0,"max_hp_loss":0,"event_name":"Living Wall","floor":5,"gold_loss":0},{"damage_healed":0,"gold_gain":0,"player_choice":"Fought Mushrooms","damage_taken":0,"max_hp_gain":0,"max_hp_loss":0,"event_name":"Mushrooms","floor":13,"gold_loss":0}],"is_beta":false,"boss_relics":[],"items_purged_floors":[2],"is_endless":false,"potions_floor_spawned":[1,3,11],"killed_by":"Gremlin Nob","ascension_level":4}