{"gold_per_floor":[363,130,143,160,175,175,192,192,270,304,324,275,288,308,308,386,386,406,68,68,68,68,102,102,118,118,118],"floor_reached":27,"playtime":1485,"items_purged":["Strike_B","Strike_B"],"score":470,"play_id":"e741d48b-4143-467e-bf86-3de130f444d8","local_time":"20190521214644","is_ascension_mode":true,"campfire_choices":[{"data":"Zap","floor":6,"key":"SMITH"},{"floor":8,"key":"REST"},{"data":"Defragment","floor":15,"key":"SMITH"},{"data":"Apotheosis","floor":24,"key":"SMITH"}],"neow_cost":"PERCENT_DAMAGE","seed_source_timestamp":100749898878413,"circlet_count":0,"master_deck":["AscendersBane","Defend_B","Defend_B","Defend_B","Defend_B","Zap+1","Dualcast","Gash","Defragment+1","Rip and Tear","Ball Lightning","Conserve Battery","Defragment","Genetic Algorithm","Doom and Gloom","Cold Snap","Undo","Fission","Redo","Apotheosis+1","Coolheaded","Decay","RitualDagger","Double Energy","Core Surge","Defragment","Sweeping Beam+1"],"special_seed":0,"relics":["Cracked Core","Question Card","Calipers","Sozu","Bronze Scales","Mercury Hourglass"],"potions_floor_usage":[10,16,18],"damage_taken":[{"damage":0,"enemies":"Cultist","floor":1,"turns":3},{"damage":7,"enemies":"Small Slimes","floor":3,"turns":3},{"damage":12,"enemies":"Jaw Worm","floor":4,"turns":2},{"damage":0,"enemies":"2 Fungi Beasts","floor":5,"turns":2},{"damage":6,"enemies":"Looter","floor":7,"turns":2},{"damage":10,"enemies":"Lagavulin","floor":10,"turns":5},{"damage":0,"enemies":"Exordium Wildlife","floor":11,"turns":2},{"damage":3,"enemies":"Large Slime","floor":13,"turns":4},{"damage":2,"enemies":"Looter","floor":14,"turns":3},{"damage":4,"enemies":"The Guardian","floor":16,"turns":8},{"damage":0,"enemies":"Chosen","floor":18,"turns":4},{"damage":14,"enemies":"Gremlin Leader","floor":23,"turns":7},{"damage":18,"enemies":"2 Thieves","floor":25,"turns":4},{"damage":31,"enemies":"Slavers","floor":27,"turns":1}],"seed_played":"-1808565865087935677","potions_obtained":[{"floor":1,"key":"LiquidBronze"},{"floor":4,"key":"PowerPotion"},{"floor":11,"key":"GamblersBrew"}],"is_trial":false,"path_per_floor":["M","$","M","M","M","R","M","R","T","E","M","?","M","M","R","B",null,"M","$","?","?","?","E","R","M","T","E"],"character_chosen":"DEFECT","items_purchased":["Defragment","Rip and Tear","Apotheosis","Coolheaded"],"campfire_rested":1,"item_purchase_floors":[2,2,19,19],"current_hp_per_floor":[46,46,39,27,27,27,21,42,42,32,32,32,29,27,27,23,59,59,59,59,53,53,39,39,21,21,0],"gold":118,"neow_bonus":"TWO_FIFTY_GOLD","is_prod":false,"is_daily":false,"chose_seed":false,"campfire_upgraded":3,"win_rate":0,"timestamp":1558489604,"path_taken":["M","$","?","M","M","R","M","R","T","E","M","?","M","M","R","BOSS","M","$","?","?","?","E","R","M","T","E"],"build_version":"2019-01-23","purchased_purges":2,"victory":false,"max_hp_per_floor":[71,71,71,71,71,71,71,71,71,71,71,71,71,71,71,71,71,71,71,71,71,71,71,71,71,71,71],"card_choices":[{"not_picked":["Skim","Steam"],"picked":"Gash","floor":1},{"not_picked":["Stack","Conserve Battery"],"picked":"Ball Lightning","floor":3},{"not_picked":["Fusion","Hologram","Beam Cell"],"picked":"SKIP","floor":4},{"not_picked":["Stack","Hologram"],"picked":"Conserve Battery","floor":5},{"not_picked":["Leap","Creative AI"],"picked":"Defragment","floor":7},{"not_picked":["Sweeping Beam","Cold Snap","Conserve Battery"],"picked":"Genetic Algorithm","floor":10},{"not_picked":["Coolheaded","Gash","Compile Driver"],"picked":"Doom and Gloom","floor":11},{"not_picked":["Gash","Beam Cell","Steam"],"picked":"Cold Snap","floor":13},{"not_picked":["Blizzard","Force Field","Consume"],"picked":"Undo","floor":14},{"not_picked":["Thunder Strike","Hyperbeam","All For One"],"picked":"Fission","floor":16},{"not_picked":["Leap","Streamline","Force Field"],"picked":"Redo","floor":18},{"not_picked":["Rebound","Tempest","Heatsinks"],"picked":"Defragment","floor":23},{"not_picked":["Turbo+1","Blizzard+1","Recycle"],"picked":"Sweeping Beam+1","floor":25}],"player_experience":724409,"relics_obtained":[{"floor":9,"key":"Question Card"},{"floor":10,"key":"Calipers"},{"floor":23,"key":"Bronze Scales"},{"floor":26,"key":"Mercury Hourglass"}],"event_choices":[{"damage_healed":0,"gold_gain":0,"player_choice":"Left Gold","damage_taken":0,"max_hp_gain":0,"max_hp_loss":0,"event_name":"World of Goop","floor":12,"gold_loss":49},{"damage_healed":0,"gold_gain":0,"player_choice":"Smashed Altar","damage_taken":0,"max_hp_gain":0,"max_hp_loss":0,"event_name":"Forgotten Altar","floor":20,"gold_loss":0,"cards_obtained":["Decay"]},{"damage_healed":0,"gold_gain":0,"player_choice":"Joined the Cult","damage_taken":6,"max_hp_gain":0,"max_hp_loss":0,"event_name":"Nest","floor":21,"gold_loss":0,"cards_obtained":["RitualDagger"]},{"damage_healed":0,"gold_gain":0,"cards_transformed":["Strike_B","Strike_B"],"player_choice":"Became Test Subject","damage_taken":0,"max_hp_gain":0,"max_hp_loss":0,"event_name":"Drug Dealer","floor":22,"gold_loss":0,"cards_obtained":["Double Energy","Core Surge"]}],"is_beta":false,"boss_relics":[{"not_picked":["Velvet Choker","Coffee Dripper"],"picked":"Sozu"}],"items_purged_floors":[2,19],"is_endless":false,"potions_floor_spawned":[1,4,7,11],"killed_by":"Slavers","ascension_level":20}