{"gold_per_floor":[110,122,140,153,52,52,81,92,139,139,166,179,210,266,266,266],"floor_reached":16,"playtime":1779,"items_purged":["Strike_R"],"score":218,"play_id":"7920782b-29db-4ccf-b6c1-9fd262baa675","local_time":"20190510140823","is_ascension_mode":true,"campfire_choices":[{"data":"Bash","floor":6,"key":"SMITH"},{"data":"True Grit","floor":10,"key":"SMITH"},{"data":"Rampage","floor":15,"key":"SMITH"}],"neow_cost":"NONE","seed_source_timestamp":503755211334706,"circlet_count":0,"master_deck":["AscendersBane","Strike_R","Strike_R","Strike_R","Strike_R","Defend_R","Defend_R","Defend_R","Defend_R","Bash+1","Rampage+1","Battle Trance","Shrug It Off","Shrug It Off","Pommel Strike","True Grit+1","Spot Weakness","Pummel","Clothesline","Offering"],"special_seed":0,"relics":["Burning Blood","Torii","Omamori","Odd Mushroom","Shuriken","Tiny Chest"],"potions_floor_usage":[11,13,16],"damage_taken":[{"damage":3,"enemies":"Small Slimes","floor":1,"turns":3},{"damage":4,"enemies":"Jaw Worm","floor":2,"turns":4},{"damage":6,"enemies":"2 Louse","floor":3,"turns":4},{"damage":19,"enemies":"Exordium Wildlife","floor":4,"turns":5},{"damage":13,"enemies":"Lagavulin","floor":7,"turns":8},{"damage":9,"enemies":"Lots of Slimes","floor":8,"turns":7},{"damage":11,"enemies":"The Mushroom Lair","floor":11,"turns":6},{"damage":0,"enemies":"3 Louse","floor":12,"turns":4},{"damage":23,"enemies":"Gremlin Nob","floor":13,"turns":4},{"damage":35,"enemies":"Hexaghost","floor":16,"turns":9}],"seed_played":"1434494659679179666","potions_obtained":[{"floor":2,"key":"Poison Potion"},{"floor":3,"key":"SkillPotion"},{"floor":11,"key":"EssenceOfSteel"},{"floor":12,"key":"Fire Potion"}],"is_trial":false,"path_per_floor":["M","M","M","M","$","R","E","M","T","R","?","M","E","T","R","B"],"character_chosen":"IRONCLAD","items_purchased":["True Grit"],"campfire_rested":0,"item_purchase_floors":[5],"current_hp_per_floor":[71,73,73,60,60,60,53,50,50,50,45,51,34,34,34,0],"gold":266,"neow_bonus":"THREE_CARDS","is_prod":false,"is_daily":false,"chose_seed":false,"campfire_upgraded":3,"win_rate":0,"timestamp":1557511703,"path_taken":["M","M","M","M","$","R","E","M","T","R","?","M","E","?","R","BOSS"],"build_version":"2019-01-23","purchased_purges":1,"victory":false,"max_hp_per_floor":[75,75,75,75,75,75,75,75,75,75,75,75,75,75,75,75],"card_choices":[{"not_picked":["Havoc","Clash"],"picked":"Rampage","floor":0.0},{"not_picked":["Clash","Sword Boomerang"],"picked":"Battle Trance","floor":1},{"not_picked":["Clash","Warcry"],"picked":"Shrug It Off","floor":2},{"not_picked":["Heavy Blade","Havoc"],"picked":"Shrug It Off","floor":3},{"not_picked":["Shrug It Off","Body Slam"],"picked":"Pommel Strike","floor":4},{"not_picked":["Entrench","Perfected Strike","Bloodletting"],"picked":"SKIP","floor":7},{"not_picked":["Clash","Demon Form"],"picked":"Spot Weakness","floor":8},{"not_picked":["Armaments","Rupture"],"picked":"Pummel","floor":11},{"not_picked":["Bloodletting","Iron Wave"],"picked":"Clothesline","floor":12},{"not_picked":["Havoc","Perfected Strike"],"picked":"Offering","floor":13}],"player_experience":496558,"relics_obtained":[{"floor":7,"key":"Torii"},{"floor":9,"key":"Omamori"},{"floor":11,"key":"Odd Mushroom"},{"floor":13,"key":"Shuriken"},{"floor":14,"key":"Tiny Chest"}],"event_choices":[{"damage_healed":0,"gold_gain":0,"player_choice":"Fought Mushrooms","damage_taken":0,"max_hp_gain":0,"max_hp_loss":0,"event_name":"Mushrooms","floor":11,"gold_loss":0}],"is_beta":false,"boss_relics":[],"items_purged_floors":[5],"is_endless":false,"potions_floor_spawned":[2,3,11,12],"killed_by":"Hexaghost","ascension_level":19}