{"gold_per_floor":[111,123,198,212,232,260,260,21,67,67,98,109,109,129,129,202,202,222,239,239,239,249,249,284,284,284,284],"floor_reached":27,"playtime":1545,"items_purged":[],"score":462,"play_id":"44ff2259-a403-4c81-90d3-e7853ab205c3","local_time":"20190505224548","is_ascension_mode":true,"campfire_choices":[{"data":"Neutralize","floor":7.0,"key":"SMITH"},{"floor":10.0,"key":"REST"},{"floor":13,"key":"REST"},{"data":"After Image","floor":15,"key":"SMITH"},{"floor":23,"key":"REST"},{"floor":25,"key":"REST"}],"neow_cost":"NONE","seed_source_timestamp":102946908844650,"circlet_count":0,"master_deck":["AscendersBane","Defend_G","Defend_G","Defend_G","Defend_G","Defend_G","Strike_G","Strike_G","Strike_G","Strike_G","Strike_G","Survivor","Neutralize+1","Deflect","Flying Knee","Poisoned Stab","Terror","A Thousand Cuts","Footwork","Sucker Punch","Dash","After Image+1","Die Die Die","Cloak And Dagger","PiercingWail","Writhe","Heel Hook+1","Backflip","Pain"],"special_seed":0,"relics":["Ring of the Snake","Question Card","Bronze Scales","Anchor","Lantern","Cursed Key","Pantograph","Bottled Tornado","Happy Flower"],"potions_floor_usage":[16,16,18,27],"damage_taken":[{"damage":0.0,"enemies":"2 Louse","floor":1.0,"turns":3.0},{"damage":4.0,"enemies":"Small Slimes","floor":2.0,"turns":5.0},{"damage":1.0,"enemies":"Cultist","floor":4.0,"turns":4.0},{"damage":14.0,"enemies":"Red Slaver","floor":5.0,"turns":7.0},{"damage":17.0,"enemies":"Lagavulin","floor":6.0,"turns":8.0},{"damage":27,"enemies":"Gremlin Nob","floor":11,"turns":4},{"damage":5,"enemies":"2 Fungi Beasts","floor":12,"turns":3},{"damage":1,"enemies":"Blue Slaver","floor":14,"turns":4},{"damage":13,"enemies":"The Guardian","floor":16,"turns":14},{"damage":0,"enemies":"Chosen","floor":18,"turns":3},{"damage":2,"enemies":"Shell Parasite","floor":19,"turns":5},{"damage":42,"enemies":"Cultist and Chosen","floor":22,"turns":8},{"damage":23,"enemies":"Book of Stabbing","floor":24,"turns":6},{"damage":33,"enemies":"Chosen and Byrds","floor":27,"turns":6}],"seed_played":"-7855743821446943063","potions_obtained":[{"floor":4.0,"key":"Dexterity Potion"},{"floor":11,"key":"Weak Potion"},{"floor":14,"key":"SpeedPotion"},{"floor":16,"key":"SteroidPotion"},{"floor":18,"key":"SteroidPotion"}],"is_trial":false,"path_per_floor":["M","M","?","M","M","E","R","$","T","R","E","M","R","M","R","B",null,"M","M","?","?","M","R","E","R","T","M"],"character_chosen":"THE_SILENT","items_purchased":["Footwork","Bronze Scales"],"campfire_rested":4,"item_purchase_floors":[8,8],"current_hp_per_floor":[65,61,50,49,35,18,18,18,18,39,12,7,28,27,27,14,58,58,56,56,56,14,35,12,33,33,0],"gold":284,"neow_bonus":"TEN_PERCENT_HP_BONUS","is_prod":false,"is_daily":false,"chose_seed":false,"campfire_upgraded":2,"win_rate":0,"timestamp":1557110748,"path_taken":["M","M","?","M","M","E","R","$","T","R","E","M","R","M","R","BOSS","M","M","?","?","M","R","E","R","T","?"],"build_version":"2019-01-23","purchased_purges":0,"victory":false,"max_hp_per_floor":[72,72,72,72,72,72,72,72,72,72,72,72,72,72,72,72,72,72,72,72,72,72,72,72,72,72,72],"card_choices":[{"not_picked":["Prepared","Outmaneuver"],"picked":"Deflect","floor":1.0},{"not_picked":["Riddle With Holes","Prepared"],"picked":"Flying Knee","floor":2.0},{"not_picked":["Bane","Flying Knee"],"picked":"Poisoned Stab","floor":4.0},{"not_picked":["Bouncing Flask","Distraction"],"picked":"Terror","floor":5.0},{"not_picked":["Terror","Dagger Throw"],"picked":"A Thousand Cuts","floor":6.0},{"not_picked":["Dagger Throw","Choke","Deadly Poison"],"picked":"Sucker Punch","floor":11},{"not_picked":["Backflip","Noxious Fumes","Slice"],"picked":"Dash","floor":12},{"not_picked":["Leg Sweep","Dodge and Roll","Bane"],"picked":"After Image","floor":14},{"not_picked":["Grand Finale","Night Terror","Bullet Time"],"picked":"Die Die Die","floor":16},{"not_picked":["Quick Slash","Dagger Throw","Backflip"],"picked":"Cloak And Dagger","floor":18},{"not_picked":["Bane","Endless Agony","Backflip"],"picked":"PiercingWail","floor":19},{"not_picked":["Slice","Quick Slash","Backstab"],"picked":"Heel Hook+1","floor":22},{"not_picked":["Endless Agony","Flechettes","Blade Dance"],"picked":"Backflip","floor":24}],"player_experience":355809,"relics_obtained":[{"floor":6.0,"key":"Question Card"},{"floor":9.0,"key":"Anchor"},{"floor":11,"key":"Lantern"},{"floor":24,"key":"Bottled Tornado"},{"floor":26,"key":"Happy Flower"}],"event_choices":[{"damage_healed":0.0,"max_hp_gain":0.0,"max_hp_loss":0.0,"gold_gain":75.0,"event_name":"World of Goop","player_choice":"Gather Gold","floor":3.0,"gold_loss":0.0,"damage_taken":11.0},{"damage_healed":0,"gold_gain":0,"player_choice":"Opened","damage_taken":0,"relics_obtained":["Pantograph"],"max_hp_gain":0,"max_hp_loss":0,"event_name":"The Mausoleum","floor":20,"gold_loss":0,"cards_obtained":["Writhe"]},{"damage_healed":0,"gold_gain":0,"player_choice":"Ignored","damage_taken":0,"max_hp_gain":0,"max_hp_loss":0,"event_name":"N\u0027loth","floor":21,"gold_loss":0}],"is_beta":false,"boss_relics":[{"not_picked":["Fusion Hammer","Astrolabe"],"picked":"Cursed Key"}],"items_purged_floors":[],"is_endless":false,"potions_floor_spawned":[4,11,14,16,18],"killed_by":"Chosen and Byrds","ascension_level":18}