{"gold_per_floor":[114,129,144,219,234,234,234,249,324,339,369,384,23,38,38,138,138,153,168,183,198,213,213],"floor_reached":23,"playtime":1606,"items_purged":[],"score":201,"play_id":"5a504a8f-061b-4df8-b952-bd30037f93a9","local_time":"20190224002111","daily_mods":["Heirloom","Uncertain Future","DeadlyEvents"],"is_ascension_mode":false,"campfire_choices":[{"data":"Inflame","floor":6,"key":"SMITH"},{"data":"Whirlwind","floor":15,"key":"SMITH"}],"neow_cost":"","seed_source_timestamp":0,"circlet_count":0,"master_deck":["Strike_R","Strike_R","Strike_R","Strike_R","Strike_R","Defend_R","Defend_R","Defend_R","Defend_R","Bash","Inflame+1","Metallicize","Seeing Red","Shrug It Off","Uppercut","Metallicize+1","Carnage","Armaments","Iron Wave","Swift Strike","Whirlwind+1","Exhume","Dropkick+1","Thunderclap","Pommel Strike","Wild Strike+1","Double Tap"],"special_seed":17951,"relics":["Burning Blood","StoneCalendar","Dream Catcher","Frozen Egg 2","Shuriken","Lee\u0027s Waffle","Eternal Feather"],"potions_floor_usage":[11,23,23,23],"damage_taken":[{"damage":4,"enemies":"2 Louse","floor":1,"turns":4},{"damage":11,"enemies":"Jaw Worm","floor":2,"turns":4},{"damage":13,"enemies":"Small Slimes","floor":3,"turns":4},{"damage":14,"enemies":"Red Slaver","floor":5,"turns":5},{"damage":13,"enemies":"Exordium Thugs","floor":8,"turns":6},{"damage":6,"enemies":"Blue Slaver","floor":10,"turns":4},{"damage":21,"enemies":"Gremlin Nob","floor":11,"turns":6},{"damage":9,"enemies":"Lots of Slimes","floor":12,"turns":6},{"damage":2,"enemies":"Exordium Thugs","floor":14,"turns":4},{"damage":48,"enemies":"The Guardian","floor":16,"turns":9},{"damage":14,"enemies":"Shell Parasite","floor":18,"turns":5},{"damage":18,"enemies":"Spheric Guardian","floor":19,"turns":6},{"damage":6,"enemies":"Snake Plant","floor":20,"turns":4},{"damage":42,"enemies":"Shelled Parasite and Fungi","floor":21,"turns":7},{"damage":22,"enemies":"Snecko","floor":22,"turns":6},{"damage":17,"enemies":"Slavers","floor":23,"turns":2}],"seed_played":"4396462369862563879","potions_obtained":[{"floor":1,"key":"PowerPotion"},{"floor":11,"key":"Dexterity Potion"},{"floor":12,"key":"EssenceOfSteel"},{"floor":16,"key":"AttackPotion"},{"floor":20,"key":"Fire Potion"}],"is_trial":false,"path_per_floor":["M","M","M","?","M","R","T","M","T","M","E","M","$","M","R","B",null,"M","M","M","M","M","E"],"character_chosen":"IRONCLAD","items_purchased":["Lee\u0027s Waffle","Armaments","Iron Wave","Swift Strike"],"campfire_rested":0,"item_purchase_floors":[13,13,13,13],"current_hp_per_floor":[80,75,68,57,49,49,49,42,42,42,27,24,87,87,87,45,87,79,67,67,31,15,0],"gold":213,"neow_bonus":"","is_prod":false,"is_daily":true,"chose_seed":false,"campfire_upgraded":2,"win_rate":0,"timestamp":1550989271,"path_taken":["M","M","M","?","M","R","?","M","T","M","E","?","$","M","R","BOSS","M","M","M","M","M","E"],"build_version":"2019-01-23","purchased_purges":0,"victory":false,"max_hp_per_floor":[80,80,80,80,80,80,80,80,80,80,80,80,87,87,87,87,87,87,87,87,87,87,87],"card_choices":[{"not_picked":["Flex","Anger"],"picked":"Inflame","floor":1},{"not_picked":["Anger","Pommel Strike"],"picked":"Metallicize","floor":2},{"not_picked":["Sentinel","Clothesline"],"picked":"Seeing Red","floor":3},{"not_picked":["Iron Wave","Heavy Blade"],"picked":"Shrug It Off","floor":5},{"not_picked":["Heavy Blade","Pommel Strike"],"picked":"Uppercut","floor":8},{"not_picked":["Sentinel","Flex"],"picked":"Metallicize+1","floor":10},{"not_picked":["Warcry","Sentinel","Brutality+1"],"picked":"SKIP","floor":11},{"not_picked":["Rupture+1","Combust+1"],"picked":"Carnage","floor":12},{"not_picked":["Clothesline","Searing Blow"],"picked":"Whirlwind","floor":14},{"not_picked":["Demon Form+1","Limit Break"],"picked":"Exhume","floor":16},{"not_picked":["Power Through","Clothesline"],"picked":"Dropkick+1","floor":18},{"not_picked":["Flame Barrier","Warcry"],"picked":"Thunderclap","floor":19},{"not_picked":["Feel No Pain+1","Heavy Blade"],"picked":"Pommel Strike","floor":20},{"not_picked":["Clash","Cleave"],"picked":"Wild Strike+1","floor":21},{"not_picked":["True Grit","Warcry"],"picked":"Double Tap","floor":22}],"player_experience":72939,"relics_obtained":[{"floor":7,"key":"Dream Catcher"},{"floor":9,"key":"Frozen Egg 2"},{"floor":11,"key":"Shuriken"}],"event_choices":[{"damage_healed":0,"gold_gain":75,"player_choice":"Gather Gold","damage_taken":11,"max_hp_gain":0,"max_hp_loss":0,"event_name":"World of Goop","floor":4,"gold_loss":0}],"is_beta":false,"boss_relics":[{"not_picked":["Cursed Key","Runic Dome"],"picked":"Eternal Feather"}],"items_purged_floors":[],"is_endless":false,"potions_floor_spawned":[1,11,12,16,19,20],"killed_by":"Slavers","ascension_level":0}