{"gold_per_floor":[117,117,130,130,150,193,212,212,286,286,211,211,211,249,249,249],"floor_reached":16,"playtime":988,"items_purged":["Defend_G"],"score":140,"play_id":"3ba6d399-a1ba-4283-9d49-af5ae883a67a","local_time":"20190429161310","is_ascension_mode":true,"campfire_choices":[{"floor":8,"key":"REST"},{"data":"Footwork","floor":10,"key":"SMITH"},{"floor":13,"key":"REST"},{"data":"Burst","floor":15,"key":"SMITH"}],"neow_cost":"NONE","seed_source_timestamp":4763078811682711,"circlet_count":0,"master_deck":["Defend_G","Defend_G","Defend_G+1","Defend_G","Strike_G","Strike_G","Strike_G","Strike_G+1","Strike_G","Survivor","Neutralize","Dash","PiercingWail","PiercingWail","Footwork+1","Burst+1"],"relics":["Ring of the Snake","Golden Idol","Ginger","Dodecahedron","Orichalcum"],"potions_floor_usage":[6,14],"damage_taken":[{"damage":0,"enemies":"Jaw Worm","floor":1,"turns":6},{"damage":3,"enemies":"2 Louse","floor":3,"turns":3},{"damage":0,"enemies":"Cultist","floor":5,"turns":5},{"damage":39,"enemies":"3 Sentries","floor":6,"turns":15},{"damage":0,"enemies":"Blue Slaver","floor":7,"turns":5},{"damage":16,"enemies":"Gremlin Nob","floor":14,"turns":6},{"damage":19,"enemies":"The Guardian","floor":16,"turns":8}],"seed_played":"-5639875268191059960","potions_obtained":[{"floor":1,"key":"Dexterity Potion"},{"floor":7,"key":"Dexterity Potion"}],"is_trial":false,"path_per_floor":["M","?","M","?","M","E","M","R","T","R","$","?","R","E","R","B"],"character_chosen":"THE_SILENT","items_purchased":[],"campfire_rested":2,"item_purchase_floors":[],"current_hp_per_floor":[70,51,48,48,48,9,9,32,32,32,32,17,40,24,24,5],"gold":249,"neow_bonus":"TEN_PERCENT_HP_BONUS","is_prod":false,"is_daily":false,"chose_seed":false,"campfire_upgraded":2,"win_rate":0,"timestamp":1556568790,"path_taken":["M","?","M","?","?","E","M","R","T","R","$","?","R","E","R","BOSS"],"build_version":"2019-01-23","purchased_purges":1,"victory":false,"max_hp_per_floor":[77,77,77,77,77,77,77,77,77,77,77,77,77,77,77,77],"card_choices":[{"not_picked":["Reflex","Dodge and Roll"],"picked":"Dash","floor":1},{"not_picked":["Dodge and Roll","Masterful Stab"],"picked":"PiercingWail","floor":3},{"not_picked":["Prepared","Calculated Gamble"],"picked":"PiercingWail","floor":5},{"not_picked":["Distraction","Outmaneuver","Masterful Stab"],"picked":"SKIP","floor":6},{"not_picked":["Well Laid Plans","Bouncing Flask"],"picked":"Footwork","floor":7},{"not_picked":["Poisoned Stab","Acrobatics"],"picked":"Burst","floor":14}],"player_experience":197531,"relics_obtained":[{"floor":6,"key":"Ginger"},{"floor":9,"key":"Dodecahedron"},{"floor":14,"key":"Orichalcum"}],"event_choices":[{"damage_healed":0,"gold_gain":0,"player_choice":"Take Damage","damage_taken":19,"relics_obtained":["Golden Idol"],"max_hp_gain":0,"max_hp_loss":0,"event_name":"Golden Idol","floor":2,"gold_loss":0},{"damage_healed":0,"gold_gain":0,"player_choice":"Bought 0 Potions","damage_taken":0,"max_hp_gain":0,"max_hp_loss":0,"event_name":"The Woman in Blue","floor":4,"gold_loss":0},{"damage_healed":0,"gold_gain":0,"player_choice":"Entered Light","damage_taken":15,"max_hp_gain":0,"max_hp_loss":0,"event_name":"Shining Light","floor":12,"gold_loss":0,"cards_upgraded":["Defend_G","Strike_G"]}],"is_beta":false,"boss_relics":[],"items_purged_floors":[11],"is_endless":false,"potions_floor_spawned":[1,7],"killed_by":"The Guardian","ascension_level":6}