{"gold_per_floor":[112,128,139,89,89,89,16,16,86,142,162,86,119,119,119,224,224,242,292,304,322,21,21,32,32,32,45,45,57,89,14,14,116,116,136,154,80,80,96,96,114,114,114,114,129,143,176,203,203,203],"floor_reached":50,"playtime":2597,"items_purged":["Defend_R"],"score":603,"play_id":"f1edb4d0-d956-4f50-8395-e6254a4a3d60","local_time":"20190504125700","is_ascension_mode":true,"campfire_choices":[{"floor":6,"key":"RECALL"},{"data":"Inflame","floor":8,"key":"SMITH"},{"floor":15,"key":"REST"},{"data":"Limit Break","floor":23,"key":"SMITH"},{"data":"Heavy Blade","floor":25,"key":"SMITH"},{"floor":32,"key":"REST"},{"data":"Apotheosis","floor":40,"key":"SMITH"},{"floor":42,"key":"REST"},{"floor":49,"key":"REST"}],"neow_cost":"PERCENT_DAMAGE","seed_source_timestamp":42154373486600,"circlet_count":0,"master_deck":["Strike_R","Strike_R","Strike_R","Defend_R","Defend_R","Defend_R","Bash","Heavy Blade","Iron Wave","Pommel Strike","Inflame+1","Infernal Blade","Ghostly Armor+1","Flex","Clash","Clash","Limit Break+1","Sword Boomerang+1","Thunderclap","Inflame+1","Blood for Blood+1","Apotheosis+1","Heavy Blade+1","Inflame+1","Inflame+1","Sever Soul","Rage+1","Madness","Madness","Dropkick+1"],"relics":["Black Blood","Frozen Egg 2","Tiny Chest","Prayer Wheel","Busted Crown","Bottled Lightning","Bronze Scales","Paper Frog","Ancient Tea Set","War Paint"],"potions_floor_usage":[],"damage_taken":[{"damage":1,"enemies":"Cultist","floor":1,"turns":3},{"damage":0,"enemies":"Small Slimes","floor":2,"turns":4},{"damage":2,"enemies":"Jaw Worm","floor":3,"turns":6},{"damage":19,"enemies":"Gremlin Nob","floor":10,"turns":5},{"damage":10,"enemies":"Looter","floor":11,"turns":3},{"damage":26,"enemies":"Lagavulin","floor":13,"turns":5},{"damage":38,"enemies":"The Guardian","floor":16,"turns":11},{"damage":15,"enemies":"2 Thieves","floor":18,"turns":4},{"damage":0,"enemies":"Chosen","floor":20,"turns":4},{"damage":22,"enemies":"Sentry and Sphere","floor":21,"turns":4},{"damage":10,"enemies":"Centurion and Healer","floor":24,"turns":4},{"damage":12,"enemies":"Cultist and Chosen","floor":27,"turns":4},{"damage":25,"enemies":"Colosseum Slavers","floor":28,"turns":3},{"damage":8,"enemies":"Shelled Parasite and Fungi","floor":29,"turns":3},{"damage":17,"enemies":"Slavers","floor":30,"turns":4},{"damage":39,"enemies":"Champ","floor":33,"turns":5},{"damage":0,"enemies":"Orb Walker","floor":35,"turns":2},{"damage":17,"enemies":"3 Shapes","floor":36,"turns":3},{"damage":10,"enemies":"Transient","floor":39,"turns":5},{"damage":16,"enemies":"Jaw Worm Horde","floor":41,"turns":4},{"damage":11,"enemies":"Maw","floor":45,"turns":5},{"damage":0,"enemies":"Transient","floor":46,"turns":5},{"damage":13,"enemies":"Giant Head","floor":47,"turns":5},{"damage":102,"enemies":"Donu and Deca","floor":50,"turns":6}],"seed_played":"-6228091994287439219","potions_obtained":[{"floor":1,"key":"FearPotion"},{"floor":3,"key":"SmokeBomb"},{"floor":10,"key":"SteroidPotion"}],"is_trial":false,"path_per_floor":["M","M","M","?","?","R","$","R","T","E","M","$","E","T","R","B",null,"M","?","M","M","$","R","M","R","T","M","?","M","E","$","R","B",null,"M","M","$","?","M","R","M","R","T","?","M","M","E","T","R","B"],"character_chosen":"IRONCLAD","items_purchased":["Inflame","Flex","Clash","Apotheosis","Heavy Blade","Inflame+1","Sever Soul"],"campfire_rested":4,"item_purchase_floors":[7,12,12,22,22,22,37],"current_hp_per_floor":[77,83,87,87,80,80,80,80,80,67,63,63,43,43,71,39,96,87,87,93,77,77,77,73,73,73,67,48,46,35,35,63,30,96,96,89,89,89,89,89,83,96,96,84,83,93,90,90,96,0],"gold":203,"neow_bonus":"TWENTY_PERCENT_HP_BONUS","is_prod":false,"is_daily":false,"chose_seed":false,"campfire_upgraded":4,"win_rate":0,"timestamp":1556992620,"path_taken":["M","M","?","?","?","R","$","R","T","E","M","$","E","?","R","BOSS","M","?","M","M","$","R","M","R","T","?","?","M","E","$","R","BOSS","M","M","$","?","M","R","M","R","T","?","M","M","E","?","R","BOSS"],"build_version":"2019-01-23","purchased_purges":1,"victory":false,"max_hp_per_floor":[96,96,96,96,96,96,96,96,96,96,96,96,96,96,96,96,96,96,96,96,96,96,96,96,96,96,96,96,96,96,96,96,96,96,96,96,96,96,96,96,96,96,96,96,96,96,96,96,96,96],"card_choices":[{"not_picked":["Rupture","Pummel"],"picked":"Heavy Blade","floor":1},{"not_picked":["Combust","Searing Blow"],"picked":"Iron Wave","floor":2},{"not_picked":["Combust","Fire Breathing"],"picked":"Pommel Strike","floor":3},{"not_picked":["True Grit","Second Wind"],"picked":"Infernal Blade","floor":10},{"not_picked":["True Grit","Rupture+1"],"picked":"Ghostly Armor","floor":11},{"not_picked":["Body Slam","Heavy Blade"],"picked":"Clash","floor":13},{"not_picked":["Berserk+1","Demon Form+1"],"picked":"Limit Break","floor":16},{"not_picked":[],"picked":"Sword Boomerang+1","floor":18},{"not_picked":[],"picked":"Thunderclap","floor":18},{"not_picked":[],"picked":"Inflame+1","floor":20},{"not_picked":["Iron Wave"],"picked":"SKIP","floor":20},{"not_picked":[],"picked":"Blood for Blood+1","floor":21},{"not_picked":["Anger"],"picked":"SKIP","floor":21},{"not_picked":[],"picked":"Inflame+1","floor":24},{"not_picked":["Thunderclap"],"picked":"SKIP","floor":24},{"not_picked":["Twin Strike"],"picked":"SKIP","floor":27},{"not_picked":["Armaments+1"],"picked":"SKIP","floor":27},{"not_picked":["Body Slam"],"picked":"SKIP","floor":29},{"not_picked":["Corruption+1"],"picked":"SKIP","floor":29},{"not_picked":["Body Slam+1"],"picked":"SKIP","floor":30},{"not_picked":["Combust+1"],"picked":"SKIP","floor":35},{"not_picked":["Pommel Strike"],"picked":"SKIP","floor":35},{"not_picked":["Wild Strike"],"picked":"SKIP","floor":36},{"not_picked":["Shockwave"],"picked":"SKIP","floor":36},{"not_picked":[],"picked":"Rage","floor":39},{"not_picked":["Headbutt"],"picked":"SKIP","floor":39},{"not_picked":["Spot Weakness+1"],"picked":"SKIP","floor":41},{"not_picked":["Iron Wave"],"picked":"SKIP","floor":41},{"not_picked":[],"picked":"Dropkick+1","floor":45},{"not_picked":["Iron Wave+1"],"picked":"SKIP","floor":45},{"not_picked":["True Grit+1"],"picked":"SKIP","floor":46},{"not_picked":["Anger+1"],"picked":"SKIP","floor":46},{"not_picked":["Evolve+1"],"picked":"SKIP","floor":47}],"player_experience":164717,"relics_obtained":[{"floor":9,"key":"Frozen Egg 2"},{"floor":10,"key":"Tiny Chest"},{"floor":13,"key":"Prayer Wheel"},{"floor":26,"key":"Bottled Lightning"},{"floor":30,"key":"Bronze Scales"},{"floor":43,"key":"Paper Frog"},{"floor":47,"key":"Ancient Tea Set"},{"floor":48,"key":"War Paint"}],"event_choices":[{"cards_removed":["Strike_R"],"damage_healed":0,"gold_gain":0,"player_choice":"Card Removal","damage_taken":0,"max_hp_gain":0,"max_hp_loss":0,"event_name":"The Cleric","floor":4,"gold_loss":50},{"cards_removed":["Strike_R"],"damage_healed":0,"gold_gain":0,"player_choice":"Card Removal","damage_taken":7,"max_hp_gain":0,"max_hp_loss":0,"event_name":"Golden Wing","floor":5,"gold_loss":0},{"damage_healed":0,"gold_gain":100,"player_choice":"Bet on Murderer","damage_taken":0,"max_hp_gain":0,"max_hp_loss":0,"event_name":"The Joust","floor":19,"gold_loss":50},{"damage_healed":0,"gold_gain":0,"player_choice":"Fight","damage_taken":0,"max_hp_gain":0,"max_hp_loss":0,"event_name":"Colosseum","floor":28,"gold_loss":0},{"damage_healed":0,"gold_gain":0,"player_choice":"Fled From Nobs","damage_taken":0,"max_hp_gain":0,"max_hp_loss":0,"event_name":"Colosseum","floor":28,"gold_loss":0},{"damage_healed":0,"gold_gain":0,"player_choice":"Ignored","damage_taken":0,"max_hp_gain":0,"max_hp_loss":0,"event_name":"Mysterious Sphere","floor":38,"gold_loss":0},{"damage_healed":0,"gold_gain":0,"player_choice":"Embrace Madness","damage_taken":12,"max_hp_gain":0,"max_hp_loss":0,"event_name":"Winding Halls","floor":44,"gold_loss":0,"cards_obtained":["Madness","Madness"]}],"is_beta":false,"boss_relics":[{"not_picked":["Calling Bell","Philosopher\u0027s Stone"],"picked":"Busted Crown"},{"not_picked":["Black Star","Coffee Dripper"],"picked":"Black Blood"}],"items_purged_floors":[31],"is_endless":false,"potions_floor_spawned":[1,3,10,13,21,30,33,35,36,47],"killed_by":"Donu and Deca","ascension_level":1}