{"gold_per_floor":[365,8,23,33,33,33,66,66,66,78,93,109,109,121,121,198,198,208,234,252,268,268,268,281,308,308,308,308,326,326,344,344,422,422,442,442,28,47,60,60,78,78,101,101],"floor_reached":44,"playtime":2417,"items_purged":["Parasite"],"score":893,"play_id":"528d1637-bfd3-405d-876e-d2c9fd46ab6b","local_time":"20190515194545","is_ascension_mode":true,"campfire_choices":[{"data":"Dualcast","floor":6,"key":"SMITH"},{"data":"Reinforced Body","floor":8,"key":"SMITH"},{"data":"Glacier","floor":13,"key":"SMITH"},{"floor":15,"key":"REST"},{"floor":23,"key":"REST"},{"floor":27,"key":"REST"},{"floor":30,"key":"REST"},{"floor":32,"key":"REST"},{"data":"Loop","floor":40,"key":"SMITH"},{"floor":42,"key":"REST"}],"neow_cost":"CURSE","seed_source_timestamp":103324176285272,"circlet_count":0,"master_deck":["AscendersBane","Strike_B","Strike_B","Defend_B","Defend_B","Defend_B","Defend_B","Zap+1","Dualcast+1","Glacier+1","Reinforced Body+1","Go for the Eyes+1","Scrape+1","Cold Snap+1","Doom and Gloom+1","Beam Cell+1","Ball Lightning+1","Electrodynamics","Ball Lightning+1","Static Discharge","Go for the Eyes+1","Chill","Stack","Amplify","Stack+1","Loop+1","Decay","Reprogram","Doom and Gloom+1","Thunder Strike+1","Go for the Eyes+1","Capacitor","Blizzard+1","Ball Lightning+1","Reinforced Body","Sunder+1"],"relics":["Cracked Core","Molten Egg 2","Happy Flower","Cables","Runic Dome","Red Mask","Strawberry","Blue Candle","Sozu","Bottled Tornado","Boot"],"potions_floor_usage":[16,16,24,33,33],"damage_taken":[{"damage":7,"enemies":"Jaw Worm","floor":1,"turns":3},{"damage":0,"enemies":"Cultist","floor":3,"turns":5},{"damage":0,"enemies":"Small Slimes","floor":4,"turns":4},{"damage":12,"enemies":"3 Sentries","floor":7,"turns":12},{"damage":9,"enemies":"Blue Slaver","floor":10,"turns":2},{"damage":4,"enemies":"2 Fungi Beasts","floor":11,"turns":3},{"damage":2,"enemies":"Lots of Slimes","floor":12,"turns":2},{"damage":0,"enemies":"3 Louse","floor":14,"turns":3},{"damage":15,"enemies":"The Guardian","floor":16,"turns":8},{"damage":22,"enemies":"Shell Parasite","floor":18,"turns":3},{"damage":0,"enemies":"Masked Bandits","floor":19,"turns":2},{"damage":12,"enemies":"2 Thieves","floor":20,"turns":3},{"damage":6,"enemies":"Centurion and Healer","floor":21,"turns":4},{"damage":35,"enemies":"Chosen and Byrds","floor":24,"turns":5},{"damage":10,"enemies":"Book of Stabbing","floor":25,"turns":5},{"damage":26,"enemies":"Shelled Parasite and Fungi","floor":29,"turns":4},{"damage":14,"enemies":"Centurion and Healer","floor":31,"turns":3},{"damage":27,"enemies":"Automaton","floor":33,"turns":10},{"damage":8,"enemies":"Orb Walker","floor":35,"turns":3},{"damage":1,"enemies":"3 Darklings","floor":38,"turns":4},{"damage":0,"enemies":"Jaw Worm Horde","floor":39,"turns":3},{"damage":48,"enemies":"Maw","floor":41,"turns":8},{"damage":46,"enemies":"Nemesis","floor":44,"turns":2}],"seed_played":"5069681895783887262","potions_obtained":[{"floor":4,"key":"Strength Potion"},{"floor":11,"key":"Poison Potion"},{"floor":16,"key":"Fruit Juice"},{"floor":18,"key":"SpeedPotion"},{"floor":20,"key":"Swift Potion"},{"floor":29,"key":"FocusPotion"},{"floor":31,"key":"PowerPotion"}],"is_trial":false,"path_per_floor":["M","$","M","M","?","R","E","R","T","M","M","M","R","M","R","B",null,"M","?","M","M","?","R","M","E","T","R","?","M","R","M","R","B",null,"M","?","$","M","M","R","M","R","T","E"],"character_chosen":"DEFECT","items_purchased":["Molten Egg 2","Bottled Tornado","Capacitor","Blizzard+1"],"campfire_rested":6,"item_purchase_floors":[2,37,37,37],"current_hp_per_floor":[57,57,57,57,57,57,45,45,45,36,32,30,30,30,50,40,65,43,43,31,25,25,46,11,8,8,32,32,6,30,16,40,13,63,55,55,55,54,54,54,6,30,30,0],"gold":101,"neow_bonus":"TWO_FIFTY_GOLD","is_prod":false,"is_daily":false,"chose_seed":false,"campfire_upgraded":4,"win_rate":0,"timestamp":1557963945,"path_taken":["M","$","M","M","?","R","E","R","T","M","M","M","R","M","R","BOSS","M","?","M","M","?","R","M","E","T","R","?","M","R","M","R","BOSS","M","?","$","M","?","R","M","R","T","E"],"build_version":"2019-01-23","purchased_purges":1,"victory":false,"max_hp_per_floor":[71,68,68,68,68,68,68,68,68,68,68,68,68,68,68,73,73,73,73,73,73,73,73,73,80,80,80,80,80,80,80,80,80,80,80,80,80,80,80,80,80,80,80,80],"card_choices":[{"not_picked":["Consume","Coolheaded"],"picked":"Glacier","floor":1},{"not_picked":["Hello World","Stack"],"picked":"Reinforced Body","floor":3},{"not_picked":["Undo","Recycle"],"picked":"Go for the Eyes+1","floor":4},{"not_picked":["Hologram","Go for the Eyes+1"],"picked":"Scrape+1","floor":7},{"not_picked":["Darkness","Coolheaded"],"picked":"Cold Snap+1","floor":10},{"not_picked":["Hologram","Go for the Eyes+1"],"picked":"Doom and Gloom+1","floor":11},{"not_picked":["Darkness","Aggregate"],"picked":"Beam Cell+1","floor":12},{"not_picked":["Rebound+1","Chaos"],"picked":"Ball Lightning+1","floor":14},{"not_picked":["All For One+1","Reboot"],"picked":"Electrodynamics","floor":16},{"not_picked":["Go for the Eyes+1","Compile Driver+1"],"picked":"Ball Lightning+1","floor":18},{"not_picked":["Gash+1","Steam"],"picked":"Static Discharge","floor":19},{"not_picked":["Leap","Aggregate"],"picked":"Go for the Eyes+1","floor":20},{"not_picked":["Redo","Lockon+1"],"picked":"Chill","floor":21},{"not_picked":["Go for the Eyes+1","Barrage+1"],"picked":"Stack+1","floor":24},{"not_picked":["Hyperbeam+1","Compile Driver+1"],"picked":"Loop","floor":25},{"not_picked":["Turbo","Redo"],"picked":"Reprogram","floor":29},{"not_picked":["Conserve Battery","Sunder+1"],"picked":"Doom and Gloom+1","floor":31},{"not_picked":["Rainbow","Machine Learning"],"picked":"Thunder Strike+1","floor":33},{"not_picked":["Leap","Chaos"],"picked":"Go for the Eyes+1","floor":35},{"not_picked":["Barrage+1","Heatsinks+1"],"picked":"Ball Lightning+1","floor":38},{"not_picked":["Go for the Eyes+1","Rebound+1"],"picked":"Reinforced Body","floor":39},{"not_picked":["Go for the Eyes+1","Undo"],"picked":"Sunder+1","floor":41}],"player_experience":662602,"relics_obtained":[{"floor":7,"key":"Happy Flower"},{"floor":9,"key":"Cables"},{"floor":19,"key":"Red Mask"},{"floor":25,"key":"Strawberry"},{"floor":26,"key":"Blue Candle"},{"floor":43,"key":"Boot"}],"event_choices":[{"damage_healed":0,"gold_gain":0,"player_choice":"Grow","damage_taken":0,"max_hp_gain":0,"max_hp_loss":0,"event_name":"Living Wall","floor":5,"gold_loss":0,"cards_upgraded":["Zap"]},{"damage_healed":0,"gold_gain":0,"player_choice":"Fought Bandits","damage_taken":0,"max_hp_gain":0,"max_hp_loss":0,"event_name":"Masked Bandits","floor":19,"gold_loss":0},{"damage_healed":0,"gold_gain":0,"cards_transformed":["Strike_B","Strike_B"],"player_choice":"Became Test Subject","damage_taken":0,"max_hp_gain":0,"max_hp_loss":0,"event_name":"Drug Dealer","floor":22,"gold_loss":0,"cards_obtained":["Stack","Amplify"]},{"damage_healed":0,"gold_gain":0,"player_choice":"Smashed Altar","damage_taken":0,"max_hp_gain":0,"max_hp_loss":0,"event_name":"Forgotten Altar","floor":28,"gold_loss":0,"cards_obtained":["Decay"]},{"damage_healed":0,"gold_gain":0,"player_choice":"Ignored","damage_taken":0,"max_hp_gain":0,"max_hp_loss":0,"event_name":"SecretPortal","floor":36,"gold_loss":0}],"is_beta":false,"boss_relics":[{"not_picked":["Coffee Dripper","Snecko Eye"],"picked":"Runic Dome"},{"not_picked":["Nuclear Battery","Orrery"],"picked":"Sozu"}],"items_purged_floors":[2],"is_endless":false,"potions_floor_spawned":[4,11,14,16,18,20,21,29,31,39],"killed_by":"Nemesis","ascension_level":20}