{"gold_per_floor":[359,359,17,30,49,82,23,23,23,23,23],"floor_reached":11,"playtime":345,"items_purged":[],"score":142,"play_id":"d01d228e-6eb2-4a74-a3ba-b9fc5bc2b754","local_time":"20190523170243","is_ascension_mode":true,"campfire_choices":[{"floor":8,"key":"REST"},{"data":"Capacitor","floor":10,"key":"SMITH"}],"neow_cost":"CURSE","seed_source_timestamp":257661193709348,"circlet_count":0,"master_deck":["AscendersBane","Strike_B","Strike_B","Strike_B","Strike_B","Defend_B","Defend_B","Defend_B","Defend_B","Zap+1","Dualcast","Parasite","Coolheaded+1","Rebound","Capacitor+1","Undo+1"],"relics":["Cracked Core","Toxic Egg 2","Gremlin Horn","Omamori"],"potions_floor_usage":[],"damage_taken":[{"damage":7,"enemies":"Jaw Worm","floor":1,"turns":3},{"damage":1,"enemies":"Cultist","floor":4,"turns":3},{"damage":4,"enemies":"Small Slimes","floor":5,"turns":3},{"damage":32,"enemies":"Lagavulin","floor":6,"turns":9},{"damage":44,"enemies":"Gremlin Nob","floor":11,"turns":4}],"seed_played":"-2834005182581879741","potions_obtained":[{"floor":1,"key":"Explosive Potion"}],"is_trial":false,"path_per_floor":["M","?","$","M","M","E","?","R","T","R","E"],"character_chosen":"DEFECT","items_purchased":["Toxic Egg 2","Coolheaded+1"],"campfire_rested":1,"item_purchase_floors":[3,3],"current_hp_per_floor":[57,57,57,56,52,20,20,41,41,41,0],"gold":23,"neow_bonus":"TWO_FIFTY_GOLD","is_prod":false,"is_daily":false,"chose_seed":false,"campfire_upgraded":1,"win_rate":0,"timestamp":1558645363,"path_taken":["M","?","$","?","M","E","?","R","T","R","E"],"build_version":"2019-01-23","purchased_purges":0,"victory":false,"max_hp_per_floor":[71,71,71,71,71,71,71,71,71,71,71],"card_choices":[{"not_picked":["Steam Power","Hologram","Beam Cell"],"picked":"SKIP","floor":1},{"not_picked":["Conserve Battery+1","Gash"],"picked":"Rebound","floor":4},{"not_picked":["Cold Snap","Stack+1"],"picked":"Capacitor","floor":5},{"not_picked":["Beam Cell","Conserve Battery+1"],"picked":"Undo+1","floor":6}],"player_experience":771521,"relics_obtained":[{"floor":6,"key":"Gremlin Horn"},{"floor":9,"key":"Omamori"}],"event_choices":[{"damage_healed":0,"gold_gain":0,"player_choice":"Upgraded","damage_taken":0,"max_hp_gain":0,"max_hp_loss":0,"event_name":"Upgrade Shrine","floor":2,"gold_loss":0,"cards_upgraded":["Zap"]},{"damage_healed":0,"gold_gain":0,"player_choice":"Left Gold","damage_taken":0,"max_hp_gain":0,"max_hp_loss":0,"event_name":"World of Goop","floor":7,"gold_loss":59}],"is_beta":false,"boss_relics":[],"items_purged_floors":[],"is_endless":false,"potions_floor_spawned":[1],"killed_by":"Gremlin Nob","ascension_level":20}