{"gold_per_floor":[119,69,84,103,19,48,64,94,119,119,136,136,167,177,177,280,280,263,263,101,116,133,133,167,167,167,67,67,85,85,103,103,208,208,220,220,233,108,121,121,133,133,133,133,133],"floor_reached":45,"playtime":4317,"items_purged":["Writhe","Defend_R","Defend_R"],"score":501,"play_id":"61df1f54-2619-402d-9585-fbf5edef5a92","local_time":"20190414204841","is_ascension_mode":true,"campfire_choices":[{"floor":12,"key":"REST"},{"data":"Armaments","floor":15,"key":"SMITH"},{"data":"Double Tap","floor":23,"key":"SMITH"},{"data":"Uppercut","floor":25,"key":"SMITH"},{"data":"Barricade","floor":28,"key":"SMITH"},{"data":"Shrug It Off","floor":30,"key":"SMITH"},{"data":"Dual Wield","floor":32,"key":"SMITH"},{"data":"Demon Form","floor":40,"key":"SMITH"},{"floor":42,"key":"REST"}],"neow_cost":"NONE","seed_source_timestamp":3480281523142386,"circlet_count":0,"master_deck":["Strike_R+1","Strike_R+1","Defend_R+1","Armaments+1","Double Tap+1","Flash of Steel","Infernal Blade","Battle Trance","Shrug It Off+1","Dual Wield+1","Uppercut+1","Barricade+1","Perfected Strike+1","Swift Strike","Intimidate+1","Flex","Shockwave+1","Iron Wave+1","Demon Form+1","Pommel Strike+1","Sword Boomerang+1","Heavy Blade+1","Inflame+1","Shrug It Off+1","Bloodletting+1"],"relics":["Burning Blood","Unceasing Top","Red Skull","Whetstone","Vajra","Runic Pyramid","Letter Opener","Calipers","Self Forming Clay","Astrolabe","Bag of Marbles","Centennial Puzzle"],"potions_floor_usage":[7,8,8,16,24,24,29,33,41],"damage_taken":[{"damage":5,"enemies":"Small Slimes","floor":1,"turns":5},{"damage":7,"enemies":"Jaw Worm","floor":3,"turns":4},{"damage":0,"enemies":"2 Louse","floor":4,"turns":3},{"damage":42,"enemies":"Gremlin Nob","floor":6,"turns":5},{"damage":26,"enemies":"Exordium Thugs","floor":7,"turns":5},{"damage":15,"enemies":"Lagavulin","floor":8,"turns":9},{"damage":0,"enemies":"Blue Slaver","floor":11,"turns":2},{"damage":1,"enemies":"3 Sentries","floor":13,"turns":8},{"damage":3,"enemies":"Looter","floor":14,"turns":3},{"damage":40,"enemies":"The Guardian","floor":16,"turns":10},{"damage":25,"enemies":"2 Thieves","floor":18,"turns":4},{"damage":0,"enemies":"Spheric Guardian","floor":21,"turns":3},{"damage":16,"enemies":"Shelled Parasite and Fungi","floor":22,"turns":6},{"damage":21,"enemies":"Slavers","floor":24,"turns":5},{"damage":20,"enemies":"Centurion and Healer","floor":29,"turns":4},{"damage":5,"enemies":"Chosen and Byrds","floor":31,"turns":4},{"damage":26,"enemies":"Collector","floor":33,"turns":16},{"damage":8,"enemies":"Orb Walker","floor":35,"turns":3},{"damage":32,"enemies":"3 Shapes","floor":37,"turns":5},{"damage":21,"enemies":"Spire Growth","floor":39,"turns":4},{"damage":29,"enemies":"Transient","floor":41,"turns":5},{"damage":44,"enemies":"Writhing Mass","floor":45,"turns":5}],"seed_played":"-4906971207675611923","potions_obtained":[{"floor":3,"key":"LiquidBronze"},{"floor":6,"key":"SkillPotion"},{"floor":7,"key":"Explosive Potion"},{"floor":13,"key":"Block Potion"},{"floor":14,"key":"Weak Potion"},{"floor":18,"key":"Fire Potion"},{"floor":24,"key":"Poison Potion"},{"floor":29,"key":"EssenceOfSteel"},{"floor":39,"key":"Energy Potion"},{"floor":41,"key":"Ancient Potion"}],"is_trial":false,"path_per_floor":["M","?","M","M","$","E","M","E","T","?","M","R","E","M","R","B",null,"M","?","$","M","M","R","E","R","T","$","R","M","R","M","R","B",null,"M","?","M","$","M","R","M","R","T","?","M"],"character_chosen":"IRONCLAD","items_purchased":["Flash of Steel","Swift Strike"],"campfire_rested":2,"item_purchase_floors":[5,20],"current_hp_per_floor":[80,80,79,80,80,44,24,15,15,8,14,38,43,46,46,12,80,61,61,61,67,57,57,42,42,42,42,42,28,28,29,29,9,80,78,78,52,52,37,37,14,38,38,38,0],"gold":133,"neow_bonus":"UPGRADE_CARD","is_prod":false,"is_daily":false,"chose_seed":false,"campfire_upgraded":7,"win_rate":0,"timestamp":1555289321,"path_taken":["M","?","M","M","$","E","M","E","T","?","M","R","E","M","R","BOSS","M","?","$","M","M","R","E","R","T","$","R","M","R","M","R","BOSS","M","?","M","$","M","R","M","R","T","?","M"],"build_version":"2019-01-23","purchased_purges":3,"victory":false,"max_hp_per_floor":[80,80,80,80,80,80,80,80,80,80,80,80,80,80,80,80,80,80,80,80,80,80,80,80,80,80,80,80,80,80,80,80,80,80,80,80,80,80,80,80,80,80,80,80,80],"card_choices":[{"not_picked":["Pommel Strike","True Grit"],"picked":"Armaments","floor":1},{"not_picked":["True Grit","Clash"],"picked":"Double Tap","floor":3},{"not_picked":["Searing Blow","Havoc","Reckless Charge"],"picked":"SKIP","floor":4},{"not_picked":["Heavy Blade","Fire Breathing"],"picked":"Infernal Blade","floor":6},{"not_picked":["Cleave","Sword Boomerang"],"picked":"Battle Trance","floor":7},{"not_picked":["Armaments","Cleave","Wild Strike"],"picked":"SKIP","floor":8},{"not_picked":["Intimidate","Carnage"],"picked":"Shrug It Off","floor":11},{"not_picked":["Clash","Perfected Strike"],"picked":"Dual Wield","floor":13},{"not_picked":["Rage","Havoc"],"picked":"Uppercut","floor":14},{"not_picked":["Dark Embrace","Berserk"],"picked":"Barricade","floor":16},{"not_picked":["Headbutt","Warcry"],"picked":"Perfected Strike+1","floor":18},{"not_picked":["Evolve","Havoc"],"picked":"Intimidate+1","floor":21},{"not_picked":["Wild Strike","Havoc","Ghostly Armor"],"picked":"SKIP","floor":22},{"not_picked":["Sword Boomerang+1","Burning Pact"],"picked":"Flex","floor":24},{"not_picked":["Iron Wave","True Grit"],"picked":"Shockwave+1","floor":29},{"not_picked":["Spot Weakness","Clothesline"],"picked":"Iron Wave+1","floor":31},{"not_picked":["Juggernaut","Offering"],"picked":"Demon Form","floor":33},{"not_picked":["Shockwave","Havoc+1"],"picked":"Heavy Blade+1","floor":35},{"not_picked":["Rampage+1","Perfected Strike+1"],"picked":"Inflame+1","floor":37},{"not_picked":["Twin Strike","Wild Strike"],"picked":"Shrug It Off+1","floor":39},{"not_picked":["Iron Wave","Flex"],"picked":"Bloodletting+1","floor":41}],"player_experience":75945,"relics_obtained":[{"floor":6,"key":"Unceasing Top"},{"floor":8,"key":"Red Skull"},{"floor":9,"key":"Whetstone"},{"floor":13,"key":"Vajra"},{"floor":24,"key":"Calipers"},{"floor":26,"key":"Self Forming Clay"},{"floor":43,"key":"Bag of Marbles"},{"floor":44,"key":"Centennial Puzzle"}],"event_choices":[{"cards_removed":["Bash"],"damage_healed":0,"gold_gain":0,"player_choice":"Card Removal","damage_taken":0,"max_hp_gain":0,"max_hp_loss":0,"event_name":"The Cleric","floor":2,"gold_loss":50},{"cards_removed":["Strike_R"],"damage_healed":0,"gold_gain":0,"player_choice":"Card Removal","damage_taken":7,"max_hp_gain":0,"max_hp_loss":0,"event_name":"Golden Wing","floor":10,"gold_loss":0},{"damage_healed":0,"gold_gain":0,"player_choice":"Opened","damage_taken":0,"relics_obtained":["Letter Opener"],"max_hp_gain":0,"max_hp_loss":0,"event_name":"The Mausoleum","floor":19,"gold_loss":0,"cards_obtained":["Writhe"]},{"cards_removed":["Wild Strike"],"damage_healed":0,"gold_gain":0,"player_choice":"Removed Attack","damage_taken":0,"max_hp_gain":0,"max_hp_loss":0,"event_name":"Falling","floor":36,"gold_loss":0},{"damage_healed":0,"gold_gain":0,"player_choice":"Relic","damage_taken":0,"max_hp_gain":0,"max_hp_loss":0,"event_name":"Wheel of Change","floor":44,"gold_loss":0}],"is_beta":false,"boss_relics":[{"not_picked":["Fusion Hammer","Coffee Dripper"],"picked":"Runic Pyramid"},{"not_picked":["Orrery","Lizard Tail"],"picked":"Astrolabe"}],"items_purged_floors":[20,27,38],"is_endless":false,"potions_floor_spawned":[3,6,7,13,14,18,24,29,39,41],"killed_by":"Writhing Mass","ascension_level":2}