{"gold_per_floor":[110,121,137,152,0,0,27,27,27,45,80,80,59,84,84,183,183,196,196,216,131,131,158,85,85],"floor_reached":25,"playtime":1821,"items_purged":["Strike_B"],"score":323,"play_id":"cd837b1f-626a-4353-a664-07fccef802ea","local_time":"20190511200914","is_ascension_mode":true,"campfire_choices":[{"data":"Zap","floor":6,"key":"SMITH"},{"data":"Compile Driver","floor":8,"key":"SMITH"},{"floor":12,"key":"REST"},{"data":"Loop","floor":15,"key":"SMITH"}],"neow_cost":"NONE","seed_source_timestamp":611778168822913,"circlet_count":0,"master_deck":["Defend_B","Defend_B","Defend_B","Defend_B","Zap+1","Dualcast","Ball Lightning","Compile Driver+1","Hologram","Coolheaded","Glacier","Sweeping Beam","Reinforced Body","Loop+1","Echo Form","Darkness+1","Meteor Strike+1","Fission+1","Cold Snap+1","Heatsinks","All For One","Leap"],"relics":["Cracked Core","PreservedInsect","Potion Belt","Bottled Lightning","Mercury Hourglass","Astrolabe","MutagenicStrength","Blood Vial","Orichalcum"],"potions_floor_usage":[4,7,11,23,25],"damage_taken":[{"damage":1,"enemies":"Cultist","floor":1,"turns":4},{"damage":5,"enemies":"Small Slimes","floor":2,"turns":3},{"damage":7,"enemies":"Jaw Worm","floor":3,"turns":3},{"damage":28,"enemies":"Large Slime","floor":4,"turns":6},{"damage":9,"enemies":"3 Sentries","floor":7,"turns":9},{"damage":4,"enemies":"Looter","floor":10,"turns":3},{"damage":3,"enemies":"Lagavulin","floor":11,"turns":5},{"damage":7,"enemies":"Gremlin Nob","floor":14,"turns":3},{"damage":9,"enemies":"Slime Boss","floor":16,"turns":8},{"damage":7,"enemies":"Spheric Guardian","floor":18,"turns":4},{"damage":8,"enemies":"3 Byrds","floor":20,"turns":4},{"damage":21,"enemies":"Colosseum Slavers","floor":22,"turns":5},{"damage":25,"enemies":"Slavers","floor":23,"turns":6},{"damage":9,"enemies":"Book of Stabbing","floor":25,"turns":2}],"seed_played":"3385617056752200888","potions_obtained":[{"floor":0,"key":"GamblersBrew"},{"floor":0,"key":"SteroidPotion"},{"floor":0,"key":"Regen Potion"},{"floor":1,"key":"Dexterity Potion"},{"floor":3,"key":"Weak Potion"},{"floor":4,"key":"LiquidBronze"},{"floor":10,"key":"Ancient Potion"},{"floor":20,"key":"Poison Potion"},{"floor":23,"key":"Strength Potion"}],"is_trial":false,"path_per_floor":["M","M","M","M","$","R","E","R","T","M","E","R","?","E","R","B",null,"M","?","M","?","?","E","$","E"],"character_chosen":"DEFECT","items_purchased":["Glacier","Energy Potion","Leap"],"campfire_rested":1,"item_purchase_floors":[5,24,24],"current_hp_per_floor":[67,62,55,27,27,27,33,33,33,29,26,48,48,41,41,32,64,57,57,49,49,30,7,7,0],"gold":85,"neow_bonus":"THREE_SMALL_POTIONS","is_prod":false,"is_daily":false,"chose_seed":false,"campfire_upgraded":3,"win_rate":0,"timestamp":1557619754,"path_taken":["M","M","M","M","$","R","E","R","T","?","E","R","?","E","R","BOSS","M","?","M","?","?","E","$","E"],"build_version":"2019-01-23","purchased_purges":1,"victory":false,"max_hp_per_floor":[75,75,75,75,75,75,75,75,75,75,75,75,75,75,75,75,75,75,75,75,75,75,75,75,75],"card_choices":[{"not_picked":["Force Field","Barrage"],"picked":"Ball Lightning","floor":1},{"not_picked":["Beam Cell","Redo"],"picked":"Compile Driver","floor":2},{"not_picked":["Stack","Turbo"],"picked":"Hologram","floor":3},{"not_picked":["Chaos","Barrage"],"picked":"Coolheaded","floor":4},{"not_picked":["Redo","Reprogram"],"picked":"Sweeping Beam","floor":7},{"not_picked":["Chaos","Sweeping Beam"],"picked":"Reinforced Body","floor":10},{"not_picked":["FTL","Conserve Battery"],"picked":"Loop","floor":11},{"not_picked":["Darkness","Steam Power","Coolheaded"],"picked":"SKIP","floor":14},{"not_picked":["Fission","Meteor Strike"],"picked":"Echo Form","floor":16},{"not_picked":["Reprogram","Hello World"],"picked":"Cold Snap+1","floor":18},{"not_picked":["Aggregate","Doom and Gloom"],"picked":"Heatsinks","floor":20},{"not_picked":["Beam Cell+1","Gash"],"picked":"All For One","floor":23}],"player_experience":541990,"relics_obtained":[{"floor":7,"key":"PreservedInsect"},{"floor":9,"key":"Potion Belt"},{"floor":11,"key":"Bottled Lightning"},{"floor":14,"key":"Mercury Hourglass"},{"floor":23,"key":"Orichalcum"}],"event_choices":[{"damage_healed":0,"gold_gain":0,"player_choice":"Left Gold","damage_taken":0,"max_hp_gain":0,"max_hp_loss":0,"event_name":"World of Goop","floor":13,"gold_loss":21},{"damage_healed":0,"gold_gain":0,"player_choice":"Inject Mutagens","damage_taken":0,"relics_obtained":["MutagenicStrength"],"max_hp_gain":0,"max_hp_loss":0,"event_name":"Drug Dealer","floor":19,"gold_loss":0},{"damage_healed":0,"gold_gain":0,"player_choice":"Obtained Relic","damage_taken":0,"relics_obtained":["Blood Vial"],"max_hp_gain":0,"max_hp_loss":0,"event_name":"Addict","floor":21,"gold_loss":85},{"damage_healed":0,"gold_gain":0,"player_choice":"Fight","damage_taken":0,"max_hp_gain":0,"max_hp_loss":0,"event_name":"Colosseum","floor":22,"gold_loss":0},{"damage_healed":0,"gold_gain":0,"player_choice":"Fled From Nobs","damage_taken":0,"max_hp_gain":0,"max_hp_loss":0,"event_name":"Colosseum","floor":22,"gold_loss":0}],"is_beta":false,"boss_relics":[{"not_picked":["Runic Dome","Runic Pyramid"],"picked":"Astrolabe"}],"items_purged_floors":[5],"is_endless":false,"potions_floor_spawned":[1,3,4,10,20,23],"killed_by":"Book of Stabbing","ascension_level":7}