{"gold_per_floor":[115,115,190,207,226,226,252,252,275,309,332,342,42,54,54,150,150,160,160,160,170,189,223,223,251,277,46,72,94,106,132,144,257,269,294,318,330,342,98,98],"floor_reached":40,"playtime":1737,"items_purged":["Defend_G","Strike_G"],"score":479,"play_id":"828693bd-5544-41b2-828a-362867a1687b","local_time":"20190526051514","is_ascension_mode":false,"campfire_choices":[{"floor":6,"key":"REST"},{"floor":8,"key":"REST"},{"floor":15,"key":"REST"},{"floor":24,"key":"REST"},{"floor":30,"key":"REST"},{"floor":32,"key":"REST"}],"neow_cost":"NONE","seed_source_timestamp":338867060308920,"circlet_count":0,"master_deck":["Defend_G","Defend_G","Strike_G+1","Survivor","Neutralize","Terror+1","Dagger Throw","Riddle With Holes","Distraction","Infinite Blades","Sucker Punch","Wraith Form v2","Predator","Doppelganger","Blade Dance+1","Underhanded Strike+1","A Thousand Cuts+1","Blur+1","Ghostly","Ghostly","Ghostly","Ghostly","Ghostly","Unload","Poisoned Stab","PiercingWail","Venomology+1","Deadly Poison","Bane","Bouncing Flask","Wraith Form v2"],"relics":["Fusion Hammer","Boot","Pen Nib","Ninja Scroll","Odd Mushroom","StoneCalendar","Astrolabe","Blood Vial","Bottled Flame","War Paint","Bag of Marbles","MawBank","Busted Crown","Anchor"],"potions_floor_usage":[10,11,22,23,29,31,33,33,33,33,35,35,36,40],"damage_taken":[{"damage":0,"enemies":"Jaw Worm","floor":1,"turns":4},{"damage":0,"enemies":"2 Louse","floor":4,"turns":3},{"damage":0,"enemies":"Small Slimes","floor":5,"turns":3},{"damage":18,"enemies":"Lagavulin","floor":7,"turns":6},{"damage":8,"enemies":"Gremlin Nob","floor":10,"turns":3},{"damage":0,"enemies":"The Mushroom Lair","floor":11,"turns":2},{"damage":4,"enemies":"Gremlin Gang","floor":12,"turns":3},{"damage":0,"enemies":"Lots of Slimes","floor":14,"turns":4},{"damage":1,"enemies":"Slime Boss","floor":16,"turns":7},{"damage":0,"enemies":"3 Byrds","floor":18,"turns":4},{"damage":2,"enemies":"Chosen","floor":21,"turns":3},{"damage":3,"enemies":"Centurion and Healer","floor":22,"turns":4},{"damage":4,"enemies":"Book of Stabbing","floor":23,"turns":5},{"damage":8,"enemies":"Slavers","floor":25,"turns":5},{"damage":2,"enemies":"Book of Stabbing","floor":28,"turns":6},{"damage":6,"enemies":"Snake Plant","floor":29,"turns":5},{"damage":0,"enemies":"Snecko","floor":31,"turns":2},{"damage":11,"enemies":"Collector","floor":33,"turns":7},{"damage":4,"enemies":"3 Darklings","floor":35,"turns":3},{"damage":0,"enemies":"Orb Walker","floor":36,"turns":1},{"damage":39,"enemies":"Reptomancer","floor":40,"turns":2}],"seed_played":"-4362409134253709779","potions_obtained":[{"floor":1,"key":"Explosive Potion"},{"floor":5,"key":"Explosive Potion"},{"floor":10,"key":"GhostInAJar"},{"floor":12,"key":"Energy Potion"},{"floor":21,"key":"GamblersBrew"},{"floor":25,"key":"Energy Potion"},{"floor":29,"key":"EntropicBrew"},{"floor":31,"key":"Weak Potion"},{"floor":33,"key":"Swift Potion"},{"floor":36,"key":"AttackPotion"}],"is_trial":false,"path_per_floor":["M","?","?","M","M","R","E","R","T","E","?","M","$","M","R","B",null,"M","?","?","M","M","E","R","E","T","$","E","M","R","M","R","B",null,"M","M","?","?","$","E"],"character_chosen":"THE_SILENT","items_purchased":["StoneCalendar","Bag of Marbles","Anchor"],"campfire_rested":6,"item_purchase_floors":[13,27,39],"current_hp_per_floor":[70,56,45,45,45,66,48,69,69,61,61,57,57,57,70,69,70,70,35,35,33,30,26,35,27,27,27,27,23,33,35,35,24,35,31,33,33,33,33,0],"gold":98,"neow_bonus":"BOSS_RELIC","is_prod":false,"is_daily":false,"chose_seed":false,"campfire_upgraded":0,"win_rate":0.0,"timestamp":1558865714,"path_taken":["M","?","?","M","M","R","E","R","T","E","?","M","$","M","R","BOSS","M","?","?","?","?","E","R","E","T","?","E","?","R","M","R","BOSS","M","M","?","?","$","E"],"build_version":"2019-01-23","purchased_purges":2,"victory":false,"max_hp_per_floor":[70,70,70,70,70,70,70,70,70,70,70,70,70,70,70,70,70,70,35,35,35,35,35,35,35,35,35,35,35,35,35,35,35,35,35,35,35,35,35,35],"card_choices":[{"not_picked":["Outmaneuver","Prepared"],"picked":"Terror","floor":1},{"not_picked":["Reflex","Bane"],"picked":"Dagger Throw","floor":4},{"not_picked":["Flying Knee","Blade Dance"],"picked":"Riddle With Holes","floor":5},{"not_picked":["Dagger Throw","Flechettes"],"picked":"Distraction","floor":7},{"not_picked":["Blade Dance","Deadly Poison"],"picked":"Infinite Blades","floor":10},{"not_picked":["Terror","PiercingWail"],"picked":"Sucker Punch","floor":11},{"not_picked":["PiercingWail","Terror"],"picked":"Wraith Form v2","floor":12},{"not_picked":["Expertise","Flechettes"],"picked":"Predator","floor":14},{"not_picked":["Corpse Explosion","Tools of the Trade"],"picked":"Doppelganger","floor":16},{"not_picked":["Acrobatics+1","Deadly Poison"],"picked":"Blur+1","floor":18},{"not_picked":["Sucker Punch","Dagger Spray"],"picked":"Poisoned Stab","floor":21},{"not_picked":["Dodge and Roll","Underhanded Strike"],"picked":"PiercingWail","floor":22},{"not_picked":["Bane","Blur"],"picked":"Venomology","floor":23},{"not_picked":["Deflect","Eviscerate"],"picked":"Deadly Poison","floor":25},{"not_picked":["PiercingWail","Prepared"],"picked":"Bane","floor":28},{"not_picked":["Venomology","Prepared"],"picked":"Bouncing Flask","floor":29},{"not_picked":["Bane","Sucker Punch","Acrobatics"],"picked":"SKIP","floor":31},{"not_picked":["A Thousand Cuts","Burst"],"picked":"Wraith Form v2","floor":33},{"not_picked":["Outmaneuver"],"picked":"SKIP","floor":35},{"not_picked":["Deadly Poison"],"picked":"SKIP","floor":36}],"player_experience":11751,"relics_obtained":[{"floor":7,"key":"Boot"},{"floor":9,"key":"Pen Nib"},{"floor":10,"key":"Ninja Scroll"},{"floor":11,"key":"Odd Mushroom"},{"floor":23,"key":"Blood Vial"},{"floor":25,"key":"Bottled Flame"},{"floor":26,"key":"War Paint"},{"floor":28,"key":"MawBank"}],"event_choices":[{"damage_healed":0,"gold_gain":0,"player_choice":"Entered Light","damage_taken":14,"max_hp_gain":0,"max_hp_loss":0,"event_name":"Shining Light","floor":2,"gold_loss":0,"cards_upgraded":["Strike_G","Strike_G"]},{"damage_healed":0,"gold_gain":75,"player_choice":"Gather Gold","damage_taken":11,"max_hp_gain":0,"max_hp_loss":0,"event_name":"World of Goop","floor":3,"gold_loss":0},{"damage_healed":0,"gold_gain":0,"player_choice":"Fought Mushrooms","damage_taken":0,"max_hp_gain":0,"max_hp_loss":0,"event_name":"Mushrooms","floor":11,"gold_loss":0},{"damage_healed":0,"gold_gain":0,"player_choice":"Became a Ghost","damage_taken":0,"max_hp_gain":0,"max_hp_loss":35,"event_name":"Ghosts","floor":19,"gold_loss":0,"cards_obtained":["Ghostly","Ghostly","Ghostly","Ghostly","Ghostly"]},{"damage_healed":0,"gold_gain":0,"cards_transformed":["Defend_G"],"player_choice":"Transformed","damage_taken":0,"max_hp_gain":0,"max_hp_loss":0,"event_name":"Transmorgrifier","floor":20,"gold_loss":0,"cards_obtained":["Unload"]},{"damage_healed":0,"gold_gain":0,"player_choice":"Ignored","damage_taken":0,"max_hp_gain":0,"max_hp_loss":0,"event_name":"Tomb of Lord Red Mask","floor":37,"gold_loss":0},{"cards_removed":["Strike_G"],"damage_healed":0,"gold_gain":0,"player_choice":"Removed Attack","damage_taken":0,"max_hp_gain":0,"max_hp_loss":0,"event_name":"Falling","floor":38,"gold_loss":0}],"is_beta":false,"boss_relics":[{"not_picked":["HoveringKite","Tiny House"],"picked":"Astrolabe"},{"not_picked":["Velvet Choker","Snecko Eye"],"picked":"Busted Crown"}],"items_purged_floors":[27,39],"is_endless":false,"potions_floor_spawned":[1,5,10,12,21,25,29,31,33,36],"killed_by":"Reptomancer","ascension_level":0}