{"gold_per_floor":[115,115,130,55,72,99,115,143,189,189,189,199,210,16,16,120,120,132,132,5,5,23,23,42,67,142,159,559,569,180,190,190,190],"floor_reached":33,"playtime":1995,"items_purged":["Strike_R","Armaments","Combust"],"score":374,"play_id":"84083b58-59d4-4228-8bed-dc689d351122","local_time":"20190507193844","is_ascension_mode":true,"campfire_choices":[{"data":"True Grit","floor":10.0,"key":"SMITH"},{"floor":15.0,"key":"REST"},{"data":"Metallicize","floor":23.0,"key":"SMITH"},{"data":"Bash","floor":32.0,"key":"SMITH"}],"neow_cost":"CURSE","seed_source_timestamp":292975165010100,"circlet_count":0,"master_deck":["Defend_R","Defend_R","Defend_R","Defend_R","Bash+1","True Grit+1","Clash","Dual Wield+1","Metallicize+1","Shrug It Off","Flame Barrier","Warcry","Clash","Infernal Blade+1","Disarm+1","Bite","Bite","Bite","Bite","Bite","Armaments+1","True Grit+1","Intimidate+1","Shrug It Off+1","Warcry+1","Secret Technique+1","Infernal Blade+1","Shrug It Off+1","Seeing Red+1"],"special_seed":0,"relics":["Burning Blood","Prayer Wheel","Dream Catcher","The Courier","Smiling Mask","Toxic Egg 2","White Beast Statue","Vajra","Dodecahedron","Old Coin","Blue Candle","ClockworkSouvenir"],"potions_floor_usage":[33,33],"damage_taken":[{"damage":10.0,"enemies":"2 Louse","floor":1.0,"turns":2.0},{"damage":0.0,"enemies":"Small Slimes","floor":3.0,"turns":3.0},{"damage":0.0,"enemies":"Cultist","floor":5.0,"turns":4.0},{"damage":53.0,"enemies":"Lagavulin","floor":6.0,"turns":9.0},{"damage":7.0,"enemies":"Blue Slaver","floor":7.0,"turns":6.0},{"damage":20.0,"enemies":"3 Sentries","floor":8.0,"turns":7.0},{"damage":10.0,"enemies":"Exordium Thugs","floor":12.0,"turns":3.0},{"damage":4.0,"enemies":"Large Slime","floor":13.0,"turns":5.0},{"damage":36.0,"enemies":"Hexaghost","floor":16.0,"turns":11.0},{"damage":50.0,"enemies":"Chosen","floor":18.0,"turns":8.0},{"damage":6.0,"enemies":"Shell Parasite","floor":22.0,"turns":9.0},{"damage":0.0,"enemies":"Snake Plant","floor":24.0,"turns":6.0},{"damage":37.0,"enemies":"Book of Stabbing","floor":25.0,"turns":8.0},{"damage":7.0,"enemies":"Snecko","floor":27.0,"turns":6.0},{"damage":13.0,"enemies":"Colosseum Slavers","floor":28.0,"turns":3.0},{"damage":6.0,"enemies":"Colosseum Nobs","floor":28.0,"turns":6.0},{"damage":1.0,"enemies":"Centurion and Healer","floor":29.0,"turns":7.0},{"damage":0.0,"enemies":"Snake Plant","floor":31.0,"turns":1.0},{"damage":53,"enemies":"Automaton","floor":33,"turns":8}],"seed_played":"-1875361831446983932","potions_obtained":[{"floor":1.0,"key":"LiquidBronze"},{"floor":5.0,"key":"Energy Potion"},{"floor":6.0,"key":"SteroidPotion"},{"floor":13.0,"key":"SteroidPotion"},{"floor":18.0,"key":"Ancient Potion"},{"floor":22.0,"key":"Explosive Potion"},{"floor":24.0,"key":"Regen Potion"},{"floor":25.0,"key":"BloodPotion"},{"floor":27.0,"key":"Block Potion"},{"floor":28.0,"key":"Block Potion"},{"floor":29.0,"key":"SpeedPotion"}],"is_trial":false,"path_per_floor":["M","?","M","$","M","E","M","E","T","R","?","M","M","$","R","B",null,"M","?","$","?","M","R","M","E","T","M","?","M","$","M","R","B"],"character_chosen":"IRONCLAD","items_purchased":["Toxic Egg 2","Armaments+1","Block Potion","Secret Technique+1","ClockworkSouvenir","Infernal Blade+1"],"campfire_rested":1,"item_purchase_floors":[14,20,20,30,30,30],"current_hp_per_floor":[76,76,80,80,80,33,32,18,18,18,18,14,16,16,40,10,63,19,19,19,19,45,45,56,33,33,37,56,56,56,56,56,11],"gold":190,"neow_bonus":"ONE_RARE_RELIC","is_prod":false,"is_daily":false,"chose_seed":false,"campfire_upgraded":3,"win_rate":0,"timestamp":1557275924,"path_taken":["M","?","M","$","M","E","M","E","T","R","?","M","M","$","R","BOSS","M","?","$","?","M","R","M","E","T","?","?","M","$","M","R","BOSS"],"build_version":"2019-01-23","purchased_purges":3,"victory":false,"max_hp_per_floor":[80,80,80,80,80,80,80,80,80,80,80,80,80,80,80,80,80,80,56,56,56,56,56,56,56,56,56,56,56,56,56,56,56],"card_choices":[{"not_picked":["Perfected Strike","Shrug It Off"],"picked":"True Grit","floor":1.0},{"not_picked":["Thunderclap","Pummel"],"picked":"Clash","floor":1.0},{"not_picked":["Rupture","Armaments"],"picked":"Dual Wield","floor":3.0},{"not_picked":["Thunderclap","Perfected Strike"],"picked":"Metallicize","floor":3.0},{"not_picked":["True Grit","Twin Strike"],"picked":"Shrug It Off","floor":5.0},{"not_picked":["Limit Break","Thunderclap","Entrench"],"picked":"SKIP","floor":5.0},{"not_picked":["Fire Breathing","Reckless Charge","Dark Embrace"],"picked":"SKIP","floor":6.0},{"not_picked":["Wild Strike","Heavy Blade"],"picked":"Combust","floor":7.0},{"not_picked":["Flex","Pommel Strike","Rupture"],"picked":"SKIP","floor":7.0},{"not_picked":["Twin Strike","Anger"],"picked":"Flame Barrier","floor":8.0},{"not_picked":["Entrench","Bloodletting"],"picked":"Clash","floor":12.0},{"not_picked":["Havoc","Hemokinesis"],"picked":"Armaments","floor":12.0},{"not_picked":["Evolve","Flame Barrier","Ghostly Armor"],"picked":"SKIP","floor":13.0},{"not_picked":["Combust","Spot Weakness","Twin Strike"],"picked":"SKIP","floor":13.0},{"not_picked":["Wild Strike","Sever Soul"],"picked":"Infernal Blade+1","floor":15.0},{"not_picked":["Pommel Strike","Fire Breathing"],"picked":"Disarm+1","floor":18.0},{"not_picked":["Pommel Strike","Cleave","Inflame"],"picked":"SKIP","floor":18.0},{"not_picked":["Wild Strike+1","Iron Wave+1"],"picked":"True Grit+1","floor":22.0},{"not_picked":["Inflame","Fire Breathing"],"picked":"Intimidate+1","floor":22.0},{"not_picked":["Evolve","Anger","Searing Blow"],"picked":"SKIP","floor":24.0},{"not_picked":["Perfected Strike","Dropkick+1","Wild Strike"],"picked":"SKIP","floor":24.0},{"not_picked":["Intimidate+1","Carnage","Ghostly Armor+1"],"picked":"SKIP","floor":25.0},{"not_picked":["Havoc+1","Second Wind+1","Iron Wave+1"],"picked":"SKIP","floor":27.0},{"not_picked":["True Grit+1","Limit Break+1","Corruption+1"],"picked":"SKIP","floor":27.0},{"not_picked":["Havoc+1","Second Wind+1","Iron Wave+1"],"picked":"SKIP","floor":27.0},{"not_picked":["True Grit+1","Limit Break+1","Corruption+1"],"picked":"SKIP","floor":27.0},{"not_picked":["Clothesline","Rupture"],"picked":"Shrug It Off+1","floor":29.0},{"not_picked":["Perfected Strike","Heavy Blade"],"picked":"Warcry+1","floor":29.0},{"not_picked":["Clash","Spot Weakness+1"],"picked":"Shrug It Off+1","floor":31.0},{"not_picked":["Juggernaut","Evolve+1"],"picked":"Seeing Red+1","floor":31.0}],"player_experience":209740,"relics_obtained":[{"floor":6.0,"key":"Dream Catcher"},{"floor":8.0,"key":"The Courier"},{"floor":9.0,"key":"Smiling Mask"},{"floor":25.0,"key":"Vajra"},{"floor":26.0,"key":"Dodecahedron"},{"floor":28.0,"key":"Old Coin"},{"floor":28.0,"key":"Blue Candle"}],"event_choices":[{"cards_removed":["Regret"],"damage_healed":0.0,"max_hp_gain":0.0,"max_hp_loss":0.0,"gold_gain":0.0,"event_name":"Living Wall","player_choice":"Forget","floor":2.0,"gold_loss":0.0,"damage_taken":0.0},{"damage_healed":0.0,"max_hp_gain":0.0,"max_hp_loss":0.0,"gold_gain":0.0,"event_name":"Match and Keep!","player_choice":"1 cards matched","floor":11.0,"gold_loss":0.0,"damage_taken":0.0,"cards_obtained":["Warcry"]},{"damage_healed":0.0,"max_hp_gain":0.0,"max_hp_loss":24.0,"gold_gain":0.0,"event_name":"Vampires","player_choice":"Became a vampire","floor":19.0,"gold_loss":0.0,"damage_taken":0.0,"cards_obtained":["Bite","Bite","Bite","Bite","Bite"]},{"damage_healed":0.0,"max_hp_gain":0.0,"max_hp_loss":0.0,"gold_gain":0.0,"event_name":"Accursed Blacksmith","player_choice":"Forge","floor":21.0,"gold_loss":0.0,"damage_taken":0.0,"cards_upgraded":["Dual Wield"]},{"damage_healed":0.0,"max_hp_gain":0.0,"max_hp_loss":0.0,"gold_gain":0.0,"event_name":"Colosseum","player_choice":"Fight","floor":28.0,"gold_loss":0.0,"damage_taken":0.0},{"damage_healed":0.0,"max_hp_gain":0.0,"max_hp_loss":0.0,"gold_gain":0.0,"event_name":"Colosseum","player_choice":"Fought Nobs","floor":28.0,"gold_loss":0.0,"damage_taken":0.0}],"is_beta":false,"boss_relics":[{"not_picked":["Sozu","Mark of Pain"],"picked":"White Beast Statue"}],"items_purged_floors":[4,20,30],"is_endless":false,"potions_floor_spawned":[1,5,6,13,18,22,24,25,27,28,28,29,31],"killed_by":"Automaton","ascension_level":5}