{"gold_per_floor":[114,129,81,96,111,141,156,186,186,186,69,144,174,189,189,289,289,304,319,319,334,149,149,149,179,254,65,65,80,107,134,146,258,270,297,178,193,46,61,91,106,136,136,151,151,166,166,181,181,181],"floor_reached":51,"playtime":4119,"items_purged":["Normality","Doubt","Defend_G","Strike_G","Writhe"],"score":978,"play_id":"6211a799-3e23-4e44-9083-76e3e0e8ba89","local_time":"20190222225014","daily_mods":["Cursed Run","Vintage","Lethality"],"is_ascension_mode":false,"campfire_choices":[{"floor":10,"key":"REST"},{"data":"Blade Dance","floor":15,"key":"SMITH"},{"data":"Infinite Blades","floor":24,"key":"SMITH"},{"data":"Choke","floor":28,"key":"SMITH"},{"data":"Storm of Steel","floor":32,"key":"SMITH"},{"data":"Terror","floor":45,"key":"SMITH"},{"floor":47,"key":"REST"},{"data":"Accuracy","floor":49,"key":"SMITH"}],"neow_cost":"","seed_source_timestamp":0,"circlet_count":0,"master_deck":["Defend_G","Defend_G","Defend_G+1","Defend_G","Strike_G","Strike_G","Strike_G","Strike_G+1","Survivor","Neutralize","Underhanded Strike","Expertise","All Out Attack+1","Infinite Blades+1","Blade Dance+1","Storm of Steel+1","Dagger Throw","Dagger Throw","Finisher","Choke+1","Terror+1","Discovery","Finisher","Sucker Punch","Prepared+1","Clumsy","Bandage Up+1","Prepared+1","Adrenaline+1","Accuracy+1","Enlightenment+1","Doppelganger+1","Blade Dance+1","Acrobatics+1"],"special_seed":17950,"relics":["Cursed Key","Darkstone Periapt","Du-Vu Doll","FossilizedHelix","Orichalcum","Shuriken","Regal Pillow","Smiling Mask","Torii","Boot","Kunai","Pen Nib","Dream Catcher","Thread and Needle","Ancient Tea Set","Gremlin Horn","Nloth\u0027s Gift","Dead Branch","Toxic Egg 2","MawBank","Incense Burner","Letter Opener","Busted Crown","PreservedInsect","Whetstone","Bag of Marbles","Singing Bowl","War Paint","Omamori","The Courier","Bottled Lightning","Mummified Hand","Anchor"],"potions_floor_usage":[33,39,39,40,50],"damage_taken":[{"damage":0,"enemies":"Jaw Worm","floor":1,"turns":3},{"damage":0,"enemies":"2 Louse","floor":2,"turns":3},{"damage":0,"enemies":"Cultist","floor":4,"turns":2},{"damage":0,"enemies":"Blue Slaver","floor":5,"turns":3},{"damage":11,"enemies":"Lagavulin","floor":6,"turns":5},{"damage":4,"enemies":"Exordium Thugs","floor":7,"turns":5},{"damage":15,"enemies":"3 Sentries","floor":8,"turns":6},{"damage":0,"enemies":"Lagavulin","floor":13,"turns":4},{"damage":0,"enemies":"Looter","floor":14,"turns":2},{"damage":37,"enemies":"Hexaghost","floor":16,"turns":5},{"damage":0,"enemies":"Spheric Guardian","floor":18,"turns":2},{"damage":13,"enemies":"2 Thieves","floor":19,"turns":3},{"damage":0,"enemies":"Snecko","floor":21,"turns":3},{"damage":0,"enemies":"Gremlin Leader","floor":25,"turns":3},{"damage":0,"enemies":"Sentry and Sphere","floor":29,"turns":2},{"damage":0,"enemies":"Chosen and Byrds","floor":30,"turns":3},{"damage":7,"enemies":"Snake Plant","floor":31,"turns":2},{"damage":0,"enemies":"Automaton","floor":33,"turns":3},{"damage":0,"enemies":"Orb Walker","floor":35,"turns":1},{"damage":15,"enemies":"3 Shapes","floor":37,"turns":2},{"damage":13,"enemies":"Jaw Worm Horde","floor":39,"turns":2},{"damage":0,"enemies":"Giant Head","floor":40,"turns":2},{"damage":0,"enemies":"Maw","floor":41,"turns":4},{"damage":9,"enemies":"Nemesis","floor":42,"turns":3},{"damage":0,"enemies":"Spire Growth","floor":44,"turns":2},{"damage":0,"enemies":"Jaw Worm Horde","floor":46,"turns":2},{"damage":0,"enemies":"Writhing Mass","floor":48,"turns":2},{"damage":0,"enemies":"Donu and Deca","floor":50,"turns":2}],"seed_played":"7047609916602226335","potions_obtained":[{"floor":2,"key":"GhostInAJar"},{"floor":6,"key":"SkillPotion"},{"floor":8,"key":"Poison Potion"},{"floor":14,"key":"Energy Potion"},{"floor":30,"key":"Fire Potion"},{"floor":35,"key":"PowerPotion"},{"floor":39,"key":"EssenceOfSteel"},{"floor":48,"key":"Strength Potion"}],"is_trial":false,"path_per_floor":["M","M","$","M","M","E","M","E","T","R","$","?","E","M","R","B",null,"M","M","?","M","$","?","R","E","T","$","R","M","M","M","R","B",null,"M","$","M","$","M","E","M","E","T","M","R","M","R","M","R","B",null],"character_chosen":"THE_SILENT","items_purchased":["Underhanded Strike","Infinite Blades","Finisher","Sucker Punch","Bandage Up+1","Prepared+1","Accuracy","Enlightenment+1"],"campfire_rested":2,"item_purchase_floors":[3,11,22,22,27,27,36,38],"current_hp_per_floor":[70,70,70,70,70,59,55,40,46,76,76,65,65,65,65,34,82,82,69,53,53,53,53,53,53,59,59,59,71,77,70,70,82,94,94,94,79,79,66,66,66,63,63,63,63,69,94,94,94,94],"gold":181,"neow_bonus":"","is_prod":false,"is_daily":true,"chose_seed":false,"campfire_upgraded":6,"win_rate":0,"timestamp":1550897414,"path_taken":["M","M","$","M","M","E","M","E","T","R","$","?","E","M","R","BOSS","M","M","?","?","$","?","R","E","T","?","R","M","M","M","R","BOSS","M","$","M","$","M","E","M","E","T","M","R","M","R","M","R","BOSS"],"build_version":"2019-01-23","purchased_purges":5,"victory":true,"max_hp_per_floor":[70,70,70,70,70,70,70,70,76,76,76,76,76,76,76,82,82,82,82,82,82,82,82,82,82,88,88,88,88,88,88,88,94,94,94,94,94,94,94,94,94,94,94,94,94,94,94,94,94,94],"card_choices":[{"not_picked":["Poisoned Stab","Sucker Punch"],"picked":"Expertise","floor":6},{"not_picked":["Distraction","Finisher"],"picked":"All Out Attack","floor":8},{"not_picked":["Dagger Spray","Quick Slash"],"picked":"Blade Dance","floor":13},{"not_picked":["Unload","Adrenaline"],"picked":"Storm of Steel","floor":16},{"not_picked":["Outmaneuver","Deadly Poison"],"picked":"Dagger Throw","floor":17},{"not_picked":["Bouncing Flask","Cloak And Dagger"],"picked":"Dagger Throw","floor":17},{"not_picked":["Blade Dance","Reflex"],"picked":"Finisher","floor":17},{"not_picked":["Heel Hook","Prepared"],"picked":"Choke","floor":17},{"not_picked":["Escape Plan","Night Terror"],"picked":"Terror","floor":17},{"not_picked":["Dodge and Roll","Poisoned Stab"],"picked":"Prepared","floor":25},{"not_picked":["Burst+1","Grand Finale"],"picked":"Adrenaline+1","floor":33},{"not_picked":[],"picked":"Doppelganger+1","floor":40},{"not_picked":[],"picked":"Blade Dance+1","floor":42},{"not_picked":[],"picked":"Acrobatics+1","floor":47}],"player_experience":64554,"relics_obtained":[{"floor":1,"key":"FossilizedHelix"},{"floor":2,"key":"Orichalcum"},{"floor":4,"key":"Shuriken"},{"floor":5,"key":"Regal Pillow"},{"floor":6,"key":"Smiling Mask"},{"floor":7,"key":"Torii"},{"floor":8,"key":"Boot"},{"floor":9,"key":"Kunai"},{"floor":13,"key":"Pen Nib"},{"floor":14,"key":"Dream Catcher"},{"floor":18,"key":"Thread and Needle"},{"floor":19,"key":"Ancient Tea Set"},{"floor":21,"key":"Gremlin Horn"},{"floor":25,"key":"Dead Branch"},{"floor":26,"key":"Toxic Egg 2"},{"floor":29,"key":"MawBank"},{"floor":30,"key":"Incense Burner"},{"floor":31,"key":"Letter Opener"},{"floor":35,"key":"PreservedInsect"},{"floor":37,"key":"Whetstone"},{"floor":39,"key":"Bag of Marbles"},{"floor":40,"key":"Singing Bowl"},{"floor":41,"key":"War Paint"},{"floor":42,"key":"Omamori"},{"floor":43,"key":"The Courier"},{"floor":44,"key":"Bottled Lightning"},{"floor":46,"key":"Mummified Hand"},{"floor":48,"key":"Anchor"}],"event_choices":[{"damage_healed":0,"gold_gain":75,"player_choice":"Gather Gold","damage_taken":11,"max_hp_gain":0,"max_hp_loss":0,"event_name":"World of Goop","floor":12,"gold_loss":0},{"damage_healed":0,"gold_gain":0,"player_choice":"CARD ","damage_taken":16,"max_hp_gain":0,"max_hp_loss":0,"event_name":"Knowing Skull","floor":20,"potions_obtained":[],"gold_loss":0,"cards_obtained":["Discovery"]},{"damage_healed":0,"gold_gain":0,"player_choice":"Traded Relic","damage_taken":0,"relics_obtained":["Nloth\u0027s Gift"],"max_hp_gain":0,"max_hp_loss":0,"event_name":"N\u0027loth","floor":23,"relics_lost":["Orrery"],"gold_loss":0}],"is_beta":false,"boss_relics":[{"not_picked":["Fusion Hammer","Velvet Choker"],"picked":"Orrery"},{"not_picked":["Empty Cage","Lizard Tail"],"picked":"Busted Crown"}],"items_purged_floors":[11,22,27,36,38],"is_endless":false,"potions_floor_spawned":[2,6,8,14,16,18,21,30,31,35,39,48],"ascension_level":0}