{"gold_per_floor":[113,63,74,74,74,74,107,126,174,203,215,227,259,290,302,418,430,462,874,886,898,464,464,464,464,464,490,173,206,206,240,240,341,341,352,53,53,53,73,73],"floor_reached":40,"playtime":1128,"items_purged":["Strike_R","Strike_R"],"score":572,"play_id":"5af8e531-4317-4978-9900-b8da7440062f","local_time":"20190526023440","is_ascension_mode":true,"campfire_choices":[{"data":"Body Slam","floor":6,"key":"SMITH"},{"data":"Juggernaut","floor":11,"key":"SMITH"},{"data":"Rampage","floor":15,"key":"SMITH"},{"floor":23,"key":"REST"},{"floor":25,"key":"REST"},{"floor":32,"key":"REST"}],"neow_cost":"NONE","seed_source_timestamp":329843384237059,"circlet_count":0,"master_deck":["Defend_R","Defend_R+1","Defend_R","Bash","Body Slam+1","Headbutt","Juggernaut+1","Body Slam+1","Thunderclap","Rampage+1","Barricade","Shockwave","Anger+1","RitualDagger+1","Ghostly Armor+1","Shrug It Off","Spot Weakness","Limit Break","Heavy Blade+1","PanicButton","Shrug It Off+1"],"relics":["Burning Blood","NeowsBlessing","Juzu Bracelet","Gremlin Horn","Strawberry","MawBank","Fusion Hammer","Old Coin","Mercury Hourglass","Letter Opener","Calipers","War Paint","HandDrill","Pantograph","Bronze Scales","Sozu","Vajra","Whetstone"],"potions_floor_usage":[8,10,19,19,19,27,27,33],"damage_taken":[{"damage":0,"enemies":"Jaw Worm","floor":1,"turns":1},{"damage":0,"enemies":"Small Slimes","floor":3,"turns":1},{"damage":0,"enemies":"Gremlin Nob","floor":7,"turns":1},{"damage":0,"enemies":"2 Louse","floor":8,"turns":1},{"damage":21,"enemies":"Lagavulin","floor":10,"turns":6},{"damage":7,"enemies":"Exordium Wildlife","floor":13,"turns":2},{"damage":15,"enemies":"Looter","floor":14,"turns":3},{"damage":30,"enemies":"Slime Boss","floor":16,"turns":6},{"damage":26,"enemies":"2 Thieves","floor":18,"turns":4},{"damage":24,"enemies":"Colosseum Slavers","floor":19,"turns":4},{"damage":33,"enemies":"Colosseum Nobs","floor":19,"turns":5},{"damage":16,"enemies":"Book of Stabbing","floor":27,"turns":5},{"damage":3,"enemies":"Gremlin Leader","floor":29,"turns":4},{"damage":14,"enemies":"Slavers","floor":31,"turns":4},{"damage":0,"enemies":"Collector","floor":33,"turns":7},{"damage":25,"enemies":"Orb Walker","floor":35,"turns":4},{"damage":6,"enemies":"3 Shapes","floor":39,"turns":2},{"damage":71,"enemies":"Nemesis","floor":40,"turns":5}],"seed_played":"897673884453367279","potions_obtained":[{"floor":1,"key":"Strength Potion"},{"floor":7,"key":"Explosive Potion"},{"floor":8,"key":"EssenceOfSteel"},{"floor":16,"key":"SpeedPotion"},{"floor":18,"key":"Weak Potion"},{"floor":19,"key":"Block Potion"},{"floor":31,"key":"SkillPotion"}],"is_trial":false,"path_per_floor":["M","?","M","?","?","R","E","M","T","E","R","?","M","M","R","B",null,"M","?","?","?","$","R","?","R","T","E","$","E","?","E","R","B",null,"M","$","?","?","M","E"],"character_chosen":"IRONCLAD","items_purchased":["Letter Opener","Ghostly Armor","Block Potion","Shrug It Off","HandDrill","Vajra","Whetstone"],"campfire_rested":3,"item_purchase_floors":[22,22,22,28,28,36,36],"current_hp_per_floor":[80,80,80,77,70,70,76,80,87,72,72,72,71,62,62,38,87,67,22,16,16,16,42,42,68,68,58,58,61,61,53,79,87,87,68,68,68,68,68,0],"gold":73,"neow_bonus":"THREE_ENEMY_KILL","is_prod":false,"is_daily":false,"chose_seed":false,"campfire_upgraded":3,"win_rate":1,"timestamp":1558856080,"path_taken":["M","?","M","?","?","R","E","M","T","E","R","?","M","M","R","BOSS","M","?","?","?","$","R","?","R","T","E","$","E","?","E","R","BOSS","M","$","?","?","M","E"],"build_version":"2019-01-23","purchased_purges":2,"victory":false,"max_hp_per_floor":[80,80,80,80,80,80,80,80,87,87,87,87,87,87,87,87,87,87,87,87,87,87,87,87,87,87,87,87,87,87,87,87,87,87,87,87,87,87,87,87],"card_choices":[{"not_picked":["Dropkick","Seeing Red"],"picked":"Body Slam","floor":1},{"not_picked":["Heavy Blade","Clash"],"picked":"Headbutt","floor":3},{"not_picked":["Uppercut","Perfected Strike"],"picked":"Juggernaut","floor":7},{"not_picked":["Ghostly Armor","Disarm"],"picked":"Body Slam","floor":8},{"not_picked":["Seeing Red","Clash"],"picked":"Thunderclap","floor":10},{"not_picked":["Sword Boomerang","Perfected Strike","Searing Blow"],"picked":"SKIP","floor":13},{"not_picked":["Fire Breathing","Clothesline"],"picked":"Rampage","floor":14},{"not_picked":["Reaper","Demon Form"],"picked":"Barricade","floor":16},{"not_picked":["Rage+1","Perfected Strike"],"picked":"Shockwave","floor":18},{"not_picked":["Clash+1","Hemokinesis"],"picked":"Anger+1","floor":19},{"not_picked":["Barricade","Body Slam","Blood for Blood"],"picked":"SKIP","floor":27},{"not_picked":["Power Through","Pummel+1"],"picked":"Spot Weakness","floor":29},{"not_picked":["Inflame","Perfected Strike","Iron Wave"],"picked":"SKIP","floor":31},{"not_picked":["Double Tap","Fiend Fire"],"picked":"Limit Break","floor":33},{"not_picked":["Uppercut","Warcry"],"picked":"Heavy Blade","floor":35},{"not_picked":["Panacea","Panache"],"picked":"PanicButton","floor":37},{"not_picked":["Anger+1","Sword Boomerang+1"],"picked":"Shrug It Off+1","floor":39}],"player_experience":5266,"relics_obtained":[{"floor":7,"key":"Gremlin Horn"},{"floor":9,"key":"Strawberry"},{"floor":10,"key":"MawBank"},{"floor":19,"key":"Old Coin"},{"floor":19,"key":"Mercury Hourglass"},{"floor":26,"key":"Calipers"},{"floor":27,"key":"War Paint"},{"floor":29,"key":"Pantograph"},{"floor":31,"key":"Bronze Scales"}],"event_choices":[{"cards_removed":["Strike_R"],"damage_healed":0,"gold_gain":0,"player_choice":"Card Removal","damage_taken":0,"max_hp_gain":0,"max_hp_loss":0,"event_name":"The Cleric","floor":2,"gold_loss":50},{"damage_healed":0,"gold_gain":0,"player_choice":"Success","damage_taken":3,"relics_obtained":["Juzu Bracelet"],"max_hp_gain":0,"max_hp_loss":0,"event_name":"Scrap Ooze","floor":4,"gold_loss":0},{"cards_removed":["Strike_R"],"damage_healed":0,"gold_gain":0,"player_choice":"Card Removal","damage_taken":7,"max_hp_gain":0,"max_hp_loss":0,"event_name":"Golden Wing","floor":5,"gold_loss":0},{"damage_healed":0,"gold_gain":0,"player_choice":"Grow","damage_taken":0,"max_hp_gain":0,"max_hp_loss":0,"event_name":"Living Wall","floor":12,"gold_loss":0,"cards_upgraded":["Body Slam"]},{"damage_healed":0,"gold_gain":0,"player_choice":"Fight","damage_taken":0,"max_hp_gain":0,"max_hp_loss":0,"event_name":"Colosseum","floor":19,"gold_loss":0},{"damage_healed":0,"gold_gain":0,"player_choice":"Fought Nobs","damage_taken":0,"max_hp_gain":0,"max_hp_loss":0,"event_name":"Colosseum","floor":19,"gold_loss":0},{"damage_healed":0,"gold_gain":0,"player_choice":"Joined the Cult","damage_taken":6,"max_hp_gain":0,"max_hp_loss":0,"event_name":"Nest","floor":20,"gold_loss":0,"cards_obtained":["RitualDagger"]},{"damage_healed":0,"gold_gain":0,"player_choice":"Ignored","damage_taken":0,"max_hp_gain":0,"max_hp_loss":0,"event_name":"Vampires","floor":21,"gold_loss":0},{"cards_removed":["Strike_R"],"damage_healed":0,"gold_gain":0,"player_choice":"Elegance","damage_taken":0,"max_hp_gain":0,"max_hp_loss":0,"event_name":"Back to Basics","floor":24,"gold_loss":0},{"damage_healed":0,"gold_gain":0,"player_choice":"Ignored","damage_taken":0,"max_hp_gain":0,"max_hp_loss":0,"event_name":"Ghosts","floor":30,"gold_loss":0},{"damage_healed":0,"gold_gain":0,"player_choice":"Memory 1","damage_taken":0,"max_hp_gain":0,"max_hp_loss":0,"event_name":"SensoryStone","floor":37,"gold_loss":0},{"cards_removed":["Defend_R"],"damage_healed":0,"gold_gain":0,"player_choice":"Removed Skill","damage_taken":0,"max_hp_gain":0,"max_hp_loss":0,"event_name":"Falling","floor":38,"gold_loss":0}],"is_beta":false,"boss_relics":[{"not_picked":["Runic Dome","Ectoplasm"],"picked":"Fusion Hammer"},{"not_picked":["Empty Cage","Runic Pyramid"],"picked":"Sozu"}],"items_purged_floors":[22,28],"is_endless":false,"potions_floor_spawned":[1,7,8,16,18,19,31],"killed_by":"Nemesis","ascension_level":1}