{"gold_per_floor":[119,130,143,154,154,183,183,200,200,200,200,213,237,253,253,253],"floor_reached":16,"playtime":1448,"items_purged":[],"score":170,"play_id":"916be627-eb9e-4ffc-ae79-36396360922e","local_time":"20190503171709","is_ascension_mode":true,"campfire_choices":[{"data":"Neutralize","floor":7,"key":"SMITH"},{"floor":15,"key":"REST"}],"neow_cost":"NONE","seed_source_timestamp":5112047254361089,"circlet_count":0,"master_deck":["AscendersBane","Defend_G","Defend_G","Defend_G","Defend_G","Defend_G","Strike_G","Strike_G","Strike_G","Strike_G","Strike_G","Survivor","Neutralize+1","Flying Knee","Glass Knife","Deadly Poison","Cloak And Dagger","Footwork","Injury"],"relics":["Ring of the Snake","Pantograph","Paper Crane","Golden Idol","Sundial"],"potions_floor_usage":[6,13,16,16],"damage_taken":[{"damage":0,"enemies":"2 Louse","floor":1,"turns":3},{"damage":0,"enemies":"Jaw Worm","floor":2,"turns":5},{"damage":1,"enemies":"Cultist","floor":3,"turns":4},{"damage":0,"enemies":"Blue Slaver","floor":4,"turns":3},{"damage":23,"enemies":"Gremlin Nob","floor":6,"turns":4},{"damage":2,"enemies":"3 Louse","floor":8,"turns":3},{"damage":6,"enemies":"Looter","floor":12,"turns":3},{"damage":9,"enemies":"Gremlin Gang","floor":13,"turns":7},{"damage":17,"enemies":"Lots of Slimes","floor":14,"turns":6},{"damage":71,"enemies":"Slime Boss","floor":16,"turns":14}],"seed_played":"-7831788729946219194","potions_obtained":[{"floor":1,"key":"PowerPotion"},{"floor":2,"key":"GhostInAJar"},{"floor":6,"key":"Poison Potion"},{"floor":14,"key":"Fire Potion"}],"is_trial":false,"path_per_floor":["M","M","M","M","$","E","R","M","T","?","?","M","M","M","R","B"],"character_chosen":"THE_SILENT","items_purchased":[],"campfire_rested":1,"item_purchase_floors":[],"current_hp_per_floor":[70,70,69,69,69,46,46,44,44,44,44,38,29,12,35,0],"gold":253,"neow_bonus":"TEN_PERCENT_HP_BONUS","is_prod":false,"is_daily":false,"chose_seed":false,"campfire_upgraded":1,"win_rate":0,"timestamp":1556918229,"path_taken":["M","M","M","M","$","E","R","M","T","?","?","M","M","M","R","BOSS"],"build_version":"2019-01-23","purchased_purges":0,"victory":false,"max_hp_per_floor":[77,77,77,77,77,77,77,77,77,77,77,77,77,77,77,77],"card_choices":[{"not_picked":["Quick Slash","Slice"],"picked":"Flying Knee","floor":1},{"not_picked":["Sucker Punch","Deadly Poison"],"picked":"Glass Knife","floor":2},{"not_picked":["Tactician","Catalyst"],"picked":"Deadly Poison","floor":3},{"not_picked":["Deflect","Quick Slash"],"picked":"Cloak And Dagger","floor":4},{"not_picked":["Slice","Doppelganger","Acrobatics"],"picked":"SKIP","floor":6},{"not_picked":["Acrobatics","Underhanded Strike"],"picked":"Footwork","floor":8},{"not_picked":["Prepared","Sucker Punch","Slice"],"picked":"SKIP","floor":12},{"not_picked":["Riddle With Holes","Expertise","Outmaneuver"],"picked":"SKIP","floor":13},{"not_picked":["Slice","Eviscerate","Acrobatics"],"picked":"SKIP","floor":14}],"player_experience":270339,"relics_obtained":[{"floor":6,"key":"Pantograph"},{"floor":9,"key":"Paper Crane"},{"floor":11,"key":"Sundial"}],"event_choices":[{"damage_healed":0,"gold_gain":0,"player_choice":"Take Wound","damage_taken":0,"relics_obtained":["Golden Idol"],"max_hp_gain":0,"max_hp_loss":0,"event_name":"Golden Idol","floor":10,"gold_loss":0,"cards_obtained":["Injury"]},{"damage_healed":0,"gold_gain":0,"player_choice":"Relic","damage_taken":0,"max_hp_gain":0,"max_hp_loss":0,"event_name":"Wheel of Change","floor":11,"gold_loss":0}],"is_beta":false,"boss_relics":[],"items_purged_floors":[],"is_endless":false,"potions_floor_spawned":[1,2,6,8,14],"killed_by":"Slime Boss","ascension_level":12}