{"gold_per_floor":[115,128,128,128,141,141,156,156,156,104,116,116,116,176,176,255,305,317,334,384,434,453,453,231,250,250,67,84,154,204,214,214,214],"floor_reached":33,"playtime":1187,"items_purged":["Strike_G"],"score":614,"play_id":"1133dbed-33d8-4baa-89a2-97c09770f60e","local_time":"20190527215805","is_ascension_mode":true,"campfire_choices":[{"data":"Phantasmal Killer","floor":6.0,"key":"SMITH"},{"data":"Dash","floor":8.0,"key":"SMITH"},{"data":"Neutralize","floor":12.0,"key":"SMITH"},{"data":"Blade Dance","floor":15.0,"key":"SMITH"},{"data":"Accuracy","floor":23,"key":"SMITH"},{"floor":32,"key":"REST"}],"neow_cost":"NONE","seed_source_timestamp":982687772637447,"circlet_count":0,"master_deck":["AscendersBane","Defend_G+1","Defend_G+1","Defend_G+1","Defend_G+1","Strike_G+1","Strike_G+1","Strike_G+1","Survivor+1","Neutralize+1","Phantasmal Killer+1","Dash+1","Blade Dance+1","Blade Dance","Backflip","Die Die Die","Leg Sweep","Accuracy+1","Infinite Blades","Backstab","Cloak And Dagger"],"special_seed":0,"relics":["Ring of the Snake","Meat on the Bone","SsserpentHead","Tiny House","Tiny Chest","Blue Candle"],"potions_floor_usage":[22,27,29,33,33],"damage_taken":[{"damage":5.0,"enemies":"2 Louse","floor":1.0,"turns":4.0},{"damage":0.0,"enemies":"Small Slimes","floor":2.0,"turns":4.0},{"damage":1.0,"enemies":"Jaw Worm","floor":5.0,"turns":4.0},{"damage":2.0,"enemies":"Exordium Wildlife","floor":7.0,"turns":4.0},{"damage":0.0,"enemies":"Blue Slaver","floor":11.0,"turns":4.0},{"damage":0.0,"enemies":"Red Slaver","floor":14.0,"turns":3.0},{"damage":39.0,"enemies":"Slime Boss","floor":16.0,"turns":11.0},{"damage":7.0,"enemies":"Chosen","floor":18.0,"turns":6.0},{"damage":3.0,"enemies":"3 Byrds","floor":19.0,"turns":5.0},{"damage":4,"enemies":"Centurion and Healer","floor":22,"turns":5},{"damage":16,"enemies":"Shelled Parasite and Fungi","floor":25,"turns":6},{"damage":33,"enemies":"Snake Plant","floor":28,"turns":8},{"damage":17,"enemies":"Chosen and Byrds","floor":29,"turns":7},{"damage":2,"enemies":"Snecko","floor":31,"turns":5},{"damage":71,"enemies":"Collector","floor":33,"turns":10}],"seed_played":"-1313561795055986680","potions_obtained":[{"floor":5.0,"key":"PowerPotion"},{"floor":14.0,"key":"Energy Potion"},{"floor":16.0,"key":"Energy Potion"},{"floor":17.0,"key":"Strength Potion"},{"floor":22,"key":"SkillPotion"},{"floor":28,"key":"Block Potion"},{"floor":31,"key":"Regen Potion"}],"is_trial":false,"path_per_floor":["M","M","?","?","M","R","M","R","T","$","M","R","?","M","R","B",null,"M","M","?","?","M","R","$","M","T","$","M","M","?","M","R","B"],"character_chosen":"THE_SILENT","items_purchased":["Backflip","Infinite Blades","Tiny Chest","Fruit Juice"],"campfire_rested":1,"item_purchase_floors":[10,24,24,27],"current_hp_per_floor":[54,54,54,54,53,53,51,51,51,51,51,51,51,51,51,24,61,54,51,51,51,47,47,47,43,43,48,27,22,22,32,54,0],"gold":214,"neow_bonus":"ONE_RANDOM_RARE_CARD","is_prod":false,"is_daily":false,"chose_seed":false,"campfire_upgraded":5,"win_rate":0,"timestamp":1558965485,"path_taken":["M","M","?","?","M","R","M","R","T","?","?","R","?","?","R","BOSS","M","M","?","?","M","R","$","M","T","$","M","?","?","M","R","BOSS"],"build_version":"2019-01-23","purchased_purges":1,"victory":false,"max_hp_per_floor":[66,66,66,66,66,66,66,66,66,66,66,66,66,66,66,66,71,71,71,71,71,71,71,71,71,71,76,76,76,76,76,76,76],"card_choices":[{"not_picked":["Outmaneuver","PiercingWail"],"picked":"Dash","floor":1.0},{"not_picked":["Caltrops","Bane"],"picked":"Blade Dance","floor":2.0},{"not_picked":["Dagger Spray","Prepared"],"picked":"Blade Dance","floor":5.0},{"not_picked":["Slice","Wraith Form v2","Outmaneuver"],"picked":"SKIP","floor":7.0},{"not_picked":["Skewer","Slice","Dodge and Roll"],"picked":"SKIP","floor":11.0},{"not_picked":["Dagger Spray","Poisoned Stab","Bane"],"picked":"SKIP","floor":14.0},{"not_picked":["Doppelganger","Storm of Steel"],"picked":"Die Die Die","floor":16.0},{"not_picked":["Dagger Spray","Underhanded Strike"],"picked":"Leg Sweep","floor":17.0},{"not_picked":["Sucker Punch","Bane","Underhanded Strike"],"picked":"SKIP","floor":18.0},{"not_picked":["Predator","Flying Knee"],"picked":"Accuracy","floor":19.0},{"not_picked":["Poisoned Stab","Dagger Throw","Tactician"],"picked":"SKIP","floor":22},{"not_picked":["Quick Slash+1","Dagger Spray","Flechettes"],"picked":"SKIP","floor":25},{"not_picked":["Flechettes","Bane"],"picked":"Backstab","floor":28},{"not_picked":["Poisoned Stab","Quick Slash+1","Slice+1"],"picked":"SKIP","floor":29},{"not_picked":["Dagger Throw","Dagger Spray"],"picked":"Cloak And Dagger","floor":31}],"player_experience":609378,"relics_obtained":[{"floor":9.0,"key":"Meat on the Bone"},{"floor":26,"key":"Blue Candle"}],"event_choices":[{"cards_removed":["Defend_G"],"damage_healed":0.0,"max_hp_gain":0.0,"max_hp_loss":0.0,"gold_gain":0.0,"event_name":"Living Wall","player_choice":"Forget","floor":3.0,"gold_loss":0.0,"damage_taken":0.0},{"damage_healed":0.0,"max_hp_gain":0.0,"max_hp_loss":0.0,"gold_gain":0.0,"event_name":"Golden Idol","player_choice":"Ignored","floor":4.0,"gold_loss":0.0,"damage_taken":0.0},{"damage_healed":0.0,"max_hp_gain":0.0,"max_hp_loss":0.0,"gold_gain":0.0,"event_name":"FaceTrader","player_choice":"Trade","floor":13.0,"gold_loss":0.0,"damage_taken":0.0,"relics_obtained":["SsserpentHead"]},{"damage_healed":0.0,"max_hp_gain":0.0,"max_hp_loss":0.0,"gold_gain":0.0,"event_name":"Ghosts","player_choice":"Ignored","floor":20.0,"gold_loss":0.0,"damage_taken":0.0},{"cards_removed":["Strike_G"],"damage_healed":0.0,"max_hp_gain":0.0,"max_hp_loss":0.0,"gold_gain":0.0,"event_name":"Bonfire Elementals","player_choice":"Offered Basic","floor":21.0,"gold_loss":0.0,"damage_taken":0.0},{"damage_healed":0,"gold_gain":0,"player_choice":"Simplicity","damage_taken":0,"max_hp_gain":0,"max_hp_loss":0,"event_name":"Back to Basics","floor":30,"gold_loss":0,"cards_upgraded":["Defend_G","Defend_G","Defend_G","Defend_G","Strike_G","Strike_G","Strike_G"]}],"is_beta":false,"boss_relics":[{"not_picked":["HoveringKite","Fusion Hammer"],"picked":"Tiny House"}],"items_purged_floors":[27],"is_endless":false,"potions_floor_spawned":[5,14,16,22,28,31],"killed_by":"Collector","ascension_level":16}