{"gold_per_floor":[144,33,78,123,168,258,258,41,41,131,87,132,177,222,222,522,522,567,86,86,86,131,131,176,221,246,246,173,41,41,86,86,386,386,431,731,731,167,212,257,302,302,377,377,9,84,174,219,219,219],"floor_reached":51,"playtime":4506,"items_purged":["Defend_G","Strike_G"],"score":714,"play_id":"f650c645-8dc2-4f24-a835-b5f641e26009","local_time":"20190426214416","daily_mods":["Allstar","Colorless Cards","Midas"],"is_ascension_mode":false,"campfire_choices":[{"floor":7,"key":"REST"},{"floor":15,"key":"REST"},{"floor":23,"key":"REST"},{"floor":27,"key":"REST"},{"floor":32,"key":"REST"},{"floor":42,"key":"REST"},{"floor":49,"key":"REST"}],"neow_cost":"","seed_source_timestamp":4510164626593701,"circlet_count":0,"master_deck":["Defend_G+1","Defend_G+1","Defend_G+1","Defend_G+1","Strike_G+1","Strike_G+1","Strike_G+1","Strike_G+1","Survivor","Neutralize","Swift Strike","Panache","Trip","Swift Strike","Infinite Blades","Leg Sweep","Blade Dance","Blade Dance","Accuracy","Cloak And Dagger","Blade Dance","Backflip","Noxious Fumes","Cloak And Dagger","Tools of the Trade","Flash of Steel","Footwork","Backflip","Necronomicurse","Dramatic Entrance","Mind Blast+1","Caltrops","Noxious Fumes","Cloak And Dagger","Footwork","Madness+1","Mayhem","Thinking Ahead+1","Secret Weapon+1","Deep Breath+1","Dodge and Roll+1","Accuracy","Prepared+1","Finisher","Master of Strategy","Footwork","Underhanded Strike","Terror+1","The Bomb"],"special_seed":18013,"relics":["Ring of the Snake","Lantern","Snake Skull","Nunchaku","Fusion Hammer","Pear","Necronomicon","Orichalcum","Astrolabe","Gambling Chip","Potion Belt","Bronze Scales","ClockworkSouvenir","Meat on the Bone","Kunai","Bottled Tornado","Ornamental Fan"],"potions_floor_usage":[6,6,14,16,33,35,40,48,50,50],"damage_taken":[{"damage":10,"enemies":"Small Slimes","floor":1,"turns":4},{"damage":0,"enemies":"2 Louse","floor":3,"turns":1},{"damage":8,"enemies":"Jaw Worm","floor":4,"turns":4},{"damage":6,"enemies":"Blue Slaver","floor":5,"turns":3},{"damage":21,"enemies":"Gremlin Nob","floor":6,"turns":5},{"damage":21,"enemies":"Lagavulin","floor":10,"turns":6},{"damage":2,"enemies":"Looter","floor":12,"turns":3},{"damage":6,"enemies":"3 Louse","floor":13,"turns":2},{"damage":5,"enemies":"Red Slaver","floor":14,"turns":2},{"damage":14,"enemies":"Slime Boss","floor":16,"turns":8},{"damage":1,"enemies":"3 Byrds","floor":18,"turns":4},{"damage":0,"enemies":"Shell Parasite","floor":22,"turns":4},{"damage":27,"enemies":"Snake Plant","floor":24,"turns":6},{"damage":5,"enemies":"Snecko","floor":25,"turns":5},{"damage":14,"enemies":"Shelled Parasite and Fungi","floor":31,"turns":4},{"damage":32,"enemies":"Champ","floor":33,"turns":9},{"damage":3,"enemies":"3 Darklings","floor":35,"turns":3},{"damage":10,"enemies":"Mind Bloom Boss Battle","floor":36,"turns":6},{"damage":18,"enemies":"Orb Walker","floor":39,"turns":3},{"damage":4,"enemies":"3 Darklings","floor":40,"turns":5},{"damage":9,"enemies":"Sphere and 2 Shapes","floor":41,"turns":3},{"damage":14,"enemies":"Nemesis","floor":47,"turns":7},{"damage":10,"enemies":"Transient","floor":48,"turns":5},{"damage":69,"enemies":"Time Eater","floor":50,"turns":12}],"seed_played":"3295322973360831123","potions_obtained":[{"floor":1,"key":"Block Potion"},{"floor":4,"key":"Explosive Potion"},{"floor":6,"key":"GamblersBrew"},{"floor":14,"key":"EssenceOfSteel"},{"floor":16,"key":"Ancient Potion"},{"floor":33,"key":"Swift Potion"},{"floor":36,"key":"Fire Potion"},{"floor":39,"key":"Fire Potion"}],"is_trial":false,"path_per_floor":["M","$","M","M","M","E","R","$","T","E","?","M","M","M","R","B",null,"M","$","?","?","M","R","M","M","T","R","$","$","?","M","R","B",null,"M","?","?","$","M","M","M","R","T","?","$","T","E","M","R","B",null],"character_chosen":"THE_SILENT","items_purchased":["Infinite Blades","Leg Sweep","Accuracy","Cloak And Dagger","Blade Dance","Footwork","Backflip","Pear","Caltrops","Noxious Fumes","Cloak And Dagger","Accuracy","Bronze Scales","ClockworkSouvenir","Regen Potion","SpeedPotion","AttackPotion","Footwork","Kunai","Underhanded Strike"],"campfire_rested":7,"item_purchase_floors":[2,2,8,8,8,19,19,19,28,29,29,38,38,38,38,38,38,45,45,45],"current_hp_per_floor":[60,60,60,52,46,25,46,46,46,25,25,23,17,12,33,19,70,69,79,63,63,63,80,53,48,48,72,72,72,72,58,80,48,80,77,67,67,67,49,45,36,60,60,60,60,60,46,48,72,28],"gold":219,"neow_bonus":"","is_prod":false,"is_daily":true,"chose_seed":false,"campfire_upgraded":0,"win_rate":0,"timestamp":1556329456,"path_taken":["M","$","M","M","M","E","R","$","T","E","?","M","M","M","R","BOSS","M","$","?","?","M","R","M","M","T","R","?","$","?","M","R","BOSS","M","?","?","$","M","M","?","R","T","?","$","?","E","M","R","BOSS"],"build_version":"2019-01-23","purchased_purges":2,"victory":true,"max_hp_per_floor":[70,70,70,70,70,70,70,70,70,70,70,70,70,70,70,70,70,70,80,80,80,80,80,80,80,80,80,80,80,80,80,80,80,80,80,80,80,80,80,80,80,80,80,80,80,80,80,80,80,80],"card_choices":[{"not_picked":["Expertise","Enlightenment"],"picked":"Swift Strike","floor":1},{"not_picked":["Dagger Throw","All Out Attack","Sucker Punch"],"picked":"SKIP","floor":3},{"not_picked":["Purity","Dagger Throw"],"picked":"Blade Dance","floor":4},{"not_picked":["PanicButton","Enlightenment","Deflect"],"picked":"SKIP","floor":5},{"not_picked":["Quick Slash","Poisoned Stab"],"picked":"Blade Dance","floor":6},{"not_picked":["Quick Slash","Escape Plan"],"picked":"Backflip","floor":10},{"not_picked":["Dagger Spray","Sucker Punch"],"picked":"Calculated Gamble","floor":12},{"not_picked":["Panacea","Acrobatics"],"picked":"Noxious Fumes","floor":13},{"not_picked":["Expertise","Masterful Stab"],"picked":"Cloak And Dagger","floor":14},{"not_picked":["Thinking Ahead","Glass Knife"],"picked":"Tools of the Trade","floor":16},{"not_picked":["Underhanded Strike","Quick Slash+1"],"picked":"Flash of Steel","floor":18},{"not_picked":["All Out Attack","Flying Knee"],"picked":"Dramatic Entrance","floor":22},{"not_picked":["Swift Strike+1","PiercingWail"],"picked":"Mind Blast+1","floor":24},{"not_picked":["PiercingWail","Secret Technique"],"picked":"Setup+1","floor":25},{"not_picked":["Dagger Throw","Calculated Gamble"],"picked":"Madness+1","floor":31},{"not_picked":["HandOfGreed","Violence"],"picked":"Mayhem","floor":33},{"not_picked":["Bane+1","Cloak And Dagger"],"picked":"Dodge and Roll+1","floor":35},{"not_picked":["Dodge and Roll+1","Blind"],"picked":"Prepared+1","floor":39},{"not_picked":["Poisoned Stab+1","Bane","Reflex+1"],"picked":"SKIP","floor":40},{"not_picked":["Outmaneuver+1","Bouncing Flask+1"],"picked":"Finisher","floor":41},{"not_picked":["Poisoned Stab","Bane+1"],"picked":"Terror+1","floor":47},{"not_picked":["Quick Slash+1","Expertise"],"picked":"The Bomb","floor":48}],"player_experience":173774,"relics_obtained":[{"floor":6,"key":"Lantern"},{"floor":9,"key":"Snake Skull"},{"floor":10,"key":"Nunchaku"},{"floor":20,"key":"Necronomicon"},{"floor":26,"key":"Orichalcum"},{"floor":36,"key":"Gambling Chip"},{"floor":37,"key":"Potion Belt"},{"floor":43,"key":"Meat on the Bone"},{"floor":46,"key":"Bottled Tornado"},{"floor":47,"key":"Ornamental Fan"}],"event_choices":[{"damage_healed":0,"gold_gain":0,"player_choice":"Left Gold","damage_taken":0,"max_hp_gain":0,"max_hp_loss":0,"event_name":"World of Goop","floor":11,"gold_loss":44},{"damage_healed":0,"gold_gain":0,"player_choice":"Obtained Book","damage_taken":16,"max_hp_gain":0,"max_hp_loss":0,"event_name":"Cursed Tome","floor":20,"gold_loss":0},{"damage_healed":0,"gold_gain":0,"player_choice":"Simplicity","damage_taken":0,"max_hp_gain":0,"max_hp_loss":0,"event_name":"Back to Basics","floor":21,"gold_loss":0,"cards_upgraded":["Defend_G","Defend_G","Defend_G","Defend_G","Strike_G","Strike_G","Strike_G","Strike_G"]},{"damage_healed":0,"gold_gain":0,"player_choice":"Read","damage_taken":0,"max_hp_gain":0,"max_hp_loss":0,"event_name":"The Library","floor":30,"gold_loss":0,"cards_obtained":["Footwork"]},{"damage_healed":0,"gold_gain":0,"player_choice":"Fight","damage_taken":0,"max_hp_gain":0,"max_hp_loss":0,"event_name":"MindBloom","floor":36,"gold_loss":0},{"damage_healed":0,"gold_gain":0,"player_choice":"Relic","damage_taken":0,"max_hp_gain":0,"max_hp_loss":0,"event_name":"Wheel of Change","floor":37,"gold_loss":0},{"damage_healed":0,"gold_gain":0,"cards_transformed":["Calculated Gamble"],"player_choice":"Transformed","damage_taken":0,"max_hp_gain":0,"max_hp_loss":0,"event_name":"Transmorgrifier","floor":44,"gold_loss":0,"cards_obtained":["Master of Strategy"]}],"is_beta":false,"boss_relics":[{"not_picked":["Cursed Key","Philosopher\u0027s Stone"],"picked":"Fusion Hammer"},{"not_picked":["Empty Cage","Black Star"],"picked":"Astrolabe"}],"items_purged_floors":[8,19],"is_endless":false,"potions_floor_spawned":[1,4,6,14,16,33,36,39],"ascension_level":0}