{"gold_per_floor":[119,79,97,111,111,111,136,136,136,168,168,180,205,205,205,308,308,319,319,331,351,351,351,380,380,380,392,77,77,77],"floor_reached":30,"playtime":840,"items_purged":["Strike_R"],"score":318,"play_id":"501c6f9c-b58b-4d87-a39c-e09405f7612d","local_time":"20190526062106","is_ascension_mode":true,"campfire_choices":[{"data":"Metallicize","floor":6,"key":"SMITH"},{"data":"Demon Form","floor":8,"key":"SMITH"},{"floor":11,"key":"REST"},{"data":"Spot Weakness","floor":15,"key":"SMITH"},{"data":"Flame Barrier","floor":23,"key":"SMITH"}],"neow_cost":"NONE","seed_source_timestamp":343717455424943,"circlet_count":0,"master_deck":["Strike_R","Strike_R","Strike_R","Strike_R","Defend_R","Defend_R","Defend_R","Defend_R","Bash+1","Flame Barrier+1","Headbutt","Metallicize+1","Demon Form+1","Spot Weakness+1","Metallicize","Shockwave+1","Metallicize+1","True Grit+1","Twin Strike+1","Writhe","Sword Boomerang","Disarm+1","Decay"],"relics":["Burning Blood","NeowsBlessing","Self Forming Clay","Champion Belt","Bottled Lightning","Ornamental Fan","Philosopher\u0027s Stone","Du-Vu Doll","Darkstone Periapt","Regal Pillow","Bottled Tornado","Gremlin Horn"],"potions_floor_usage":[7,7,13,16,16,18,21,21,30],"damage_taken":[{"damage":0,"enemies":"Small Slimes","floor":1,"turns":1},{"damage":0,"enemies":"Cultist","floor":3,"turns":1},{"damage":0,"enemies":"Jaw Worm","floor":4,"turns":1},{"damage":28,"enemies":"Lagavulin","floor":7,"turns":5},{"damage":19,"enemies":"3 Sentries","floor":10,"turns":6},{"damage":2,"enemies":"Red Slaver","floor":12,"turns":5},{"damage":3,"enemies":"Gremlin Nob","floor":13,"turns":5},{"damage":5,"enemies":"The Guardian","floor":16,"turns":9},{"damage":13,"enemies":"Spheric Guardian","floor":18,"turns":4},{"damage":24,"enemies":"2 Thieves","floor":20,"turns":5},{"damage":2,"enemies":"Chosen and Byrds","floor":21,"turns":4},{"damage":60,"enemies":"Gremlin Leader","floor":24,"turns":6},{"damage":11,"enemies":"3 Cultists","floor":27,"turns":4},{"damage":23,"enemies":"Snake Plant","floor":30,"turns":2}],"seed_played":"5626453074483718252","potions_obtained":[{"floor":2,"key":"Poison Potion"},{"floor":2,"key":"SkillPotion"},{"floor":2,"key":"Ancient Potion"},{"floor":10,"key":"LiquidBronze"},{"floor":12,"key":"SpeedPotion"},{"floor":13,"key":"Poison Potion"},{"floor":16,"key":"SteroidPotion"},{"floor":18,"key":"FearPotion"},{"floor":20,"key":"Block Potion"},{"floor":27,"key":"SkillPotion"}],"is_trial":false,"path_per_floor":["M","?","M","M","?","R","E","R","T","E","R","M","E","?","R","B",null,"M","?","M","M","?","R","E","T","T","M","$","?","M"],"character_chosen":"IRONCLAD","items_purchased":["Gremlin Horn"],"campfire_rested":1,"item_purchase_floors":[28],"current_hp_per_floor":[80,80,80,80,80,80,58,58,58,45,69,73,76,76,76,77,80,73,90,72,76,76,76,22,22,22,17,17,23,0],"gold":77,"neow_bonus":"THREE_ENEMY_KILL","is_prod":false,"is_daily":false,"chose_seed":false,"campfire_upgraded":4,"win_rate":0,"timestamp":1558869666,"path_taken":["M","?","M","?","?","R","E","R","T","E","R","?","E","?","R","BOSS","M","?","?","M","?","R","E","?","T","?","$","?","M"],"build_version":"2019-01-23","purchased_purges":1,"victory":false,"max_hp_per_floor":[80,80,80,80,80,80,80,80,80,80,80,80,80,80,80,80,80,80,90,90,90,90,90,90,90,90,90,90,96,96],"card_choices":[{"not_picked":["Clash","Cleave"],"picked":"Flame Barrier","floor":1},{"not_picked":["True Grit","Feel No Pain"],"picked":"Headbutt","floor":3},{"not_picked":["Sword Boomerang","Pummel"],"picked":"Metallicize","floor":4},{"not_picked":["Hemokinesis","Iron Wave"],"picked":"Demon Form","floor":7},{"not_picked":["Headbutt","Iron Wave"],"picked":"Spot Weakness","floor":10},{"not_picked":["Carnage","Anger"],"picked":"Metallicize","floor":12},{"not_picked":["Shrug It Off","Dual Wield"],"picked":"Shockwave","floor":13},{"not_picked":["Barricade","Berserk"],"picked":"Fiend Fire","floor":16},{"not_picked":["Body Slam","Bloodletting+1"],"picked":"Metallicize+1","floor":18},{"not_picked":["Twin Strike","Clash"],"picked":"True Grit+1","floor":20},{"not_picked":["Cleave","Clothesline"],"picked":"Twin Strike+1","floor":21},{"not_picked":["Second Wind+1","Flex"],"picked":"Sword Boomerang","floor":24},{"not_picked":["Corruption+1","Sword Boomerang"],"picked":"Disarm+1","floor":27}],"player_experience":15890,"relics_obtained":[{"floor":7,"key":"Self Forming Clay"},{"floor":9,"key":"Champion Belt"},{"floor":10,"key":"Bottled Lightning"},{"floor":13,"key":"Ornamental Fan"},{"floor":24,"key":"Darkstone Periapt"},{"floor":25,"key":"Regal Pillow"},{"floor":26,"key":"Bottled Tornado"}],"event_choices":[{"damage_healed":0,"gold_gain":0,"player_choice":"Bought 3 Potions","damage_taken":0,"max_hp_gain":0,"max_hp_loss":0,"event_name":"The Woman in Blue","floor":2,"gold_loss":0},{"damage_healed":0,"gold_gain":0,"player_choice":"Upgraded","damage_taken":0,"max_hp_gain":0,"max_hp_loss":0,"event_name":"Upgrade Shrine","floor":5,"gold_loss":0,"cards_upgraded":["Bash"]},{"damage_healed":0,"gold_gain":0,"player_choice":"Grow","damage_taken":0,"max_hp_gain":0,"max_hp_loss":0,"event_name":"Living Wall","floor":14,"gold_loss":0,"cards_upgraded":["Shockwave"]},{"cards_removed":["Fiend Fire"],"damage_healed":7,"gold_gain":0,"player_choice":"Offered Rare","damage_taken":0,"max_hp_gain":10,"max_hp_loss":0,"event_name":"Bonfire Elementals","floor":19,"gold_loss":0},{"damage_healed":0,"gold_gain":0,"player_choice":"Opened","damage_taken":0,"relics_obtained":["Du-Vu Doll"],"max_hp_gain":0,"max_hp_loss":0,"event_name":"The Mausoleum","floor":22,"gold_loss":0,"cards_obtained":["Writhe"]},{"damage_healed":0,"gold_gain":0,"player_choice":"Smashed Altar","damage_taken":0,"max_hp_gain":0,"max_hp_loss":0,"event_name":"Forgotten Altar","floor":29,"gold_loss":0,"cards_obtained":["Decay"]}],"is_beta":false,"boss_relics":[{"not_picked":["Lizard Tail","Coffee Dripper"],"picked":"Philosopher\u0027s Stone"}],"items_purged_floors":[28],"is_endless":false,"potions_floor_spawned":[10,12,13,16,18,20,27],"killed_by":"Snake Plant","ascension_level":2}