{"gold_per_floor":[117,117,82,95,109,141,141,316,316,316,616,40,122,70,70,70],"floor_reached":16,"playtime":494,"items_purged":["Doubt"],"score":154,"play_id":"ccfbd7e6-1873-4227-81d9-208cc1d5ae47","local_time":"20190526230107","is_ascension_mode":true,"campfire_choices":[{"data":"Wild Strike","floor":7,"key":"SMITH"},{"floor":15,"key":"REST"}],"neow_cost":"PERCENT_DAMAGE","seed_source_timestamp":596955242694686,"circlet_count":0,"master_deck":["AscendersBane","Strike_R","Strike_R","Strike_R","Strike_R","Strike_R","Defend_R","Defend_R","Defend_R","Defend_R+1","Bash+1","Pommel Strike","Wild Strike+1","Iron Wave","True Grit+1","Carnage"],"relics":["Burning Blood","Question Card","Toxic Egg 2","Golden Idol","Old Coin","Incense Burner","Letter Opener"],"potions_floor_usage":[6,16,16],"damage_taken":[{"damage":15,"enemies":"Small Slimes","floor":1,"turns":5},{"damage":10,"enemies":"Jaw Worm","floor":4,"turns":4},{"damage":0,"enemies":"2 Louse","floor":5,"turns":3},{"damage":16,"enemies":"Gremlin Nob","floor":6,"turns":3},{"damage":82,"enemies":"Hexaghost","floor":16,"turns":14}],"seed_played":"6561640809349483993","potions_obtained":[{"floor":1,"key":"Swift Potion"}],"is_trial":false,"path_per_floor":["M","?","?","M","M","E","R","?","T","?","?","$","T","$","R","B"],"character_chosen":"IRONCLAD","items_purchased":["Incense Burner","True Grit+1","Regen Potion","Carnage","Weak Potion"],"campfire_rested":1,"item_purchase_floors":[12,12,12,12,14],"current_hp_per_floor":[58,39,63,59,65,55,55,55,55,55,37,37,37,37,63,0],"gold":70,"neow_bonus":"TWENTY_PERCENT_HP_BONUS","is_prod":false,"is_daily":false,"chose_seed":false,"campfire_upgraded":1,"win_rate":0,"timestamp":1558926067,"path_taken":["M","?","?","M","M","E","R","?","T","?","?","?","?","$","R","BOSS"],"build_version":"2019-01-23","purchased_purges":1,"victory":false,"max_hp_per_floor":[96,96,96,96,96,96,96,96,96,89,89,89,89,89,89,89],"card_choices":[{"not_picked":["Ghostly Armor","Bloodletting"],"picked":"Pommel Strike","floor":1},{"not_picked":["Perfected Strike","Warcry","Heavy Blade"],"picked":"SKIP","floor":4},{"not_picked":["Headbutt","Twin Strike"],"picked":"Wild Strike","floor":5},{"not_picked":["Dropkick","Clash"],"picked":"Iron Wave","floor":6}],"player_experience":292566,"relics_obtained":[{"floor":6,"key":"Question Card"},{"floor":9,"key":"Toxic Egg 2"},{"floor":13,"key":"Letter Opener"}],"event_choices":[{"damage_healed":0,"gold_gain":0,"player_choice":"Entered Light","damage_taken":19,"max_hp_gain":0,"max_hp_loss":0,"event_name":"Shining Light","floor":2,"gold_loss":0,"cards_upgraded":["Bash","Defend_R"]},{"damage_healed":24,"gold_gain":0,"player_choice":"Healed","damage_taken":0,"max_hp_gain":0,"max_hp_loss":0,"event_name":"The Cleric","floor":3,"gold_loss":35},{"damage_healed":0,"gold_gain":175,"player_choice":"AGREE","damage_taken":0,"max_hp_gain":0,"max_hp_loss":0,"event_name":"Liars Game","floor":8,"gold_loss":0,"cards_obtained":["Doubt"]},{"damage_healed":0,"gold_gain":0,"player_choice":"Lose Max HP","damage_taken":0,"relics_obtained":["Golden Idol"],"max_hp_gain":0,"max_hp_loss":7,"event_name":"Golden Idol","floor":10,"gold_loss":0},{"damage_healed":0,"gold_gain":0,"player_choice":"Success","damage_taken":18,"relics_obtained":["Old Coin"],"max_hp_gain":0,"max_hp_loss":0,"event_name":"Scrap Ooze","floor":11,"gold_loss":0}],"is_beta":false,"boss_relics":[],"items_purged_floors":[12],"is_endless":false,"potions_floor_spawned":[1],"killed_by":"Hexaghost","ascension_level":12}