{"path_per_floor":["M","M","$","M","M","R","?","E","T","?","M","E","M","?","R","B",null,"M","M","?","M","M"],"character_chosen":"DEFECT","items_purchased":[],"gold_per_floor":[12,26,26,46,63,63,63,91,91,91,111,141,154,229,229,329,329,349,367,367,379,392,392],"floor_reached":23,"campfire_rested":1,"playtime":1025,"current_hp_per_floor":[65,65,65,65,60,60,45,38,38,38,35,27,27,16,38,22,75,63,63,47,31,30,0],"items_purged":[],"gold":392,"score":205,"play_id":"5f305a49-1cbf-4587-8eea-dc5f226473fa","local_time":"20180427170322","is_prod":false,"is_daily":false,"chose_seed":false,"is_ascension_mode":false,"campfire_upgraded":1,"timestamp":1524863002,"path_taken":["M","M","$","M","M","R","?","E","T","?","M","E","M","?","R","BOSS","M","M","?","?","?","E"],"build_version":"2018-04-26v2","seed_source_timestamp":4405611390654628,"purchased_purges":0,"victory":false,"master_deck":["Strike_B","Strike_B","Defend_B","Defend_B","Defend_B","Defend_B","Zap","Dualcast+1","Capacitor","Defragment+1","Ball Lightning","Reinforced Body","Sweeping Beam+1","Turbo","Impulse+1","Zap+1","Tempest+1","Stack+1","Echo Form","Buffer","White Noise+1","Capacitor+1","Stack+1"],"max_hp_per_floor":[75,75,75,75,75,75,75,75,75,75,75,75,75,75,75,75,75,75,75,75,75,75,75],"relics":["Cracked Core","Toxic Egg 2","Calipers","Ginger","Cursed Key","Nilry\u0027s Codex"],"card_choices":[{"not_picked":["Cold Snap","Rip and Tear"],"picked":"Ball Lightning","floor":1},{"not_picked":["Capacitor","Aggregate"],"picked":"Reinforced Body","floor":2},{"not_picked":["Double Energy","Genetic Algorithm"],"picked":"Sweeping Beam","floor":4},{"not_picked":["Chill","Coolheaded"],"picked":"Turbo","floor":5},{"not_picked":["Streamline","Beam Cell"],"picked":"Impulse","floor":8},{"not_picked":["Force Field","Sweeping Beam"],"picked":"Tempest","floor":12},{"not_picked":["Go for the Eyes","Leap"],"picked":"Stack","floor":13},{"not_picked":["Nova","Meteor Strike"],"picked":"Echo Form","floor":16},{"not_picked":["Static Discharge","Stack"],"picked":"Buffer","floor":18},{"not_picked":["Axe Kick","Ball Lightning"],"picked":"White Noise","floor":19},{"not_picked":["Axe Kick","Auto Shields"],"picked":"Capacitor","floor":21},{"not_picked":["Steam Power","Hologram"],"picked":"Stack","floor":22}],"player_experience":15546,"potions_floor_usage":[16,22,23],"damage_taken":[{"damage":10,"enemies":"2 Louse","floor":1,"turns":3},{"damage":0,"enemies":"Small Slimes","floor":2,"turns":4},{"damage":0,"enemies":"Cultist","floor":4,"turns":4},{"damage":5,"enemies":"Looter","floor":5,"turns":4},{"damage":7,"enemies":"Lagavulin","floor":8,"turns":7},{"damage":3,"enemies":"Gremlin Gang","floor":11,"turns":3},{"damage":8,"enemies":"Gremlin Nob","floor":12,"turns":3},{"damage":0,"enemies":"3 Louse","floor":13,"turns":1},{"damage":16,"enemies":"Slime Boss","floor":16,"turns":5},{"damage":12,"enemies":"3 Byrds","floor":18,"turns":5},{"damage":0,"enemies":"Chosen","floor":19,"turns":5},{"damage":16,"enemies":"Centurion and Healer","floor":21,"turns":6},{"damage":10,"enemies":"Cultist and Chosen","floor":22,"turns":5},{"damage":46,"enemies":"Gremlin Leader","floor":23,"turns":4}],"event_choices":[{"event_name":"Shining Light","player_choice":"Entered Light","floor":7,"damage_taken":0},{"event_name":"Match and Keep!","player_choice":"1 cards matched","floor":10,"damage_taken":0},{"event_name":"World of Goop","player_choice":"Gather Gold","floor":14,"damage_taken":0},{"event_name":"Cursed Tome","player_choice":"Obtained Book","floor":20,"damage_taken":0}],"boss_relics":[{"not_picked":["Nuclear Battery","Ectoplasm"],"picked":"Cursed Key"}],"potions_floor_spawned":[4,5,12,13,21,22],"seed_played":"-5952761818339769711","killed_by":"Gremlin Leader","ascension_level":0,"is_trial":false}