{"gold_per_floor":[116,191,191,191,191,229,229,68,68,104,104,139,139,178,178,304,304,322,115,115,139,238,278,26,77,126,145,270,270,303,112,112,243,243,262,30,30,48,173,217,256,589,642,652,663,695,695,695,695,695,695,695,11,43,43],"floor_reached":55,"playtime":2049,"items_purged":["Strike_R","Strike_R+1","Strike_R+1","Strike_R+1","Strike_R+1"],"score":1445,"play_id":"bf9279ce-94ef-445f-8354-70dfde9ae3a0","local_time":"20190521175144","is_ascension_mode":true,"campfire_choices":[{"data":"Bash","floor":7.0,"key":"SMITH"},{"data":"Bloodletting","floor":15.0,"key":"SMITH"},{"data":"Double Tap","floor":32.0,"key":"SMITH"},{"floor":49.0,"key":"RECALL"},{"floor":52,"key":"REST"}],"neow_cost":"NONE","seed_source_timestamp":376055357851800,"circlet_count":0,"master_deck":["Defend_R+1","Defend_R+1","Defend_R+1","Defend_R+1","Bash+1","Shrug It Off","Whirlwind+1","Inflame","Bloodletting+1","Pummel","Warcry+1","Shrug It Off+1","Flex+1","Double Tap+1","Heavy Blade+1","Master of Strategy","Inflame+1","Whirlwind+1","Warcry+1","Dark Shackles"],"special_seed":0,"relics":["Burning Blood","NeowsBlessing","Prayer Wheel","Ornamental Fan","Red Skull","Vajra","Smiling Mask","Letter Opener","Sozu","Oddly Smooth Stone","Blue Candle","Brimstone","Strawberry","WingedGreaves","Kunai","Pear","PreservedInsect","Fusion Hammer","Magic Flower","Potion Belt","The Courier","Blood Vial","Orichalcum","Pen Nib","Bronze Scales","Medical Kit","Charon\u0027s Ashes","Gremlin Horn"],"potions_floor_usage":[50,55,55],"damage_taken":[{"damage":0.0,"enemies":"2 Louse","floor":1.0,"turns":1.0},{"damage":0.0,"enemies":"Gremlin Nob","floor":6.0,"turns":1.0},{"damage":0.0,"enemies":"3 Sentries","floor":10.0,"turns":2.0},{"damage":20.0,"enemies":"Gremlin Nob","floor":12.0,"turns":4.0},{"damage":15.0,"enemies":"Lagavulin","floor":14.0,"turns":3.0},{"damage":3.0,"enemies":"Slime Boss","floor":16.0,"turns":3.0},{"damage":0.0,"enemies":"Chosen","floor":18.0,"turns":3.0},{"damage":4.0,"enemies":"2 Thieves","floor":21.0,"turns":3.0},{"damage":17.0,"enemies":"Book of Stabbing","floor":23.0,"turns":6.0},{"damage":0.0,"enemies":"Snecko","floor":27.0,"turns":3.0},{"damage":0.0,"enemies":"Colosseum Slavers","floor":28.0,"turns":2.0},{"damage":8.0,"enemies":"Colosseum Nobs","floor":28.0,"turns":2.0},{"damage":0.0,"enemies":"Gremlin Leader","floor":30.0,"turns":5.0},{"damage":51.0,"enemies":"Champ","floor":33.0,"turns":7.0},{"damage":0.0,"enemies":"3 Shapes","floor":35.0,"turns":3.0},{"damage":0.0,"enemies":"3 Darklings","floor":38.0,"turns":2.0},{"damage":33.0,"enemies":"Mind Bloom Boss Battle","floor":39.0,"turns":4.0},{"damage":3.0,"enemies":"Giant Head","floor":40.0,"turns":4.0},{"damage":2.0,"enemies":"Reptomancer","floor":41.0,"turns":2.0},{"damage":6.0,"enemies":"Spire Growth","floor":44.0,"turns":2.0},{"damage":6.0,"enemies":"4 Shapes","floor":45.0,"turns":7.0},{"damage":16.0,"enemies":"Nemesis","floor":46.0,"turns":3.0},{"damage":65,"enemies":"Awakened One","floor":50,"turns":5},{"damage":0,"enemies":"Shield and Spear","floor":54,"turns":3},{"damage":101,"enemies":"The Heart","floor":55,"turns":3}],"seed_played":"6058803141843516945","potions_obtained":[{"floor":1.0,"key":"Ancient Potion"},{"floor":10.0,"key":"Dexterity Potion"},{"floor":16.0,"key":"SteroidPotion"}],"is_trial":false,"path_per_floor":["M","?","?","?","?","E","R","$","T","E","?","E","?","E","R","B",null,"M","$","?","M","?","E","$","T","T","M","?","T","E","$","R","B",null,"M","$","?","M","?","E","E","?","T","M","M","E","?","?","R","B",null,"R","$","E","B"],"character_chosen":"IRONCLAD","items_purchased":["Whirlwind","Inflame","Oddly Smooth Stone","Brimstone","Double Tap","Master of Strategy","Pen Nib","Bronze Scales","Medical Kit","Charon\u0027s Ashes"],"campfire_rested":1,"item_purchase_floors":[8,8,19,24,31,36,53,53,53,53],"current_hp_per_floor":[78,67,55,39,19,25,25,25,25,31,57,43,43,34,34,37,69,75,75,75,77,77,66,66,66,73,79,83,93,97,97,97,52,86,92,92,92,92,65,71,78,78,78,84,90,85,85,85,85,32,77,92,92,92,0],"gold":43,"neow_bonus":"THREE_ENEMY_KILL","is_prod":false,"is_daily":false,"chose_seed":false,"campfire_upgraded":3,"win_rate":0,"timestamp":1558486304,"path_taken":["M","?","?","?","?","E","R","$","T","E","?","E","?","E","R","BOSS","M","$","?","M","?","E","$","?","T","M","?","?","E","?","R","BOSS","M","$","?","M","?","E","E","?","T","M","?","E","?","?","R","BOSS","R","$","E","BOSS"],"build_version":"2019-01-23","purchased_purges":5,"victory":false,"max_hp_per_floor":[80,80,80,80,80,80,80,80,80,80,80,80,80,80,80,80,80,80,80,80,80,80,80,80,80,87,87,87,97,97,97,97,97,97,97,97,92,92,92,92,92,92,92,92,92,92,92,92,92,92,92,92,92,92,92],"card_choices":[{"not_picked":["Rage","Havoc","Perfected Strike"],"picked":"SKIP","floor":1.0},{"not_picked":["Twin Strike","Reckless Charge"],"picked":"Shrug It Off","floor":6.0},{"not_picked":["Pommel Strike","Whirlwind"],"picked":"Bloodletting","floor":10.0},{"not_picked":["Rupture","Warcry"],"picked":"Pummel","floor":12.0},{"not_picked":["Perfected Strike","Havoc"],"picked":"Flame Barrier","floor":14.0},{"not_picked":["Wild Strike","True Grit+1"],"picked":"Warcry+1","floor":18.0},{"not_picked":["Dropkick","Flex","Uppercut+1"],"picked":"SKIP","floor":18.0},{"not_picked":["Warcry","Iron Wave+1"],"picked":"Shrug It Off+1","floor":21.0},{"not_picked":["Sword Boomerang","Armaments","Flame Barrier"],"picked":"SKIP","floor":21.0},{"not_picked":["Wild Strike","Clash+1","Havoc"],"picked":"SKIP","floor":23.0},{"not_picked":["Havoc","Anger","Cleave+1"],"picked":"SKIP","floor":27.0},{"not_picked":["Clash","Thunderclap","Warcry"],"picked":"SKIP","floor":27.0},{"not_picked":["Armaments","Perfected Strike"],"picked":"Flex+1","floor":28.0},{"not_picked":["Anger","Juggernaut","Whirlwind"],"picked":"SKIP","floor":30.0},{"not_picked":["Clash+1","Shrug It Off+1"],"picked":"Heavy Blade+1","floor":35.0},{"not_picked":["Carnage","Heavy Blade","Pommel Strike+1"],"picked":"SKIP","floor":35.0},{"not_picked":["Body Slam","Heavy Blade"],"picked":"Inflame+1","floor":38.0},{"not_picked":["Headbutt","Pommel Strike+1"],"picked":"Whirlwind+1","floor":38.0},{"not_picked":["Brutality","Perfected Strike+1"],"picked":"Warcry+1","floor":40.0},{"not_picked":["Warcry","Ghostly Armor+1","Disarm"],"picked":"SKIP","floor":41.0},{"not_picked":["Perfected Strike","Combust+1","Dropkick+1"],"picked":"SKIP","floor":44.0},{"not_picked":["Clothesline+1","Iron Wave+1","Anger+1"],"picked":"SKIP","floor":44.0},{"not_picked":["Feel No Pain+1","Combust","Body Slam"],"picked":"SKIP","floor":45.0},{"not_picked":["Twin Strike+1","Spot Weakness","Entrench"],"picked":"SKIP","floor":45.0},{"not_picked":["Searing Blow","Perfected Strike","Dark Embrace"],"picked":"SKIP","floor":46.0},{"not_picked":["Purity","Blind"],"picked":"Dark Shackles","floor":48.0},{"not_picked":["Blood for Blood","Searing Blow","Pommel Strike+1"],"picked":"SKIP","floor":54}],"player_experience":260335,"relics_obtained":[{"floor":6.0,"key":"Ornamental Fan"},{"floor":9.0,"key":"Red Skull"},{"floor":10.0,"key":"Vajra"},{"floor":12.0,"key":"Smiling Mask"},{"floor":14.0,"key":"Letter Opener"},{"floor":23.0,"key":"Blue Candle"},{"floor":26.0,"key":"Strawberry"},{"floor":28.0,"key":"WingedGreaves"},{"floor":28.0,"key":"Kunai"},{"floor":29.0,"key":"Pear"},{"floor":30.0,"key":"PreservedInsect"},{"floor":39.0,"key":"Magic Flower"},{"floor":40.0,"key":"Potion Belt"},{"floor":41.0,"key":"The Courier"},{"floor":43.0,"key":"Blood Vial"},{"floor":46.0,"key":"Orichalcum"},{"floor":54,"key":"Gremlin Horn"}],"event_choices":[{"damage_healed":0.0,"max_hp_gain":0.0,"max_hp_loss":0.0,"gold_gain":75.0,"event_name":"World of Goop","player_choice":"Gather Gold","floor":2.0,"gold_loss":0.0,"damage_taken":11.0},{"damage_healed":0.0,"max_hp_gain":0.0,"max_hp_loss":0.0,"gold_gain":0.0,"event_name":"Scrap Ooze","player_choice":"Success","floor":3.0,"gold_loss":0.0,"damage_taken":12.0,"relics_obtained":["Prayer Wheel"]},{"damage_healed":0.0,"max_hp_gain":0.0,"max_hp_loss":0.0,"gold_gain":0.0,"event_name":"Shining Light","player_choice":"Entered Light","floor":4.0,"gold_loss":0.0,"damage_taken":16.0,"cards_upgraded":["Strike_R","Defend_R"]},{"damage_healed":0.0,"max_hp_gain":0.0,"max_hp_loss":0.0,"gold_gain":0.0,"event_name":"Golden Idol","player_choice":"Take Damage","floor":5.0,"gold_loss":0.0,"damage_taken":20.0,"relics_obtained":["Golden Idol"]},{"damage_healed":26.0,"max_hp_gain":0.0,"max_hp_loss":0.0,"gold_gain":0.0,"event_name":"Big Fish","player_choice":"Banana","floor":11.0,"gold_loss":0.0,"damage_taken":0.0},{"damage_healed":0.0,"max_hp_gain":0.0,"max_hp_loss":0.0,"gold_gain":0.0,"event_name":"Living Wall","player_choice":"Grow","floor":13.0,"gold_loss":0.0,"damage_taken":0.0,"cards_upgraded":["Whirlwind"]},{"damage_healed":0.0,"max_hp_gain":0.0,"max_hp_loss":0.0,"gold_gain":0.0,"event_name":"Back to Basics","player_choice":"Simplicity","floor":20.0,"gold_loss":0.0,"damage_taken":0.0,"cards_upgraded":["Strike_R","Strike_R","Strike_R","Defend_R","Defend_R","Defend_R"]},{"damage_healed":0.0,"max_hp_gain":0.0,"max_hp_loss":0.0,"gold_gain":99.0,"event_name":"Nest","player_choice":"Stole From Cult","floor":22.0,"gold_loss":0.0,"damage_taken":0.0},{"damage_healed":0.0,"max_hp_gain":0.0,"max_hp_loss":0.0,"gold_gain":0.0,"event_name":"Colosseum","player_choice":"Fight","floor":28.0,"gold_loss":0.0,"damage_taken":0.0},{"damage_healed":0.0,"max_hp_gain":0.0,"max_hp_loss":0.0,"gold_gain":0.0,"event_name":"Colosseum","player_choice":"Fought Nobs","floor":28.0,"gold_loss":0.0,"damage_taken":0.0},{"damage_healed":0.0,"max_hp_gain":0.0,"max_hp_loss":5.0,"gold_gain":0.0,"event_name":"Winding Halls","player_choice":"Max HP","floor":37.0,"gold_loss":0.0,"damage_taken":0.0},{"damage_healed":0.0,"max_hp_gain":0.0,"max_hp_loss":0.0,"gold_gain":0.0,"event_name":"MindBloom","player_choice":"Fight","floor":39.0,"gold_loss":0.0,"damage_taken":0.0},{"damage_healed":0.0,"max_hp_gain":0.0,"max_hp_loss":0.0,"gold_gain":333.0,"event_name":"The Moai Head","player_choice":"Gave Idol","floor":42.0,"relics_lost":["Golden Idol"],"gold_loss":0.0,"damage_taken":0.0},{"cards_removed":["Flame Barrier"],"damage_healed":0.0,"max_hp_gain":0.0,"max_hp_loss":0.0,"gold_gain":0.0,"event_name":"Falling","player_choice":"Removed Skill","floor":47.0,"gold_loss":0.0,"damage_taken":0.0},{"damage_healed":0.0,"max_hp_gain":0.0,"max_hp_loss":0.0,"gold_gain":0.0,"event_name":"SensoryStone","player_choice":"Memory 1","floor":48.0,"gold_loss":0.0,"damage_taken":0.0}],"is_beta":false,"boss_relics":[{"not_picked":["Runic Dome","Ectoplasm"],"picked":"Sozu"},{"not_picked":["Calling Bell","Philosopher\u0027s Stone"],"picked":"Fusion Hammer"}],"items_purged_floors":[19,24,31,36,53],"is_endless":false,"potions_floor_spawned":[1,10,16,27,28,38,39,44,46],"killed_by":"The Heart","ascension_level":8}