{"gold_per_floor":[117,117,132,144,159,159,171,171],"floor_reached":8,"playtime":467,"items_purged":[],"score":100,"play_id":"61fb1887-4760-4be2-9b1b-5ffbc455f802","local_time":"20190522143847","is_ascension_mode":true,"campfire_choices":[{"floor":6,"key":"REST"}],"neow_cost":"PERCENT_DAMAGE","seed_source_timestamp":162492172642148,"circlet_count":0,"master_deck":["AscendersBane","Strike_B","Strike_B","Strike_B","Defend_B","Defend_B","Defend_B","Defend_B","Zap","Dualcast","Cold Snap","Reinforced Body","Creative AI","Compile Driver","Darkness","Self Repair","Amplify"],"special_seed":0,"relics":["Cracked Core","Prayer Wheel"],"potions_floor_usage":[8],"damage_taken":[{"damage":7.0,"enemies":"Jaw Worm","floor":1.0,"turns":3.0},{"damage":0.0,"enemies":"Cultist","floor":3.0,"turns":3.0},{"damage":0.0,"enemies":"Small Slimes","floor":4.0,"turns":4.0},{"damage":32.0,"enemies":"Exordium Wildlife","floor":5.0,"turns":7.0},{"damage":6,"enemies":"Blue Slaver","floor":7,"turns":4},{"damage":23,"enemies":"Gremlin Nob","floor":8,"turns":3}],"seed_played":"-903921930400411033","potions_obtained":[{"floor":3.0,"key":"FocusPotion"}],"is_trial":false,"path_per_floor":["M","?","M","M","M","R","M","E"],"character_chosen":"DEFECT","items_purchased":[],"campfire_rested":1,"item_purchase_floors":[],"current_hp_per_floor":[39,39,39,39,7,28,22,0],"gold":171,"neow_bonus":"ONE_RARE_RELIC","is_prod":false,"is_daily":false,"chose_seed":false,"campfire_upgraded":0,"win_rate":0,"timestamp":1558550327,"path_taken":["M","?","M","M","?","R","M","E"],"build_version":"2019-01-23","purchased_purges":0,"victory":false,"max_hp_per_floor":[71,71,71,71,71,71,71,71],"card_choices":[{"not_picked":["Go for the Eyes","Rebound"],"picked":"Cold Snap","floor":1.0},{"not_picked":["Rebound","Hologram","Steam"],"picked":"SKIP","floor":1.0},{"not_picked":["Redo","Stack"],"picked":"Reinforced Body","floor":3.0},{"not_picked":["Beam Cell","Conserve Battery"],"picked":"Creative AI","floor":3.0},{"not_picked":["Melter","Go for the Eyes"],"picked":"Compile Driver","floor":4.0},{"not_picked":["Steam","Streamline","Melter"],"picked":"SKIP","floor":4.0},{"not_picked":["Sweeping Beam","Beam Cell"],"picked":"Darkness","floor":5},{"not_picked":["Turbo","Conserve Battery","Beam Cell"],"picked":"SKIP","floor":5},{"not_picked":["Streamline","Gash"],"picked":"Self Repair","floor":7},{"not_picked":["Steam Power","Stack"],"picked":"Amplify","floor":7}],"player_experience":739351,"relics_obtained":[],"event_choices":[{"cards_removed":["Strike_B"],"damage_healed":0.0,"max_hp_gain":0.0,"max_hp_loss":0.0,"gold_gain":0.0,"event_name":"Bonfire Elementals","player_choice":"Offered Basic","floor":2.0,"gold_loss":0.0,"damage_taken":0.0}],"is_beta":false,"boss_relics":[],"items_purged_floors":[],"is_endless":false,"potions_floor_spawned":[3],"killed_by":"Gremlin Nob","ascension_level":20}