{"gold_per_floor":[112,112,123,134,134,134,148,148,173,173,187,130,130,149,149,224,224,238,253,86,86],"floor_reached":21,"playtime":943,"items_purged":[],"score":308,"play_id":"03b13212-6abe-4dca-85ef-105a1a00a20b","local_time":"20190526220523","is_ascension_mode":true,"campfire_choices":[{"data":"Bouncing Flask","floor":6.0,"key":"SMITH"},{"data":"Neutralize","floor":8.0,"key":"SMITH"},{"floor":10.0,"key":"REST"},{"data":"Survivor","floor":13.0,"key":"SMITH"},{"floor":15.0,"key":"REST"}],"neow_cost":"NONE","seed_source_timestamp":897032762393456,"circlet_count":0,"master_deck":["AscendersBane","Defend_G","Defend_G","Defend_G","Defend_G","Defend_G","Strike_G","Strike_G","Strike_G","Strike_G","Survivor+1","Neutralize+1","Bouncing Flask+1","Envenom","Infinite Blades","Backflip","Noxious Fumes","Catalyst"],"special_seed":0,"relics":["Ring of the Snake","NeowsBlessing","Happy Flower","Orichalcum","Sozu"],"potions_floor_usage":[16,18],"damage_taken":[{"damage":0.0,"enemies":"2 Louse","floor":1.0,"turns":2.0},{"damage":0.0,"enemies":"Cultist","floor":3.0,"turns":1.0},{"damage":0.0,"enemies":"Jaw Worm","floor":4.0,"turns":1.0},{"damage":39.0,"enemies":"Gremlin Gang","floor":7.0,"turns":8.0},{"damage":8.0,"enemies":"Large Slime","floor":11.0,"turns":5.0},{"damage":5.0,"enemies":"2 Fungi Beasts","floor":14.0,"turns":3.0},{"damage":7,"enemies":"The Guardian","floor":16,"turns":9},{"damage":8,"enemies":"Chosen","floor":18,"turns":5},{"damage":31,"enemies":"2 Thieves","floor":19,"turns":5},{"damage":20,"enemies":"Chosen and Byrds","floor":21,"turns":5}],"seed_played":"-566126235803543555","potions_obtained":[{"floor":11.0,"key":"Ancient Potion"},{"floor":14.0,"key":"FearPotion"}],"is_trial":false,"path_per_floor":["M","?","M","M","$","R","M","R","T","R","M","?","R","M","R","B",null,"M","M","$","M"],"character_chosen":"THE_SILENT","items_purchased":["Noxious Fumes","Catalyst"],"campfire_rested":2,"item_purchase_floors":[20,20],"current_hp_per_floor":[59,59,59,59,59,59,20,20,20,39,31,31,31,26,45,38,59,51,20,20,0],"gold":86,"neow_bonus":"THREE_ENEMY_KILL","is_prod":false,"is_daily":false,"chose_seed":false,"campfire_upgraded":3,"win_rate":0,"timestamp":1558879523,"path_taken":["M","?","M","?","$","R","M","R","T","R","M","?","R","?","R","BOSS","M","M","$","M"],"build_version":"2019-01-23","purchased_purges":0,"victory":false,"max_hp_per_floor":[66,66,66,66,66,66,66,66,66,66,66,66,66,66,66,66,66,66,66,66,66],"card_choices":[{"not_picked":["Poisoned Stab","Dagger Spray","Accuracy"],"picked":"SKIP","floor":1.0},{"not_picked":["Choke","Underhanded Strike","Dagger Throw"],"picked":"SKIP","floor":3.0},{"not_picked":["Flying Knee","Outmaneuver"],"picked":"Bouncing Flask","floor":4.0},{"not_picked":["Flying Knee","Blade Dance","Dagger Spray"],"picked":"SKIP","floor":7.0},{"not_picked":["Deflect","Dagger Throw","Concentrate"],"picked":"SKIP","floor":11.0},{"not_picked":["Dagger Throw","Dodge and Roll","Endless Agony"],"picked":"SKIP","floor":14.0},{"not_picked":["Die Die Die","Grand Finale"],"picked":"Envenom","floor":16},{"not_picked":["Dagger Spray","Setup"],"picked":"Infinite Blades","floor":18},{"not_picked":["Calculated Gamble","Cloak And Dagger"],"picked":"Backflip","floor":19}],"player_experience":606468,"relics_obtained":[{"floor":9.0,"key":"Happy Flower"}],"event_choices":[{"cards_removed":["Strike_G"],"damage_healed":0.0,"max_hp_gain":0.0,"max_hp_loss":0.0,"gold_gain":0.0,"event_name":"Bonfire Elementals","player_choice":"Offered Basic","floor":2.0,"gold_loss":0.0,"damage_taken":0.0},{"damage_healed":0.0,"max_hp_gain":0.0,"max_hp_loss":0.0,"gold_gain":0.0,"event_name":"WeMeetAgain","player_choice":"Paid Gold","floor":12.0,"gold_loss":57.0,"damage_taken":0.0,"relics_obtained":["Orichalcum"]}],"is_beta":false,"boss_relics":[{"not_picked":["Runic Dome","HoveringKite"],"picked":"Sozu"}],"items_purged_floors":[],"is_endless":false,"potions_floor_spawned":[11,14,19],"killed_by":"Chosen and Byrds","ascension_level":16}