{"path_per_floor":["M","M","M","?","$","E","R","E","T","R","M","?","M","M","R","B",null,"M","?","?","M","?","E","?","R","T","R","?","M","E","?","R","B",null,"M","M","M","M","$","R"],"character_chosen":"THE_SILENT","items_purchased":["Tough Bandages"],"gold_per_floor":[115,130,142,217,142,177,177,209,209,209,224,224,244,257,257,352,352,363,363,278,298,298,332,257,257,281,281,281,293,325,225,225,320,320,337,347,358,378,116,116],"floor_reached":41,"campfire_rested":4,"playtime":4508,"current_hp_per_floor":[70,70,70,59,59,41,41,31,31,54,54,47,47,37,37,21,77,77,61,61,60,60,38,38,76,76,76,67,58,41,41,80,16,82,62,61,56,40,40,82],"items_purged":["Strike_G"],"gold":116,"play_id":"9f4993a0-cfa9-4b24-bef2-5ef5f7c7d0f6","is_prod":false,"is_daily":false,"is_ascension_mode":false,"campfire_upgraded":2,"path_taken":["M","M","M","?","$","E","R","E","T","R","M","?","?","M","R","BOSS","M","?","?","M","?","E","?","R","T","R","?","M","E","?","R","BOSS","M","M","M","M","$","R","E"],"build_version":"2018-02-01-PROD3","purchased_purges":2,"victory":false,"master_deck":["Defend_G","Defend_G","Strike_G","Survivor","Neutralize+1","Adrenaline+1","Noxious Fumes+1","Predator","Dagger Throw","Bane","Bane","Unload","Burst","Dodge and Roll+1","Dagger Throw+1","Backflip+1","Bane","Quick Slash","Quick Slash","Prepared","J.A.X.","Deflect+1","Eviscerate","Slice+1"],"max_hp_per_floor":[70,70,70,70,70,70,70,77,77,77,77,77,77,77,77,77,77,77,77,77,77,77,77,77,77,77,77,82,82,82,82,82,82,82,82,82,82,82,82,82],"relics":["Ring of the Snake","Snake Skull","Strawberry","Peace Pipe","Astrolabe","Nilry\u0027s Codex","Gremlin Horn","Regal Pillow","Juzu Bracelet","Ginger","Eternal Feather","Tough Bandages"],"card_choices":[{"not_picked":["Outmaneuver","Acrobatics"],"picked":"Adrenaline"},{"not_picked":["Dodge and Roll","Riddle With Holes"],"picked":"Noxious Fumes"},{"not_picked":["Masterful Stab","Distraction"],"picked":"Predator"},{"not_picked":["Eviscerate","Quick Slash"],"picked":"Dagger Throw"},{"not_picked":["Sucker Punch","Backflip"],"picked":"Bane"},{"not_picked":["All Out Attack","Leg Sweep"],"picked":"Bane"},{"not_picked":["Eviscerate","Predator"],"picked":"Unload"},{"not_picked":["After Image","Phantasmal Killer"],"picked":"Burst"},{"not_picked":["Dodge and Roll","Deflect"],"picked":"Bane"},{"not_picked":["Sucker Punch","Dagger Spray"],"picked":"Quick Slash"},{"not_picked":["Poisoned Stab","Deflect"],"picked":"Quick Slash"},{"not_picked":["Sucker Punch","Calculated Gamble"],"picked":"Prepared"},{"not_picked":["Dash","Flechettes"],"picked":"Deflect"},{"not_picked":["PiercingWail","Dagger Throw"],"picked":"Eviscerate"},{"not_picked":["Blur","Flying Knee"],"picked":"Slice"}],"player_experience":34398,"potions_floor_usage":[13,16,30,33,41],"damage_taken":[{"damage":0,"enemies":"Cultist","floor":1,"turns":4},{"damage":0,"enemies":"Jaw Worm","floor":2,"turns":4},{"damage":0,"enemies":"2 Louse","floor":3,"turns":3},{"damage":18,"enemies":"Lagavulin","floor":6,"turns":6},{"damage":17,"enemies":"Gremlin Nob","floor":8,"turns":4},{"damage":0,"enemies":"2 Fungi Beasts","floor":11,"turns":3},{"damage":0,"enemies":"Gremlin Gang","floor":13,"turns":1},{"damage":10,"enemies":"Lots of Slimes","floor":14,"turns":2},{"damage":16,"enemies":"Slime Boss","floor":16,"turns":6},{"damage":0,"enemies":"Chosen","floor":18,"turns":4},{"damage":1,"enemies":"Shell Parasite","floor":21,"turns":4},{"damage":22,"enemies":"Book of Stabbing","floor":23,"turns":5},{"damage":9,"enemies":"Snake Plant","floor":29,"turns":5},{"damage":17,"enemies":"Gremlin Leader","floor":30,"turns":5},{"damage":64,"enemies":"Automaton","floor":33,"turns":11},{"damage":20,"enemies":"3 Darklings","floor":35,"turns":5},{"damage":1,"enemies":"3 Shapes","floor":36,"turns":8},{"damage":5,"enemies":"Maw","floor":37,"turns":8},{"damage":16,"enemies":"3 Darklings","floor":38,"turns":5},{"damage":116,"enemies":"Nemesis","floor":41,"turns":9}],"event_choices":[{"event_name":"World of Goop","player_choice":"Gather Gold","floor":4,"damage_taken":0},{"event_name":"Golden Wing","player_choice":"Card Removal","floor":12,"damage_taken":0},{"event_name":"Cursed Tome","player_choice":"Obtained Book","floor":19,"damage_taken":0},{"event_name":"Addict","player_choice":"Obtained Relic","floor":20,"damage_taken":0},{"event_name":"Vampires","player_choice":"Ignored","floor":22,"damage_taken":0},{"event_name":"Beggar","player_choice":"Gave Gold","floor":24,"damage_taken":0},{"event_name":"Forgotten Altar","player_choice":"Shed Blood","floor":28,"damage_taken":0},{"event_name":"Drug Dealer","player_choice":"Got JAXXED","floor":31,"damage_taken":0}],"boss_relics":[{"not_picked":["Lizard Tail","Question Card"],"picked":"Astrolabe"},{"not_picked":["Calling Bell","Velvet Choker"],"picked":"Eternal Feather"}],"potions_floor_spawned":[1,2,6,11,16,18,21,30],"seed_played":"3727273173260259962","killed_by":"Nemesis","ascension_level":0,"is_trial":false}