{"gold_per_floor":[209,219,219,26,41,41,67,67,67,30,30,64,78,107,107,203,203,216,234,39,57,57,87,106,106,130,7,22,22,22,38,38,134,134,154,164,0,13,13,13,45,59,127,141,159,159,178,207,207,207],"floor_reached":50,"playtime":2955,"items_purged":["Strike_B","Strike_B"],"score":1040,"play_id":"6d32d6f1-e387-418c-b092-2842a2d1da1a","local_time":"20190524072058","is_ascension_mode":true,"campfire_choices":[{"data":"Doom and Gloom","floor":6.0,"key":"SMITH"},{"data":"Biased Cognition","floor":8.0,"key":"SMITH"},{"data":"Coolheaded","floor":11.0,"key":"SMITH"},{"floor":15.0,"key":"REST"},{"floor":30.0,"key":"REST"},{"data":"Reinforced Body","floor":32.0,"key":"SMITH"},{"data":"Sunder","floor":40.0,"key":"SMITH"},{"data":"Capacitor","floor":46.0,"key":"SMITH"},{"data":"White Noise","floor":49.0,"key":"SMITH"}],"neow_cost":"NONE","seed_source_timestamp":45221169458292,"circlet_count":0,"master_deck":["AscendersBane","Strike_B","Strike_B","Defend_B","Defend_B","Defend_B","Defend_B","Zap+1","Dualcast","Cold Snap","Leap","Biased Cognition+1","Cold Snap","Doom and Gloom+1","Sweeping Beam","Coolheaded+1","Capacitor+1","Chill","Amplify","Self Repair","Sunder+1","Auto Shields","Coolheaded","Reinforced Body+1","Turbo+1","Biased Cognition+1","Hologram+1","Electrodynamics","Steam+1","Turbo+1","Undo+1","Turbo+1","White Noise+1","Conserve Battery+1","Stack"],"special_seed":0,"relics":["Cracked Core","Gremlin Horn","The Courier","Pear","Incense Burner","Runic Pyramid","FaceOfCleric","Pen Nib","Omamori","Happy Flower","Eternal Feather","Red Mask","Bottled Lightning","Meat on the Bone","Cables"],"potions_floor_usage":[],"damage_taken":[{"damage":3.0,"enemies":"2 Louse","floor":1.0,"turns":3.0},{"damage":7.0,"enemies":"Jaw Worm","floor":2.0,"turns":4.0},{"damage":0.0,"enemies":"Cultist","floor":5.0,"turns":3.0},{"damage":13.0,"enemies":"Gremlin Nob","floor":7.0,"turns":4.0},{"damage":13.0,"enemies":"3 Sentries","floor":12.0,"turns":4.0},{"damage":0.0,"enemies":"2 Fungi Beasts","floor":13.0,"turns":2.0},{"damage":1.0,"enemies":"Lagavulin","floor":14.0,"turns":6.0},{"damage":23.0,"enemies":"The Guardian","floor":16.0,"turns":11.0},{"damage":0.0,"enemies":"3 Byrds","floor":18.0,"turns":4.0},{"damage":4.0,"enemies":"Shell Parasite","floor":19.0,"turns":4.0},{"damage":8.0,"enemies":"Snake Plant","floor":21.0,"turns":5.0},{"damage":56.0,"enemies":"Book of Stabbing","floor":23.0,"turns":8.0},{"damage":13.0,"enemies":"Chosen and Byrds","floor":24.0,"turns":7.0},{"damage":0.0,"enemies":"Sentry and Sphere","floor":28.0,"turns":8.0},{"damage":0.0,"enemies":"Cultist and Chosen","floor":31.0,"turns":4.0},{"damage":10.0,"enemies":"Champ","floor":33.0,"turns":12.0},{"damage":7.0,"enemies":"Orb Walker","floor":35.0,"turns":5.0},{"damage":20.0,"enemies":"3 Darklings","floor":36.0,"turns":5.0},{"damage":29.0,"enemies":"Jaw Worm Horde","floor":38.0,"turns":3.0},{"damage":0.0,"enemies":"Reptomancer","floor":41.0,"turns":6.0},{"damage":0.0,"enemies":"4 Shapes","floor":42.0,"turns":5.0},{"damage":5.0,"enemies":"Maw","floor":44.0,"turns":9.0},{"damage":1.0,"enemies":"Sphere and 2 Shapes","floor":45.0,"turns":3.0},{"damage":6.0,"enemies":"4 Shapes","floor":47.0,"turns":5.0},{"damage":0.0,"enemies":"Giant Head","floor":48.0,"turns":11.0},{"damage":116,"enemies":"Time Eater","floor":50,"turns":15}],"seed_played":"8231293475682952202","potions_obtained":[{"floor":5.0,"key":"Block Potion"},{"floor":14.0,"key":"GamblersBrew"},{"floor":16.0,"key":"Energy Potion"},{"floor":23.0,"key":"Ancient Potion"},{"floor":24.0,"key":"Explosive Potion"},{"floor":35.0,"key":"AttackPotion"},{"floor":39.0,"key":"Fire Potion"},{"floor":42.0,"key":"Fire Potion"},{"floor":45.0,"key":"FearPotion"},{"floor":48.0,"key":"SpeedPotion"}],"is_trial":false,"path_per_floor":["M","M","?","$","M","R","E","R","T","$","R","E","M","E","R","B",null,"M","M","$","M","?","E","M","?","T","$","M","$","R","M","R","B",null,"M","M","?","M","?","R","E","M","T","M","M","R","M","E","R","B"],"character_chosen":"DEFECT","items_purchased":["Biased Cognition","Cold Snap","Coolheaded","Sunder","Auto Shields","Happy Flower"],"campfire_rested":2,"item_purchase_floors":[4,4,10,20,20,27],"current_hp_per_floor":[65,58,58,58,58,58,45,45,45,45,45,42,42,41,66,43,75,75,71,71,70,70,22,17,17,17,17,25,25,51,66,66,71,85,86,81,81,60,60,78,93,95,95,96,97,97,98,99,99,0],"gold":207,"neow_bonus":"HUNDRED_GOLD","is_prod":false,"is_daily":false,"chose_seed":false,"campfire_upgraded":7,"win_rate":0,"timestamp":1558675258,"path_taken":["M","M","?","$","M","R","E","R","T","?","R","E","?","E","R","BOSS","M","M","$","M","?","E","?","?","T","?","M","$","R","M","R","BOSS","M","M","?","M","?","R","E","M","T","M","M","R","M","E","R","BOSS"],"build_version":"2019-01-23","purchased_purges":2,"victory":false,"max_hp_per_floor":[75,75,75,75,75,75,75,75,75,75,75,85,85,85,85,85,85,85,85,85,85,85,86,87,87,87,87,88,88,88,89,89,90,90,91,92,92,93,93,93,94,95,95,96,97,97,98,99,99,99],"card_choices":[{"not_picked":["Go for the Eyes","Leap"],"picked":"Cold Snap","floor":1.0},{"not_picked":["Gash","Barrage"],"picked":"Leap","floor":2.0},{"not_picked":["Chaos","Beam Cell"],"picked":"Doom and Gloom","floor":5.0},{"not_picked":["Hologram","Turbo"],"picked":"Sweeping Beam","floor":7.0},{"not_picked":["Leap","Skim","Go for the Eyes"],"picked":"SKIP","floor":12.0},{"not_picked":["Conserve Battery","Beam Cell"],"picked":"Capacitor","floor":13.0},{"not_picked":["Redo","Stack"],"picked":"Chill","floor":14.0},{"not_picked":["Rainbow","Machine Learning"],"picked":"Amplify","floor":16.0},{"not_picked":["Heatsinks","Conserve Battery","Gash"],"picked":"SKIP","floor":18.0},{"not_picked":["Barrage","Gash+1"],"picked":"Self Repair","floor":19.0},{"not_picked":["Aggregate","Compile Driver"],"picked":"Coolheaded","floor":21.0},{"not_picked":["Coolheaded","Streamline"],"picked":"Reinforced Body","floor":23.0},{"not_picked":["Streamline","Leap"],"picked":"Turbo+1","floor":24.0},{"not_picked":["Lockon","Redo"],"picked":"Hologram+1","floor":28.0},{"not_picked":["Hologram","Steam"],"picked":"Electrodynamics","floor":31.0},{"not_picked":["Beam Cell","Gash"],"picked":"Steam+1","floor":35.0},{"not_picked":["Genetic Algorithm","Lockon"],"picked":"Turbo+1","floor":36.0},{"not_picked":["Beam Cell","Coolheaded"],"picked":"Undo+1","floor":38.0},{"not_picked":["Amplify","Streamline"],"picked":"Turbo+1","floor":41.0},{"not_picked":["Steam","Sweeping Beam"],"picked":"White Noise","floor":42.0},{"not_picked":["Compile Driver","BootSequence"],"picked":"Conserve Battery+1","floor":44.0},{"not_picked":["Leap","Consume"],"picked":"Stack","floor":45.0},{"not_picked":["Melter","Steam Power","Coolheaded"],"picked":"SKIP","floor":47.0},{"not_picked":["Hyperbeam","Scrape","Cold Snap+1"],"picked":"SKIP","floor":48.0}],"player_experience":659801,"relics_obtained":[{"floor":7.0,"key":"Gremlin Horn"},{"floor":9.0,"key":"The Courier"},{"floor":12.0,"key":"Pear"},{"floor":14.0,"key":"Incense Burner"},{"floor":23.0,"key":"Pen Nib"},{"floor":26.0,"key":"Omamori"},{"floor":41.0,"key":"Bottled Lightning"},{"floor":43.0,"key":"Meat on the Bone"},{"floor":48.0,"key":"Cables"}],"event_choices":[{"damage_healed":0.0,"max_hp_gain":0.0,"max_hp_loss":0.0,"gold_gain":0.0,"event_name":"Living Wall","player_choice":"Grow","floor":3.0,"gold_loss":0.0,"damage_taken":0.0,"cards_upgraded":["Zap"]},{"damage_healed":0.0,"max_hp_gain":0.0,"max_hp_loss":0.0,"gold_gain":0.0,"event_name":"FaceTrader","player_choice":"Trade","floor":22.0,"gold_loss":0.0,"damage_taken":0.0,"relics_obtained":["FaceOfCleric"]},{"damage_healed":0.0,"max_hp_gain":0.0,"max_hp_loss":0.0,"gold_gain":0.0,"event_name":"Duplicator","player_choice":"Copied","floor":25.0,"gold_loss":0.0,"damage_taken":0.0,"cards_obtained":["Biased Cognition"]},{"damage_healed":0.0,"max_hp_gain":0.0,"max_hp_loss":0.0,"gold_gain":0.0,"event_name":"Tomb of Lord Red Mask","player_choice":"Paid","floor":37.0,"gold_loss":164.0,"damage_taken":0.0,"relics_obtained":["Red Mask"]},{"damage_healed":0.0,"max_hp_gain":0.0,"max_hp_loss":0.0,"gold_gain":0.0,"event_name":"Lab","player_choice":"Got Potions","floor":39.0,"gold_loss":0.0,"damage_taken":0.0}],"is_beta":false,"boss_relics":[{"not_picked":["Tiny House","Black Star"],"picked":"Runic Pyramid"},{"not_picked":["Lizard Tail","Runic Dome"],"picked":"Eternal Feather"}],"items_purged_floors":[4,20],"is_endless":false,"potions_floor_spawned":[5,14,16,23,24,35,42,45,48],"killed_by":"Time Eater","ascension_level":12}