{"gold_per_floor":[117,36,36,51,51,79,79,108,108,120,120,41,41,53,53,53],"floor_reached":16,"playtime":944,"items_purged":[],"score":266,"play_id":"1963a0b2-a683-4e31-a0db-c7cfbed1e3ba","local_time":"20190506200759","is_ascension_mode":true,"campfire_choices":[{"floor":7.0,"key":"DIG"},{"floor":11.0,"key":"REST"},{"data":"Well Laid Plans","floor":13.0,"key":"SMITH"},{"floor":15.0,"key":"DIG"}],"neow_cost":"NONE","seed_source_timestamp":180518400636603,"circlet_count":0,"master_deck":["AscendersBane","Defend_G","Defend_G+1","Defend_G","Defend_G+1","Defend_G","Strike_G+1","Strike_G","Strike_G","Strike_G","Strike_G","Survivor+1","Neutralize+1","Terror","Footwork","PiercingWail","Footwork","Cloak And Dagger","Riddle With Holes","Well Laid Plans+1","All Out Attack"],"special_seed":0,"relics":["Ring of the Snake","NeowsBlessing","Shovel","Incense Burner","War Paint","Calipers","Dodecahedron"],"potions_floor_usage":[16,16],"damage_taken":[{"damage":0.0,"enemies":"Small Slimes","floor":1.0,"turns":1.0},{"damage":0.0,"enemies":"Jaw Worm","floor":4.0,"turns":1.0},{"damage":0.0,"enemies":"Gremlin Nob","floor":6.0,"turns":1.0},{"damage":51.0,"enemies":"3 Sentries","floor":8.0,"turns":21.0},{"damage":0.0,"enemies":"Cultist","floor":10.0,"turns":5.0},{"damage":0.0,"enemies":"Blue Slaver","floor":14.0,"turns":5.0},{"damage":22,"enemies":"Slime Boss","floor":16,"turns":10}],"seed_played":"-7469402676951581124","potions_obtained":[{"floor":1.0,"key":"Regen Potion"},{"floor":4.0,"key":"SneckoOil"},{"floor":6.0,"key":"EssenceOfSteel"},{"floor":14.0,"key":"SpeedPotion"}],"is_trial":false,"path_per_floor":["M","$","?","M","?","E","R","E","T","M","R","$","R","M","R","B"],"character_chosen":"THE_SILENT","items_purchased":["Footwork","Well Laid Plans"],"campfire_rested":1,"item_purchase_floors":[2,12],"current_hp_per_floor":[59,59,39,39,39,39,39,3,3,3,22,22,22,22,22,0],"gold":53,"neow_bonus":"THREE_ENEMY_KILL","is_prod":false,"is_daily":false,"chose_seed":false,"campfire_upgraded":1,"win_rate":0,"timestamp":1557187679,"path_taken":["M","$","?","M","?","E","R","E","T","M","R","?","R","M","R","BOSS"],"build_version":"2019-01-23","purchased_purges":0,"victory":false,"max_hp_per_floor":[66,66,66,66,66,66,66,66,66,66,66,66,66,66,66,66],"card_choices":[{"not_picked":["Sucker Punch","Deadly Poison"],"picked":"Terror","floor":1.0},{"not_picked":["Expertise","Outmaneuver"],"picked":"PiercingWail","floor":4.0},{"not_picked":["Acrobatics","Reflex"],"picked":"Footwork","floor":6.0},{"not_picked":["Backflip","Riddle With Holes"],"picked":"Cloak And Dagger","floor":8.0},{"not_picked":["Expertise","Terror"],"picked":"Riddle With Holes","floor":10.0},{"not_picked":["Backflip","Bouncing Flask"],"picked":"All Out Attack","floor":14.0}],"player_experience":386909,"relics_obtained":[{"floor":6.0,"key":"Shovel"},{"floor":7.0,"key":"Incense Burner"},{"floor":8.0,"key":"War Paint"},{"floor":9.0,"key":"Calipers"},{"floor":15.0,"key":"Dodecahedron"}],"event_choices":[{"damage_healed":0.0,"max_hp_gain":0.0,"max_hp_loss":0.0,"gold_gain":0.0,"event_name":"Shining Light","player_choice":"Entered Light","floor":3.0,"gold_loss":0.0,"damage_taken":20.0,"cards_upgraded":["Strike_G","Neutralize"]},{"damage_healed":0.0,"max_hp_gain":0.0,"max_hp_loss":0.0,"gold_gain":0.0,"event_name":"Living Wall","player_choice":"Grow","floor":5.0,"gold_loss":0.0,"damage_taken":0.0,"cards_upgraded":["Survivor"]}],"is_beta":false,"boss_relics":[],"items_purged_floors":[],"is_endless":false,"potions_floor_spawned":[1,4,6,14],"killed_by":"Slime Boss","ascension_level":20}