{"gold_per_floor":[116,134,84,94,13,45,71,71,97,27,55,130,130,156,156,252,252,264,281,281,281,292,324,356,368,423,423,437,6,6,34,34,139,139,156,168,168,168,98,127,127,146,172,172,172],"floor_reached":45,"playtime":4020,"items_purged":["Defend_R"],"score":593,"play_id":"f3d8d0c7-bf56-44f0-9c14-a95383325492","local_time":"20190522233452","is_ascension_mode":true,"campfire_choices":[{"floor":8,"key":"REST"},{"floor":13,"key":"REST"},{"floor":15,"key":"REST"},{"data":"Heavy Blade","floor":27,"key":"SMITH"},{"floor":30,"key":"RECALL"},{"data":"Flame Barrier","floor":32,"key":"SMITH"},{"data":"Barricade","floor":41,"key":"SMITH"},{"data":"Burning Pact","floor":44,"key":"SMITH"}],"neow_cost":"NONE","seed_source_timestamp":588508286459300,"circlet_count":0,"master_deck":["Defend_R","Defend_R","Bash","Shrug It Off","Heavy Blade+1","Flex","Flame Barrier+1","Inflame","Thunderclap","Warcry","Flex","Twin Strike","Sword Boomerang","Fiend Fire","Shockwave","Anger","Bite","Bite","Bite","Bite","Bite","True Grit+1","Rage","Burning Pact+1","Shrug It Off+1","Warcry","Master of Strategy","Armaments+1","Barricade+1","Heavy Blade","Carnage+1","Jack Of All Trades+1","Disarm","Body Slam+1","Parasite","Disarm"],"relics":["Mark of Pain","Orichalcum","Odd Mushroom","Anchor","Meat on the Bone","Eternal Feather","WingedGreaves","Happy Flower","Art of War","MealTicket","Darkstone Periapt","Lizard Tail","War Paint","Strawberry"],"potions_floor_usage":[7,11,23,23,33,33],"damage_taken":[{"damage":7,"enemies":"Jaw Worm","floor":1,"turns":3},{"damage":0,"enemies":"Small Slimes","floor":2,"turns":5},{"damage":1,"enemies":"Cultist","floor":4,"turns":3},{"damage":46,"enemies":"Gremlin Nob","floor":6,"turns":5},{"damage":9,"enemies":"The Mushroom Lair","floor":7,"turns":4},{"damage":13,"enemies":"Lagavulin","floor":11,"turns":5},{"damage":16,"enemies":"Gremlin Nob","floor":14,"turns":4},{"damage":36,"enemies":"Hexaghost","floor":16,"turns":9},{"damage":16,"enemies":"2 Thieves","floor":18,"turns":5},{"damage":3,"enemies":"Shell Parasite","floor":19,"turns":4},{"damage":14,"enemies":"Cultist and Chosen","floor":22,"turns":6},{"damage":33,"enemies":"Gremlin Leader","floor":23,"turns":6},{"damage":27,"enemies":"Book of Stabbing","floor":24,"turns":5},{"damage":23,"enemies":"3 Cultists","floor":25,"turns":6},{"damage":20,"enemies":"Centurion and Healer","floor":28,"turns":7},{"damage":28,"enemies":"Gremlin Leader","floor":31,"turns":9},{"damage":60,"enemies":"Automaton","floor":33,"turns":11},{"damage":9,"enemies":"Orb Walker","floor":35,"turns":4},{"damage":25,"enemies":"3 Darklings","floor":36,"turns":7},{"damage":87,"enemies":"Nemesis","floor":40,"turns":11},{"damage":39,"enemies":"Writhing Mass","floor":42,"turns":9},{"damage":67,"enemies":"Giant Head","floor":45,"turns":8}],"seed_played":"7129557237123375780","potions_obtained":[{"floor":1,"key":"Ancient Potion"},{"floor":6,"key":"PowerPotion"},{"floor":14,"key":"SteroidPotion"},{"floor":16,"key":"EssenceOfSteel"},{"floor":18,"key":"Dexterity Potion"},{"floor":19,"key":"Block Potion"},{"floor":24,"key":"SpeedPotion"},{"floor":25,"key":"SmokeBomb"},{"floor":42,"key":"Explosive Potion"}],"is_trial":false,"path_per_floor":["M","M","?","M","$","E","?","R","T","$","E","?","R","E","R","B",null,"M","M","?","?","M","E","E","M","T","R","M","$","R","E","R","B",null,"M","M","?","?","$","E","R","M","T","R","E"],"character_chosen":"IRONCLAD","items_purchased":["Flame Barrier","Warcry","Flex","Master of Strategy","MealTicket","Disarm"],"campfire_rested":3,"item_purchase_floors":[5,10,10,29,29,39],"current_hp_per_floor":[73,73,73,72,72,26,17,41,41,41,28,20,44,28,52,28,80,64,61,56,56,48,39,28,27,27,42,32,32,47,31,46,16,56,51,34,34,34,49,20,38,26,33,54,0],"gold":172,"neow_bonus":"BOSS_RELIC","is_prod":false,"is_daily":false,"chose_seed":false,"campfire_upgraded":4,"win_rate":0,"timestamp":1558586092,"path_taken":["M","M","?","M","$","E","?","R","T","?","E","?","R","E","R","BOSS","M","M","?","?","M","E","E","M","T","R","M","$","R","E","R","BOSS","M","M","?","?","$","E","R","M","T","R","E"],"build_version":"2019-01-23","purchased_purges":1,"victory":false,"max_hp_per_floor":[80,80,80,80,80,80,80,80,80,80,80,80,80,80,80,80,80,80,80,56,56,56,56,56,56,56,56,56,56,56,56,56,56,56,56,56,56,56,56,56,56,62,69,69,69],"card_choices":[{"not_picked":["Corruption","Body Slam"],"picked":"Shrug It Off","floor":1},{"not_picked":["Corruption","Bloodletting"],"picked":"Heavy Blade","floor":2},{"not_picked":["Shrug It Off","Perfected Strike"],"picked":"Flex","floor":4},{"not_picked":["Armaments","Rage"],"picked":"Inflame","floor":6},{"not_picked":["Iron Wave","Havoc"],"picked":"Thunderclap","floor":7},{"not_picked":["Havoc","Brutality"],"picked":"Twin Strike","floor":11},{"not_picked":["Thunderclap","Armaments"],"picked":"Sword Boomerang","floor":14},{"not_picked":["Juggernaut","Offering"],"picked":"Fiend Fire","floor":16},{"not_picked":["Thunderclap","Second Wind"],"picked":"Shockwave","floor":18},{"not_picked":["Body Slam","Bloodletting+1"],"picked":"Anger","floor":19},{"not_picked":["Hemokinesis","Searing Blow"],"picked":"Rage","floor":22},{"not_picked":["Second Wind+1","Rage+1"],"picked":"Burning Pact","floor":23},{"not_picked":["Impervious","Ghostly Armor"],"picked":"Shrug It Off+1","floor":24},{"not_picked":["Entrench","Havoc"],"picked":"Warcry","floor":25},{"not_picked":["Pommel Strike","Perfected Strike+1","Entrench+1"],"picked":"SKIP","floor":28},{"not_picked":["Power Through","Immolate"],"picked":"Armaments+1","floor":31},{"not_picked":["Offering","Fiend Fire"],"picked":"Barricade","floor":33},{"not_picked":["Uppercut","True Grit"],"picked":"Heavy Blade","floor":35},{"not_picked":["Armaments+1","Wild Strike+1"],"picked":"Carnage+1","floor":36},{"not_picked":["Enlightenment","HandOfGreed"],"picked":"Jack Of All Trades","floor":38},{"not_picked":["Bludgeon","Clothesline+1"],"picked":"Body Slam+1","floor":40},{"not_picked":["Iron Wave","Hemokinesis+1"],"picked":"Disarm","floor":42}],"player_experience":193027,"relics_obtained":[{"floor":6,"key":"Orichalcum"},{"floor":7,"key":"Odd Mushroom"},{"floor":11,"key":"Anchor"},{"floor":14,"key":"Meat on the Bone"},{"floor":23,"key":"WingedGreaves"},{"floor":24,"key":"Happy Flower"},{"floor":26,"key":"Art of War"},{"floor":31,"key":"Darkstone Periapt"},{"floor":40,"key":"War Paint"},{"floor":43,"key":"Strawberry"}],"event_choices":[{"cards_removed":["Strike_R"],"damage_healed":0,"gold_gain":0,"player_choice":"Card Removal","damage_taken":0,"max_hp_gain":0,"max_hp_loss":0,"event_name":"The Cleric","floor":3,"gold_loss":50},{"damage_healed":0,"gold_gain":0,"player_choice":"Fought Mushrooms","damage_taken":0,"max_hp_gain":0,"max_hp_loss":0,"event_name":"Mushrooms","floor":7,"gold_loss":0},{"damage_healed":0,"gold_gain":75,"player_choice":"Touch","damage_taken":8,"max_hp_gain":0,"max_hp_loss":0,"event_name":"FaceTrader","floor":12,"gold_loss":0},{"damage_healed":0,"gold_gain":0,"player_choice":"Became a vampire","damage_taken":0,"max_hp_gain":0,"max_hp_loss":24,"event_name":"Vampires","floor":20,"gold_loss":0,"cards_obtained":["Bite","Bite","Bite","Bite","Bite"]},{"damage_healed":0,"gold_gain":0,"player_choice":"Read","damage_taken":0,"max_hp_gain":0,"max_hp_loss":0,"event_name":"The Library","floor":21,"gold_loss":0,"cards_obtained":["True Grit"]},{"cards_removed":["Defend_R"],"damage_healed":0,"gold_gain":0,"player_choice":"Removed Skill","damage_taken":0,"max_hp_gain":0,"max_hp_loss":0,"event_name":"Falling","floor":37,"gold_loss":0},{"damage_healed":0,"gold_gain":0,"player_choice":"Memory 1","damage_taken":0,"max_hp_gain":0,"max_hp_loss":0,"event_name":"SensoryStone","floor":38,"gold_loss":0}],"is_beta":false,"boss_relics":[{"not_picked":["Philosopher\u0027s Stone","Runic Pyramid"],"picked":"Eternal Feather"},{"not_picked":["Black Star","White Beast Statue"],"picked":"Lizard Tail"}],"items_purged_floors":[29],"is_endless":false,"potions_floor_spawned":[1,6,14,16,18,19,24,25,42],"killed_by":"Giant Head","ascension_level":1}