{"gold_per_floor":[116,29,29,29,41,73,73,92,92,92,126,144,144,179,179,257,257,257,0,0,0,0,0,0,0,0,0,0,0,0,0,0,0,0,0,0,0,0,0,0,0,0,0,0,0,0,0,0,0,0],"floor_reached":51,"playtime":4475,"items_purged":["Strike_B"],"score":1485,"play_id":"8299f937-13a0-4185-8596-2afcd84082ca","local_time":"20190514182804","is_ascension_mode":true,"campfire_choices":[{"data":"Doom and Gloom","floor":7.0,"key":"SMITH"},{"data":"Zap","floor":10.0,"key":"SMITH"},{"data":"Defragment","floor":15.0,"key":"SMITH"},{"floor":23.0,"key":"REST"},{"data":"Blizzard","floor":25.0,"key":"SMITH"},{"data":"Coolheaded","floor":28.0,"key":"SMITH"},{"data":"Defragment","floor":32.0,"key":"SMITH"},{"floor":42.0,"key":"REST"},{"data":"Capacitor","floor":45.0,"key":"SMITH"},{"data":"Go for the Eyes","floor":49.0,"key":"SMITH"}],"neow_cost":"NONE","seed_source_timestamp":9398493140528,"circlet_count":0,"master_deck":["AscendersBane","Strike_B","Strike_B","Strike_B","Defend_B","Defend_B+1","Defend_B","Defend_B","Zap+1","Dualcast","Defragment+1","Doom and Gloom+1","Beam Cell","Glacier","Static Discharge+1","Coolheaded+1","Capacitor+1","Hologram+1","Electrodynamics","Force Field","Chill+1","Blizzard+1","Self Repair","Defragment+1","Reprogram+1","Go for the Eyes+1","Reprogram+1","Defragment+1","Reinforced Body","Machine Learning","FTL","Panache","Thinking Ahead","Secret Weapon","Glacier","Blizzard","Recycle+1","Steam Power+1"],"special_seed":0,"relics":["FrozenCore","NeowsBlessing","The Courier","Blue Candle","Smiling Mask","Regal Pillow","Ectoplasm","War Paint","Blood Vial","Potion Belt","Vajra","PreservedInsect","Pen Nib","Mercury Hourglass"],"potions_floor_usage":[50,50],"damage_taken":[{"damage":0.0,"enemies":"Small Slimes","floor":1.0,"turns":1.0},{"damage":0.0,"enemies":"Jaw Worm","floor":5.0,"turns":1.0},{"damage":0.0,"enemies":"Gremlin Nob","floor":6.0,"turns":1.0},{"damage":0.0,"enemies":"Cultist","floor":8.0,"turns":3.0},{"damage":10.0,"enemies":"3 Sentries","floor":11.0,"turns":7.0},{"damage":0.0,"enemies":"2 Fungi Beasts","floor":12.0,"turns":4.0},{"damage":3.0,"enemies":"Lagavulin","floor":14.0,"turns":6.0},{"damage":11.0,"enemies":"The Guardian","floor":16.0,"turns":14.0},{"damage":15.0,"enemies":"Spheric Guardian","floor":18.0,"turns":4.0},{"damage":8.0,"enemies":"Shell Parasite","floor":20.0,"turns":7.0},{"damage":2.0,"enemies":"Centurion and Healer","floor":21.0,"turns":8.0},{"damage":13.0,"enemies":"Slavers","floor":24.0,"turns":5.0},{"damage":13.0,"enemies":"Gremlin Leader","floor":27.0,"turns":5.0},{"damage":0.0,"enemies":"3 Cultists","floor":29.0,"turns":4.0},{"damage":0.0,"enemies":"Chosen and Byrds","floor":30.0,"turns":7.0},{"damage":2.0,"enemies":"Snecko","floor":31.0,"turns":14.0},{"damage":4.0,"enemies":"Champ","floor":33.0,"turns":13.0},{"damage":15.0,"enemies":"3 Darklings","floor":35.0,"turns":6.0},{"damage":5.0,"enemies":"3 Shapes","floor":37.0,"turns":6.0},{"damage":47.0,"enemies":"Jaw Worm Horde","floor":39.0,"turns":4.0},{"damage":17.0,"enemies":"Maw","floor":40.0,"turns":10.0},{"damage":0.0,"enemies":"Sphere and 2 Shapes","floor":44.0,"turns":9.0},{"damage":7.0,"enemies":"Nemesis","floor":46.0,"turns":9.0},{"damage":8.0,"enemies":"3 Darklings","floor":47.0,"turns":6.0},{"damage":7.0,"enemies":"4 Shapes","floor":48.0,"turns":8.0},{"damage":0,"enemies":"Time Eater","floor":50,"turns":33}],"seed_played":"-8946412523546245610","potions_obtained":[{"floor":1.0,"key":"Ancient Potion"},{"floor":4.0,"key":"EssenceOfSteel"},{"floor":4.0,"key":"Block Potion"},{"floor":12.0,"key":"PowerPotion"},{"floor":14.0,"key":"Weak Potion"},{"floor":21.0,"key":"PowerPotion"},{"floor":24.0,"key":"Explosive Potion"},{"floor":27.0,"key":"Dexterity Potion"},{"floor":31.0,"key":"Dexterity Potion"},{"floor":39.0,"key":"Explosive Potion"},{"floor":40.0,"key":"PowerPotion"},{"floor":46.0,"key":"SteroidPotion"}],"is_trial":false,"path_per_floor":["M","$","?","?","M","E","R","M","T","R","E","M","?","E","R","B",null,"M","$","M","M","?","R","E","R","T","E","R","M","M","M","R","B",null,"M","?","M","?","M","M","T","R","T","M","R","E","M","M","R","B",null],"character_chosen":"DEFECT","items_purchased":["Doom and Gloom","Chill","War Paint","Strength Potion"],"campfire_rested":2,"item_purchase_floors":[2,19,19,19],"current_hp_per_floor":[64,64,64,64,64,64,64,64,64,64,54,54,33,30,30,19,58,43,43,35,33,33,69,63,63,63,59,59,61,70,71,71,71,71,63,53,57,57,19,11,11,47,47,56,56,58,59,61,61,63],"gold":0,"neow_bonus":"THREE_ENEMY_KILL","is_prod":false,"is_daily":false,"chose_seed":false,"campfire_upgraded":8,"win_rate":0,"timestamp":1557872884,"path_taken":["M","$","?","?","?","E","R","M","T","R","E","M","?","E","R","BOSS","M","$","M","M","?","R","E","R","T","E","R","M","?","M","R","BOSS","M","?","M","?","M","?","?","R","T","M","R","E","M","?","R","BOSS"],"build_version":"2019-01-23","purchased_purges":1,"victory":true,"max_hp_per_floor":[71,71,71,71,71,71,71,71,71,71,71,71,71,71,71,71,71,71,71,71,71,71,71,71,71,71,71,71,71,71,71,71,71,71,71,71,71,71,71,71,71,71,71,71,71,71,71,71,71,71],"card_choices":[{"not_picked":["Redo","Hello World"],"picked":"Defragment","floor":1.0},{"not_picked":["Gash","Streamline"],"picked":"Beam Cell","floor":5.0},{"not_picked":["BootSequence","Redo"],"picked":"Glacier","floor":6.0},{"not_picked":["Leap","Force Field"],"picked":"Static Discharge","floor":8.0},{"not_picked":["Sweeping Beam","Rip and Tear"],"picked":"Coolheaded","floor":11.0},{"not_picked":["Multi-Cast","Rebound"],"picked":"Capacitor","floor":12.0},{"not_picked":["Turbo","Sweeping Beam"],"picked":"Hologram","floor":14.0},{"not_picked":["All For One","Thunder Strike"],"picked":"Electrodynamics","floor":16.0},{"not_picked":["Rebound","Gash"],"picked":"Force Field","floor":18.0},{"not_picked":["Cold Snap+1","Compile Driver"],"picked":"Blizzard","floor":20.0},{"not_picked":["Streamline","Recycle"],"picked":"Self Repair","floor":21.0},{"not_picked":["Rip and Tear","BootSequence"],"picked":"Reprogram+1","floor":24.0},{"not_picked":["Doom and Gloom","Stack"],"picked":"Go for the Eyes","floor":27.0},{"not_picked":["Hello World","Sweeping Beam"],"picked":"Reprogram+1","floor":29.0},{"not_picked":["Barrage","Darkness"],"picked":"Defragment","floor":30.0},{"not_picked":["Redo+1","Stack"],"picked":"Reinforced Body","floor":31.0},{"not_picked":["Amplify","Meteor Strike"],"picked":"Machine Learning","floor":33.0},{"not_picked":["Reprogram+1","Conserve Battery"],"picked":"FTL","floor":35.0},{"not_picked":["Good Instincts","The Bomb"],"picked":"Panache","floor":36.0},{"not_picked":["HandOfGreed","Madness"],"picked":"Thinking Ahead","floor":36.0},{"not_picked":["Good Instincts","Bandage Up"],"picked":"Secret Weapon","floor":36.0},{"not_picked":["Streamline","Lockon","Barrage"],"picked":"SKIP","floor":37.0},{"not_picked":["Beam Cell+1","Coolheaded"],"picked":"Glacier","floor":39.0},{"not_picked":["Conserve Battery","Rebound"],"picked":"Blizzard","floor":40.0},{"not_picked":["Lockon","Barrage","Go for the Eyes"],"picked":"SKIP","floor":44.0},{"not_picked":["Compile Driver","Hologram"],"picked":"Recycle+1","floor":46.0},{"not_picked":["Biased Cognition","Consume","Gash"],"picked":"SKIP","floor":47.0},{"not_picked":["Turbo","Go for the Eyes"],"picked":"Steam Power+1","floor":48.0}],"player_experience":618051,"relics_obtained":[{"floor":6.0,"key":"The Courier"},{"floor":9.0,"key":"Blue Candle"},{"floor":11.0,"key":"Smiling Mask"},{"floor":14.0,"key":"Regal Pillow"},{"floor":24.0,"key":"Blood Vial"},{"floor":26.0,"key":"Potion Belt"},{"floor":27.0,"key":"Vajra"},{"floor":41.0,"key":"PreservedInsect"},{"floor":43.0,"key":"Pen Nib"},{"floor":46.0,"key":"Mercury Hourglass"}],"event_choices":[{"damage_healed":0.0,"max_hp_gain":0.0,"max_hp_loss":0.0,"gold_gain":0.0,"event_name":"The Cleric","player_choice":"Leave","floor":3.0,"gold_loss":0.0,"damage_taken":0.0},{"damage_healed":0.0,"max_hp_gain":0.0,"max_hp_loss":0.0,"gold_gain":0.0,"event_name":"Lab","player_choice":"Got Potions","floor":4.0,"gold_loss":0.0,"damage_taken":0.0},{"damage_healed":0.0,"max_hp_gain":0.0,"max_hp_loss":0.0,"gold_gain":0.0,"event_name":"Shining Light","player_choice":"Entered Light","floor":13.0,"gold_loss":0.0,"damage_taken":21.0,"cards_upgraded":["Static Discharge","Defend_B"]},{"damage_healed":0.0,"max_hp_gain":0.0,"max_hp_loss":0.0,"gold_gain":0.0,"event_name":"Duplicator","player_choice":"Copied","floor":22.0,"gold_loss":0.0,"damage_taken":0.0,"cards_obtained":["Defragment"]},{"damage_healed":0.0,"max_hp_gain":0.0,"max_hp_loss":0.0,"gold_gain":0.0,"event_name":"SensoryStone","player_choice":"Memory 3","floor":36.0,"gold_loss":0.0,"damage_taken":10.0},{"damage_healed":0.0,"max_hp_gain":0.0,"max_hp_loss":0.0,"gold_gain":50.0,"event_name":"Golden Shrine","player_choice":"Pray","floor":38.0,"gold_loss":0.0,"damage_taken":0.0}],"is_beta":false,"boss_relics":[{"not_picked":["Runic Pyramid","Runic Dome"],"picked":"Ectoplasm"},{"not_picked":["Pandora\u0027s Box","Fusion Hammer"],"picked":"FrozenCore"}],"items_purged_floors":[19],"is_endless":false,"potions_floor_spawned":[1,8,12,14,21,24,27,31,39,40,46,48],"ascension_level":17}