{"gold_per_floor":[114,114,9,32,32,76,90,5,5,5,26,50,50],"floor_reached":13,"playtime":1407,"items_purged":[],"score":85,"play_id":"caf9a67b-14b7-4a75-a795-e724514a5ead","local_time":"20181116000843","is_ascension_mode":false,"campfire_choices":[],"neow_cost":"","seed_source_timestamp":141351107826913,"circlet_count":0,"master_deck":["Strike_R","Strike_R","Strike_R","Strike_R","Strike_R+1","Defend_R+1","Defend_R","Defend_R","Defend_R","Bash","Infernal Blade","Twin Strike","Warcry","Clash","Feed","Whirlwind","Clothesline","Headbutt","Pommel Strike"],"relics":["Burning Blood","Golden Idol","Ice Cream","Self Forming Clay"],"potions_floor_usage":[1],"damage_taken":[{"damage":8,"enemies":"Cultist","floor":1,"turns":5},{"damage":7,"enemies":"Small Slimes","floor":4,"turns":4},{"damage":51,"enemies":"Gremlin Nob","floor":6,"turns":6},{"damage":9,"enemies":"Jaw Worm","floor":7,"turns":2},{"damage":7,"enemies":"Looter","floor":11,"turns":2},{"damage":0,"enemies":"Large Slime","floor":12,"turns":4},{"damage":25,"enemies":"Gremlin Gang","floor":13,"turns":3}],"seed_played":"6487462781251619522","potions_obtained":[{"floor":1,"key":"Fruit Juice"},{"floor":6,"key":"GamblersBrew"},{"floor":12,"key":"PowerPotion"}],"is_trial":false,"path_per_floor":["M","?","$","M","?","E","M","$","T","?","M","M","M"],"character_chosen":"IRONCLAD","items_purchased":["Infernal Blade","Twin Strike","Whirlwind","Clothesline"],"campfire_rested":0,"item_purchase_floors":[3,3,8,8],"current_hp_per_floor":[83,79,79,78,62,17,14,14,14,14,13,19,0],"gold":50,"neow_bonus":"","is_prod":false,"is_daily":false,"chose_seed":false,"campfire_upgraded":0,"win_rate":0.0,"timestamp":1542348523,"path_taken":["M","?","$","M","?","E","M","$","T","?","?","M","M"],"build_version":"2018-11-15","purchased_purges":0,"victory":false,"max_hp_per_floor":[85,79,79,79,79,79,79,79,79,79,79,79,82],"card_choices":[{"not_picked":["Shrug It Off","Burning Pact"],"picked":"Feel No Pain","floor":1},{"not_picked":["Disarm","Bloodletting"],"picked":"Warcry","floor":4},{"not_picked":["Thunderclap","Sword Boomerang"],"picked":"Clash","floor":6},{"not_picked":["True Grit","Feel No Pain"],"picked":"Feed","floor":7},{"not_picked":["Warcry","Dropkick"],"picked":"Headbutt","floor":11},{"not_picked":["Sword Boomerang","Burning Pact"],"picked":"Pommel Strike","floor":12}],"player_experience":0,"relics_obtained":[{"floor":6,"key":"Ice Cream"},{"floor":9,"key":"Self Forming Clay"}],"event_choices":[{"damage_healed":0,"gold_gain":0,"player_choice":"Lose Max HP","damage_taken":0,"relics_obtained":["Golden Idol"],"max_hp_gain":0,"max_hp_loss":6,"event_name":"Golden Idol","floor":2,"gold_loss":0},{"damage_healed":0,"gold_gain":0,"player_choice":"Entered Light","damage_taken":16,"max_hp_gain":0,"max_hp_loss":0,"event_name":"Shining Light","floor":5,"gold_loss":0,"cards_upgraded":["Strike_R","Defend_R"]},{"cards_removed":["Feel No Pain"],"damage_healed":0,"gold_gain":0,"player_choice":"Forget","damage_taken":0,"max_hp_gain":0,"max_hp_loss":0,"event_name":"Living Wall","floor":10,"gold_loss":0}],"is_beta":false,"boss_relics":[],"items_purged_floors":[],"is_endless":false,"potions_floor_spawned":[1,6,12],"killed_by":"Gremlin Gang","ascension_level":0}