{"path_per_floor":["M","$","?","M","?","R","$","M","T","M","M","?","R","M","R","B",null,"M","M","$","?","?","R","?","M","T","R","$","R","M","$","R","B",null,"M","T","M","?","M","R","M","R","T","R"],"character_chosen":"IRONCLAD","items_purchased":["Finesse","Battle Trance"],"gold_per_floor":[218,143,143,155,105,105,15,31,31,45,64,64,64,82,82,208,208,208,208,108,108,108,108,108,108,108,108,36,36,36,36,36,36,36,36,36,36,36,36,36,36,36,36,36],"floor_reached":45,"campfire_rested":2,"playtime":3801,"current_hp_per_floor":[80,80,64,67,67,67,67,61,61,62,68,48,48,47,71,22,80,72,76,76,76,76,76,76,51,51,80,80,80,64,64,64,10,80,80,80,75,75,72,72,53,53,53,53],"items_purged":["Strike_R","Strike_R"],"gold":36,"play_id":"8faf2365-6c37-46fb-a722-c41a35148f30","is_prod":false,"is_daily":false,"is_ascension_mode":false,"campfire_upgraded":7,"path_taken":["M","$","?","M","?","R","$","M","T","M","?","?","R","M","R","BOSS","M","M","$","?","?","R","?","M","T","R","$","R","M","?","R","BOSS","M","?","M","?","M","R","M","R","T","R","E"],"build_version":"2018-02-01-PROD3","purchased_purges":2,"victory":false,"master_deck":["Strike_R+1","Strike_R","Defend_R+1","Defend_R","Bash+1","Finesse+1","Burning Pact","Pommel Strike+1","Shrug It Off+1","Cleave","Thunderclap+1","Headbutt","Battle Trance","Warcry+1","Barricade+1","Spot Weakness+1","Finesse+1","Body Slam+1"],"max_hp_per_floor":[80,80,80,80,80,80,80,80,80,80,80,80,80,80,80,80,80,80,80,80,80,80,80,80,80,80,80,80,80,80,80,80,80,80,80,80,80,80,80,80,80,80,80,80],"relics":["Burning Blood","Omamori","Golden Idol","Ectoplasm","Regal Pillow","Runic Pyramid","Peace Pipe","Self Forming Clay"],"card_choices":[{"not_picked":["Searing Blow","Clothesline"],"picked":"Burning Pact"},{"not_picked":["Perfected Strike","Clash"],"picked":"Pommel Strike"},{"not_picked":["Wild Strike","Flex"],"picked":"Shrug It Off"},{"not_picked":["Infernal Blade","Body Slam"],"picked":"Cleave"},{"not_picked":["Infernal Blade","Combust"],"picked":"Thunderclap"},{"not_picked":["Body Slam","Anger"],"picked":"Warcry"},{"not_picked":["Impervious","Double Tap"],"picked":"Barricade"},{"not_picked":["Intimidate","Armaments"],"picked":"Spot Weakness"},{"not_picked":["Dual Wield","Anger"],"picked":"Body Slam"}],"player_experience":25275,"potions_floor_usage":[16,25,33,33,45],"damage_taken":[{"damage":6,"enemies":"Cultist","floor":1,"turns":4},{"damage":3,"enemies":"Jaw Worm","floor":4,"turns":3},{"damage":12,"enemies":"Blue Slaver","floor":8,"turns":3},{"damage":5,"enemies":"Looter","floor":10,"turns":3},{"damage":0,"enemies":"Large Slime","floor":11,"turns":5},{"damage":7,"enemies":"2 Fungi Beasts","floor":14,"turns":3},{"damage":70,"enemies":"Slime Boss","floor":16,"turns":15},{"damage":14,"enemies":"3 Byrds","floor":18,"turns":6},{"damage":2,"enemies":"Shell Parasite","floor":19,"turns":5},{"damage":31,"enemies":"Centurion and Healer","floor":25,"turns":7},{"damage":22,"enemies":"Snecko","floor":30,"turns":4},{"damage":60,"enemies":"Automaton","floor":33,"turns":11},{"damage":6,"enemies":"Orb Walker","floor":35,"turns":5},{"damage":11,"enemies":"3 Shapes","floor":37,"turns":7},{"damage":9,"enemies":"3 Darklings","floor":39,"turns":4},{"damage":25,"enemies":"Sphere and 2 Shapes","floor":41,"turns":7},{"damage":53,"enemies":"2 Orb Walkers","floor":45,"turns":4}],"event_choices":[{"event_name":"Shining Light","player_choice":"Entered Light","floor":3,"damage_taken":0},{"event_name":"The Cleric","player_choice":"Card Removal","floor":5,"damage_taken":0},{"event_name":"Golden Idol","player_choice":"Take Damage","floor":12,"damage_taken":0},{"event_name":"The Library","player_choice":"Read","floor":21,"damage_taken":0},{"event_name":"Drug Dealer","player_choice":"Ignored","floor":22,"damage_taken":0},{"event_name":"Back to Basics","player_choice":"Elegance","floor":24,"damage_taken":0},{"event_name":"Duplicator","player_choice":"One dupe","floor":38,"damage_taken":0}],"boss_relics":[{"not_picked":["Eternal Feather","Runic Cube"],"picked":"Ectoplasm"},{"not_picked":["Tiny House","Philosopher\u0027s Stone"],"picked":"Runic Pyramid"}],"potions_floor_spawned":[1,11,14,16,18,25],"seed_played":"7975397931889370136","killed_by":"2 Orb Walkers","ascension_level":0,"is_trial":false}