{"gold_per_floor":[113,113,133,148,24,24,54,129,129,129,144,144,159,35,35,114,114,126,26,43,43,63,63,63,97,124,124,139,139,170,186,186,259,259,270,79,95,109,109,109,126,126,153,9,25,0,35,52,52,52],"floor_reached":51,"playtime":1990,"items_purged":["Strike_R","Strike_R"],"score":1192,"play_id":"bbe93025-4418-4391-bab5-92d9a7a0f3e0","local_time":"20190522035244","is_ascension_mode":true,"campfire_choices":[{"data":"Cleave","floor":6,"key":"SMITH"},{"data":"Clothesline","floor":10,"key":"SMITH"},{"floor":15,"key":"REST"},{"data":"Whirlwind","floor":23,"key":"SMITH"},{"floor":27,"key":"REST"},{"floor":29,"key":"REST"},{"data":"Limit Break","floor":32,"key":"SMITH"},{"data":"Pommel Strike","floor":40,"key":"SMITH"},{"floor":42,"key":"REST"},{"floor":49,"key":"REST"}],"neow_cost":"NONE","seed_source_timestamp":35635201345239,"circlet_count":0,"master_deck":["AscendersBane","Strike_R","Strike_R","Defend_R","Defend_R","Defend_R","Defend_R","Bash+1","Shrug It Off","Flex","Cleave+1","Clothesline+1","Evolve","Pommel Strike+1","Metallicize+1","Shrug It Off","Demon Form+1","Battle Trance","Whirlwind+1","Trip","Metallicize+1","Fire Breathing+1","Limit Break+1","Ghostly Armor","Feed","Armaments+1","Body Slam+1","Uppercut+1","Shame","Disarm","True Grit+1"],"relics":["Burning Blood","Pear","Frozen Egg 2","Turnip","Velvet Choker","Bottled Tornado","Self Forming Clay","Bag of Marbles","Anchor","Cursed Key","Chemical X","Blood Vial","Happy Flower","Red Mask","Singing Bowl"],"potions_floor_usage":[16,18,25,30,33,50],"damage_taken":[{"damage":14,"enemies":"Jaw Worm","floor":1,"turns":6},{"damage":1,"enemies":"Cultist","floor":3,"turns":4},{"damage":10,"enemies":"Small Slimes","floor":4,"turns":4},{"damage":41,"enemies":"Lagavulin","floor":7,"turns":6},{"damage":11,"enemies":"2 Fungi Beasts","floor":11,"turns":3},{"damage":9,"enemies":"Exordium Wildlife","floor":13,"turns":4},{"damage":19,"enemies":"Slime Boss","floor":16,"turns":12},{"damage":26,"enemies":"2 Thieves","floor":18,"turns":4},{"damage":18,"enemies":"Spheric Guardian","floor":20,"turns":4},{"damage":13,"enemies":"Centurion and Healer","floor":22,"turns":5},{"damage":9,"enemies":"Gremlin Leader","floor":25,"turns":5},{"damage":9,"enemies":"Sentry and Sphere","floor":28,"turns":4},{"damage":30,"enemies":"Slavers","floor":30,"turns":3},{"damage":5,"enemies":"Snake Plant","floor":31,"turns":4},{"damage":35,"enemies":"Automaton","floor":33,"turns":7},{"damage":6,"enemies":"Orb Walker","floor":35,"turns":3},{"damage":0,"enemies":"3 Darklings","floor":37,"turns":1},{"damage":26,"enemies":"Writhing Mass","floor":38,"turns":4},{"damage":27,"enemies":"4 Shapes","floor":41,"turns":2},{"damage":29,"enemies":"Spire Growth","floor":45,"turns":5},{"damage":0,"enemies":"Giant Head","floor":47,"turns":5},{"damage":24,"enemies":"3 Darklings","floor":48,"turns":5},{"damage":32,"enemies":"Time Eater","floor":50,"turns":8}],"seed_played":"-1092910924192143935","potions_obtained":[{"floor":3,"key":"SteroidPotion"},{"floor":16,"key":"Weak Potion"},{"floor":20,"key":"EssenceOfSteel"},{"floor":25,"key":"FearPotion"},{"floor":30,"key":"GamblersBrew"},{"floor":31,"key":"SkillPotion"},{"floor":37,"key":"Ancient Potion"}],"is_trial":false,"path_per_floor":["M","?","M","M","$","R","E","?","T","R","M","?","M","$","R","B",null,"M","$","M","T","M","R","?","E","T","R","M","R","E","M","R","B",null,"M","$","M","M","$","R","M","R","T","$","M","?","E","M","R","B",null],"character_chosen":"IRONCLAD","items_purchased":["Clothesline","Metallicize+1","Shrug It Off","Chemical X","Happy Flower"],"campfire_rested":5,"item_purchase_floors":[5,14,14,36,44],"current_hp_per_floor":[64,64,69,65,65,65,40,29,29,29,24,24,21,21,48,35,76,56,56,44,44,37,37,37,34,34,61,58,85,61,62,62,33,76,76,76,82,62,62,62,41,68,68,68,47,47,55,41,68,44],"gold":52,"neow_bonus":"REMOVE_CARD","is_prod":false,"is_daily":false,"chose_seed":false,"campfire_upgraded":5,"win_rate":0,"timestamp":1558489964,"path_taken":["M","?","?","M","$","R","E","?","T","R","M","?","M","?","R","BOSS","M","$","?","?","M","R","?","E","T","R","M","R","E","M","R","BOSS","M","?","M","M","$","R","M","R","T","$","M","?","E","M","R","BOSS"],"build_version":"2019-01-23","purchased_purges":2,"victory":true,"max_hp_per_floor":[80,80,80,80,80,80,90,90,90,90,90,90,90,90,90,90,90,90,90,90,90,90,90,90,90,90,90,90,90,90,90,90,90,90,90,90,90,90,90,90,90,90,90,90,90,90,90,92,92,92],"card_choices":[{"not_picked":["Anger","Warcry"],"picked":"Shrug It Off","floor":1},{"not_picked":["Heavy Blade","Warcry"],"picked":"Flex","floor":3},{"not_picked":["Clash","Havoc"],"picked":"Cleave","floor":4},{"not_picked":["Clash","Searing Blow"],"picked":"Evolve","floor":7},{"not_picked":["Rampage","True Grit"],"picked":"Pommel Strike","floor":11},{"not_picked":["Clothesline","Sword Boomerang","Flex"],"picked":"SKIP","floor":13},{"not_picked":["Berserk+1","Offering"],"picked":"Demon Form+1","floor":16},{"not_picked":["Ghostly Armor","Fire Breathing+1"],"picked":"Battle Trance","floor":18},{"not_picked":["Intimidate","Cleave","Thunderclap"],"picked":"SKIP","floor":20},{"not_picked":["True Grit","Disarm"],"picked":"Whirlwind","floor":22},{"not_picked":["Warcry","Shrug It Off"],"picked":"Metallicize+1","floor":25},{"not_picked":["Thunderclap","Armaments"],"picked":"Fire Breathing+1","floor":28},{"not_picked":["Feel No Pain+1","Anger"],"picked":"Limit Break","floor":30},{"not_picked":["Feel No Pain+1","Clash"],"picked":"Ghostly Armor","floor":31},{"not_picked":["Demon Form+1","Brutality+1"],"picked":"Feed","floor":33},{"not_picked":["Flex+1","Second Wind"],"picked":"Armaments+1","floor":35},{"not_picked":["Sword Boomerang","Iron Wave"],"picked":"Body Slam+1","floor":37},{"not_picked":["Headbutt","Heavy Blade","Clothesline"],"picked":"SKIP","floor":38},{"not_picked":["Warcry","Pommel Strike+1"],"picked":"Uppercut+1","floor":41},{"not_picked":["Sword Boomerang","Inflame+1"],"picked":"Disarm","floor":45},{"not_picked":["Iron Wave","Flex"],"picked":"True Grit+1","floor":47},{"not_picked":["Headbutt","Havoc+1","Sword Boomerang"],"picked":"Singing Bowl","floor":48}],"player_experience":651381,"relics_obtained":[{"floor":7,"key":"Pear"},{"floor":9,"key":"Frozen Egg 2"},{"floor":21,"key":"Bottled Tornado"},{"floor":25,"key":"Self Forming Clay"},{"floor":26,"key":"Bag of Marbles"},{"floor":30,"key":"Anchor"},{"floor":43,"key":"Blood Vial"},{"floor":47,"key":"Singing Bowl"}],"event_choices":[{"damage_healed":0,"gold_gain":0,"player_choice":"Upgraded","damage_taken":0,"max_hp_gain":0,"max_hp_loss":0,"event_name":"Upgrade Shrine","floor":2,"gold_loss":0,"cards_upgraded":["Bash"]},{"damage_healed":0,"gold_gain":75,"player_choice":"Gather Gold","damage_taken":11,"max_hp_gain":0,"max_hp_loss":0,"event_name":"World of Goop","floor":8,"gold_loss":0},{"damage_healed":0,"gold_gain":0,"player_choice":"Searched \u00271\u0027 times","damage_taken":0,"relics_obtained":["Turnip"],"max_hp_gain":0,"max_hp_loss":0,"event_name":"Dead Adventurer","floor":12,"gold_loss":0},{"damage_healed":0,"gold_gain":0,"player_choice":"1 cards matched","damage_taken":0,"max_hp_gain":0,"max_hp_loss":0,"event_name":"Match and Keep!","floor":24,"gold_loss":0,"cards_obtained":["Trip"]},{"damage_healed":0,"gold_gain":0,"player_choice":"Paid","damage_taken":0,"relics_obtained":["Red Mask"],"max_hp_gain":0,"max_hp_loss":0,"event_name":"Tomb of Lord Red Mask","floor":46,"gold_loss":25}],"is_beta":false,"boss_relics":[{"not_picked":["White Beast Statue","Lizard Tail"],"picked":"Velvet Choker"},{"not_picked":["Coffee Dripper","Runic Cube"],"picked":"Cursed Key"}],"items_purged_floors":[5,19],"is_endless":false,"potions_floor_spawned":[3,16,20,25,30,31,37],"ascension_level":13}