{"gold_per_floor":[114,125,125,143,143,168,168,168,168,168,186,186,213,225,225,328,328,340,340,358,30,40,40,68,68,122,150,150,176,20,34,34,132,132,143,20,20,35,35,62,62,97,97,124,141,141,141,175,175,175,175,175,20,50,50],"floor_reached":56,"playtime":3065,"items_purged":["Sever Soul"],"score":2130,"play_id":"6bac51bf-b3fc-468e-9cfd-ab05638e15cb","local_time":"20190525103825","is_ascension_mode":true,"campfire_choices":[{"data":"Bludgeon","floor":7.0,"key":"SMITH"},{"floor":10.0,"key":"REST"},{"data":"Heavy Blade","floor":12.0,"key":"SMITH"},{"floor":15.0,"key":"REST"},{"data":"Double Tap","floor":23.0,"key":"SMITH"},{"data":"Bash","floor":25.0,"key":"SMITH"},{"floor":32.0,"key":"REST"},{"data":"Reckless Charge","floor":41.0,"key":"PURGE"},{"floor":49.0,"key":"RECALL"},{"floor":52.0,"key":"REST"}],"neow_cost":"NONE","seed_source_timestamp":694612319863200,"circlet_count":0,"master_deck":["Bash+1","Spot Weakness","Bludgeon+1","Double Tap+1","Heavy Blade+1","Entrench+1","Intimidate+1","Offering+1","Intimidate+1","Bloodletting+1","Shrug It Off+1","Sentinel+1","Shrug It Off+1","True Grit+1","Shockwave+1","Seeing Red+1","Limit Break+1","Pummel+1","Flash of Steel","Exhume+1","Flash of Steel","Burning Pact+1","Battle Trance+1","Good Instincts+1","Inflame"],"special_seed":0,"relics":["Burning Blood","NeowsBlessing","Kunai","Toxic Egg 2","Ancient Tea Set","Pandora\u0027s Box","Membership Card","Gremlin Horn","Potion Belt","Bag of Preparation","Bottled Lightning","Sundial","Tiny Chest","Fusion Hammer","Oddly Smooth Stone","Peace Pipe","Red Skull","Champion Belt","Self Forming Clay","Shuriken","Ornamental Fan","Paper Frog","Orichalcum"],"potions_floor_usage":[55,55,55,55,55,55,55,55],"damage_taken":[{"damage":0.0,"enemies":"Cultist","floor":1.0,"turns":1.0},{"damage":0.0,"enemies":"Jaw Worm","floor":2.0,"turns":1.0},{"damage":0.0,"enemies":"Small Slimes","floor":4.0,"turns":1.0},{"damage":62.0,"enemies":"Lagavulin","floor":6.0,"turns":9.0},{"damage":11.0,"enemies":"Looter","floor":11.0,"turns":2.0},{"damage":20.0,"enemies":"3 Sentries","floor":13.0,"turns":5.0},{"damage":20.0,"enemies":"Exordium Thugs","floor":14.0,"turns":5.0},{"damage":0.0,"enemies":"The Guardian","floor":16.0,"turns":8.0},{"damage":0.0,"enemies":"Spheric Guardian","floor":18.0,"turns":2.0},{"damage":18.0,"enemies":"3 Byrds","floor":20.0,"turns":5.0},{"damage":9.0,"enemies":"Shelled Parasite and Fungi","floor":22.0,"turns":1.0},{"damage":31.0,"enemies":"Gremlin Leader","floor":24.0,"turns":5.0},{"damage":12.0,"enemies":"Slavers","floor":27.0,"turns":3.0},{"damage":36.0,"enemies":"Book of Stabbing","floor":29.0,"turns":5.0},{"damage":6.0,"enemies":"Chosen and Byrds","floor":31.0,"turns":4.0},{"damage":42.0,"enemies":"Automaton","floor":33.0,"turns":8.0},{"damage":6.0,"enemies":"3 Shapes","floor":35.0,"turns":3.0},{"damage":6.0,"enemies":"Orb Walker","floor":38.0,"turns":2.0},{"damage":12.0,"enemies":"Giant Head","floor":40.0,"turns":5.0},{"damage":9.0,"enemies":"Reptomancer","floor":42.0,"turns":1.0},{"damage":6.0,"enemies":"Giant Head","floor":44.0,"turns":3.0},{"damage":0.0,"enemies":"Spire Growth","floor":45.0,"turns":4.0},{"damage":9.0,"enemies":"Reptomancer","floor":48.0,"turns":2.0},{"damage":12.0,"enemies":"Awakened One","floor":50.0,"turns":5.0},{"damage":6.0,"enemies":"Shield and Spear","floor":54.0,"turns":3.0},{"damage":33,"enemies":"The Heart","floor":55,"turns":4}],"seed_played":"-7724858926211257940","potions_obtained":[{"floor":4.0,"key":"EntropicBrew"},{"floor":11.0,"key":"Fire Potion"},{"floor":16.0,"key":"Poison Potion"},{"floor":18.0,"key":"Regen Potion"},{"floor":27.0,"key":"EssenceOfSteel"},{"floor":31.0,"key":"SpeedPotion"},{"floor":33.0,"key":"Dexterity Potion"},{"floor":40.0,"key":"Regen Potion"},{"floor":42.0,"key":"Weak Potion"},{"floor":44.0,"key":"SkillPotion"}],"is_trial":false,"path_per_floor":["M","M","?","M","?","E","R","?","T","R","M","R","E","M","R","B",null,"M","?","M","$","M","R","E","R","T","E","?","E","$","M","R","B",null,"M","$","?","M","T","E","R","E","T","E","M","?","T","E","R","B",null,"R","$","E","B",null],"character_chosen":"IRONCLAD","items_purchased":["Membership Card","Gremlin Horn","Block Potion","Tiny Chest","Flash of Steel","Oddly Smooth Stone","Flash of Steel","Paper Frog","SteroidPotion"],"campfire_rested":4,"item_purchase_floors":[21,21,30,30,30,36,36,53,53],"current_hp_per_floor":[78,80,85,85,85,29,29,29,29,54,49,49,35,21,46,52,77,83,83,71,71,68,68,43,43,43,37,37,21,21,21,46,10,66,66,66,66,66,66,60,60,57,57,57,63,63,63,60,60,54,77,85,85,85,75],"gold":50,"neow_bonus":"THREE_ENEMY_KILL","is_prod":false,"is_daily":false,"chose_seed":false,"campfire_upgraded":4,"win_rate":0,"timestamp":1558805905,"path_taken":["M","?","?","M","?","E","R","?","T","R","M","R","E","?","R","BOSS","M","?","M","$","M","R","E","R","T","E","?","E","$","M","R","BOSS","M","$","?","M","?","E","R","E","T","E","M","?","?","E","R","BOSS","R","$","E","BOSS"],"build_version":"2019-01-23","purchased_purges":1,"victory":true,"max_hp_per_floor":[80,80,85,85,85,85,85,85,85,85,85,85,85,85,85,85,85,85,85,85,85,85,85,85,85,85,85,85,85,85,85,85,85,85,85,85,85,85,85,85,85,85,85,85,85,85,85,85,85,85,85,85,85,85,85],"card_choices":[{"not_picked":["Havoc","Warcry"],"picked":"Spot Weakness","floor":1.0},{"not_picked":["Flex","Dropkick","Perfected Strike"],"picked":"SKIP","floor":2.0},{"not_picked":["Power Through","Headbutt","Clothesline"],"picked":"SKIP","floor":4.0},{"not_picked":["Havoc","Pommel Strike"],"picked":"Bludgeon","floor":6.0},{"not_picked":["Hemokinesis","Heavy Blade","Sword Boomerang"],"picked":"SKIP","floor":11.0},{"not_picked":["Hemokinesis","Sword Boomerang"],"picked":"Heavy Blade","floor":11.0},{"not_picked":["Reckless Charge","Wild Strike"],"picked":"Entrench+1","floor":13.0},{"not_picked":["Headbutt","Blood for Blood"],"picked":"Intimidate+1","floor":14.0},{"not_picked":["Bludgeon","Barricade"],"picked":"Offering+1","floor":16.0},{"not_picked":["Sword Boomerang+1","Headbutt+1"],"picked":"Shrug It Off+1","floor":18.0},{"not_picked":["Sword Boomerang+1","Power Through+1"],"picked":"Shockwave+1","floor":20.0},{"not_picked":["Warcry+1","Searing Blow"],"picked":"Seeing Red+1","floor":22.0},{"not_picked":["Havoc+1","Demon Form","Cleave"],"picked":"SKIP","floor":24.0},{"not_picked":["Wild Strike","Clothesline"],"picked":"Limit Break+1","floor":27.0},{"not_picked":["True Grit+1","Reckless Charge"],"picked":"Pummel+1","floor":29.0},{"not_picked":["Twin Strike","Sword Boomerang+1","Havoc+1"],"picked":"SKIP","floor":31.0},{"not_picked":["Feed","Offering+1"],"picked":"Exhume+1","floor":33.0},{"not_picked":["Fire Breathing","Headbutt","Dual Wield+1"],"picked":"SKIP","floor":35.0},{"not_picked":["Sword Boomerang","Rage+1","Corruption+1"],"picked":"SKIP","floor":38.0},{"not_picked":["Evolve","Entrench+1"],"picked":"Burning Pact+1","floor":40.0},{"not_picked":["Dual Wield+1","Iron Wave"],"picked":"Battle Trance+1","floor":42.0},{"not_picked":["Cleave","Armaments+1","Berserk"],"picked":"SKIP","floor":44.0},{"not_picked":["Intimidate+1","Havoc+1","Wild Strike"],"picked":"SKIP","floor":45.0},{"not_picked":["Purity+1","Enlightenment+1"],"picked":"Good Instincts+1","floor":46.0},{"not_picked":["Rupture","Entrench+1","Anger+1"],"picked":"SKIP","floor":48.0},{"not_picked":["Intimidate+1","Evolve"],"picked":"Inflame","floor":54.0}],"player_experience":265320,"relics_obtained":[{"floor":6.0,"key":"Kunai"},{"floor":9.0,"key":"Toxic Egg 2"},{"floor":13.0,"key":"Ancient Tea Set"},{"floor":24.0,"key":"Potion Belt"},{"floor":26.0,"key":"Bag of Preparation"},{"floor":27.0,"key":"Bottled Lightning"},{"floor":29.0,"key":"Sundial"},{"floor":40.0,"key":"Peace Pipe"},{"floor":42.0,"key":"Red Skull"},{"floor":43.0,"key":"Champion Belt"},{"floor":44.0,"key":"Self Forming Clay"},{"floor":47.0,"key":"Shuriken"},{"floor":48.0,"key":"Ornamental Fan"},{"floor":54.0,"key":"Orichalcum"}],"event_choices":[{"damage_healed":0.0,"max_hp_gain":5.0,"max_hp_loss":0.0,"gold_gain":0.0,"event_name":"Big Fish","player_choice":"Donut","floor":3.0,"gold_loss":0.0,"damage_taken":0.0},{"cards_removed":["Strike_R"],"damage_healed":0.0,"max_hp_gain":0.0,"max_hp_loss":0.0,"gold_gain":0.0,"event_name":"Living Wall","player_choice":"Forget","floor":5.0,"gold_loss":0.0,"damage_taken":0.0},{"damage_healed":0.0,"max_hp_gain":0.0,"max_hp_loss":0.0,"gold_gain":0.0,"cards_transformed":["Strike_R"],"event_name":"Transmorgrifier","player_choice":"Transformed","floor":8.0,"gold_loss":0.0,"damage_taken":0.0,"cards_obtained":["Double Tap"]},{"damage_healed":0.0,"max_hp_gain":0.0,"max_hp_loss":0.0,"gold_gain":0.0,"event_name":"The Library","player_choice":"Read","floor":19.0,"gold_loss":0.0,"damage_taken":0.0,"cards_obtained":["True Grit"]},{"damage_healed":0.0,"max_hp_gain":0.0,"max_hp_loss":0.0,"gold_gain":0.0,"event_name":"Ghosts","player_choice":"Ignored","floor":28.0,"gold_loss":0.0,"damage_taken":0.0},{"cards_removed":["Metallicize"],"damage_healed":0.0,"max_hp_gain":0.0,"max_hp_loss":0.0,"gold_gain":0.0,"event_name":"Falling","player_choice":"Removed Power","floor":37.0,"gold_loss":0.0,"damage_taken":0.0},{"damage_healed":0.0,"max_hp_gain":0.0,"max_hp_loss":0.0,"gold_gain":0.0,"event_name":"SensoryStone","player_choice":"Memory 1","floor":46.0,"gold_loss":0.0,"damage_taken":0.0}],"is_beta":false,"boss_relics":[{"not_picked":["Astrolabe","Lizard Tail"],"picked":"Pandora\u0027s Box"},{"not_picked":["Cursed Key","Calling Bell"],"picked":"Fusion Hammer"}],"items_purged_floors":[30],"is_endless":false,"potions_floor_spawned":[4,11,16,18,27,31,33,40,42,44],"ascension_level":9}