{"gold_per_floor":[360,379,49,49,65,65,90,90,158,201,52,87,87,100,100,219,219,242,261,261,27,96,96],"floor_reached":23,"playtime":1595,"items_purged":["Regret"],"score":271,"play_id":"74ad9a86-6133-4b8c-92bc-f6d0af2adbd0","local_time":"20190511164820","is_ascension_mode":true,"campfire_choices":[{"data":"Zap","floor":6,"key":"SMITH"},{"data":"Redo","floor":13,"key":"SMITH"},{"data":"Defragment","floor":15,"key":"SMITH"}],"neow_cost":"CURSE","seed_source_timestamp":599950112401282,"circlet_count":0,"master_deck":["Strike_B","Strike_B+1","Strike_B","Strike_B","Defend_B","Defend_B","Defend_B","Defend_B","Zap+1","Dualcast","Scrape","Force Field","Gash+1","Defragment+1","Amplify","Cold Snap","Sweeping Beam","Redo+1","All For One","FTL","Go for the Eyes","Skim","Biased Cognition","Turbo","Steam","Hologram","Turbo"],"relics":["Cracked Core","Golden Idol","Kunai","Whetstone","Ginger","Black Star","SsserpentHead","Membership Card"],"potions_floor_usage":[10,10,12,14],"damage_taken":[{"damage":4,"enemies":"Jaw Worm","floor":1,"turns":3},{"damage":3,"enemies":"Cultist","floor":2,"turns":3},{"damage":4,"enemies":"Small Slimes","floor":5,"turns":4},{"damage":10,"enemies":"Red Slaver","floor":7,"turns":3},{"damage":21,"enemies":"Lagavulin","floor":10,"turns":6},{"damage":7,"enemies":"3 Sentries","floor":12,"turns":5},{"damage":4,"enemies":"Gremlin Gang","floor":14,"turns":2},{"damage":3,"enemies":"Hexaghost","floor":16,"turns":8},{"damage":0,"enemies":"Chosen","floor":18,"turns":4},{"damage":19,"enemies":"2 Thieves","floor":19,"turns":3},{"damage":7,"enemies":"Cultist and Chosen","floor":22,"turns":6},{"damage":38,"enemies":"Gremlin Leader","floor":23,"turns":4}],"seed_played":"6571278874748746643","potions_obtained":[{"floor":5,"key":"LiquidBronze"},{"floor":7,"key":"Fire Potion"},{"floor":8,"key":"Regen Potion"},{"floor":8,"key":"Fire Potion"},{"floor":10,"key":"SteroidPotion"},{"floor":18,"key":"LiquidBronze"},{"floor":22,"key":"FearPotion"}],"is_trial":false,"path_per_floor":["M","M","$","?","M","R","M","?","T","E","$","E","R","M","R","B",null,"M","M","?","$","M","E"],"character_chosen":"DEFECT","items_purchased":["Gash","Defragment","Amplify","All For One","FTL","Membership Card","Hologram"],"campfire_rested":0,"item_purchase_floors":[3,3,3,11,11,21,21],"current_hp_per_floor":[64,61,61,61,57,57,47,47,47,38,38,31,31,27,27,24,58,58,39,39,39,32,0],"gold":96,"neow_bonus":"TWO_FIFTY_GOLD","is_prod":false,"is_daily":false,"chose_seed":false,"campfire_upgraded":3,"win_rate":0,"timestamp":1557607700,"path_taken":["M","M","$","?","M","R","M","?","T","E","$","E","R","?","R","BOSS","M","M","?","$","?","E"],"build_version":"2019-01-23","purchased_purges":1,"victory":false,"max_hp_per_floor":[75,75,75,69,69,69,69,69,69,69,69,69,69,69,69,69,69,69,69,69,69,69,69],"card_choices":[{"not_picked":["Streamline","Chaos"],"picked":"Scrape","floor":1},{"not_picked":["Doom and Gloom","Steam"],"picked":"Force Field","floor":2},{"not_picked":["Sweeping Beam","Chaos"],"picked":"Cold Snap","floor":5},{"not_picked":["Rebound","Self Repair"],"picked":"Sweeping Beam","floor":7},{"not_picked":["Sweeping Beam","Compile Driver"],"picked":"Redo","floor":10},{"not_picked":["Redo","Compile Driver"],"picked":"Go for the Eyes","floor":12},{"not_picked":["Static Discharge","Lockon"],"picked":"Skim","floor":14},{"not_picked":["Amplify","Multi-Cast"],"picked":"Biased Cognition","floor":16},{"not_picked":["Leap","Conserve Battery"],"picked":"Turbo","floor":18},{"not_picked":["Undo+1","Leap+1"],"picked":"Steam","floor":19},{"not_picked":["Streamline","Chaos"],"picked":"Turbo","floor":22}],"player_experience":533590,"relics_obtained":[{"floor":9,"key":"Kunai"},{"floor":10,"key":"Whetstone"},{"floor":12,"key":"Ginger"}],"event_choices":[{"damage_healed":0,"gold_gain":0,"player_choice":"Lose Max HP","damage_taken":0,"relics_obtained":["Golden Idol"],"max_hp_gain":0,"max_hp_loss":6,"event_name":"Golden Idol","floor":4,"gold_loss":0},{"damage_healed":0,"gold_gain":0,"player_choice":"Got Potions","damage_taken":0,"max_hp_gain":0,"max_hp_loss":0,"event_name":"Lab","floor":8,"gold_loss":0},{"damage_healed":0,"gold_gain":0,"player_choice":"Trade","damage_taken":0,"relics_obtained":["SsserpentHead"],"max_hp_gain":0,"max_hp_loss":0,"event_name":"FaceTrader","floor":20,"gold_loss":0}],"is_beta":false,"boss_relics":[{"not_picked":["Inserter","Velvet Choker"],"picked":"Black Star"}],"items_purged_floors":[3],"is_endless":false,"potions_floor_spawned":[5,7,10,18,22],"killed_by":"Gremlin Leader","ascension_level":7}