{"gold_per_floor":[111,111,261,287,287,287,325,325,374,410,423,219,259,259,259,349,349,314,327,104,104],"floor_reached":21,"playtime":1225,"items_purged":["Doubt"],"score":450,"play_id":"6ad79db1-4b05-41c1-a9fa-9d44eed1722c","local_time":"20190505165141","is_ascension_mode":true,"campfire_choices":[{"data":"Neutralize","floor":6,"key":"SMITH"},{"data":"Dash","floor":8,"key":"SMITH"},{"data":"Well Laid Plans","floor":15,"key":"SMITH"}],"neow_cost":"NONE","seed_source_timestamp":82128147802569,"circlet_count":0,"master_deck":["AscendersBane","Defend_G","Defend_G","Defend_G","Defend_G","Defend_G","Strike_G","Strike_G","Strike_G","Strike_G","Strike_G","Survivor","Neutralize+1","Dash+1","Injury","Cloak And Dagger","Venomology","Well Laid Plans+1","Noxious Fumes","Leg Sweep","Tools of the Trade","Malaise","Crippling Poison","Masterful Stab","Sadistic Nature","Noxious Fumes"],"relics":["Ring of the Snake","NeowsBlessing","PreservedInsect","Golden Idol","Mercury Hourglass","Happy Flower","Regal Pillow","Lantern","GremlinMask","WristBlade"],"potions_floor_usage":[13,13,16,16,16,19,21],"damage_taken":[{"damage":0,"enemies":"Small Slimes","floor":1,"turns":1},{"damage":0,"enemies":"3 Sentries","floor":7,"turns":1},{"damage":0,"enemies":"Gremlin Nob","floor":10,"turns":1},{"damage":0,"enemies":"2 Louse","floor":11,"turns":3},{"damage":8,"enemies":"Lagavulin","floor":13,"turns":5},{"damage":26,"enemies":"Slime Boss","floor":16,"turns":13},{"damage":27,"enemies":"2 Thieves","floor":18,"turns":5},{"damage":10,"enemies":"Shell Parasite","floor":19,"turns":9},{"damage":28,"enemies":"Shelled Parasite and Fungi","floor":21,"turns":4}],"seed_played":"-6916914063307581713","potions_obtained":[{"floor":7,"key":"Poison Potion"},{"floor":13,"key":"SpeedPotion"},{"floor":18,"key":"Energy Potion"}],"is_trial":false,"path_per_floor":["M","?","?","T","?","R","E","R","T","E","M","$","E","?","R","B",null,"M","M","$","M"],"character_chosen":"THE_SILENT","items_purchased":["Noxious Fumes","Leg Sweep","Sadistic Nature","Noxious Fumes"],"campfire_rested":0,"item_purchase_floors":[12,12,20,20],"current_hp_per_floor":[59,64,64,64,64,64,64,64,64,64,64,64,56,56,56,30,61,34,24,24,0],"gold":104,"neow_bonus":"THREE_ENEMY_KILL","is_prod":false,"is_daily":false,"chose_seed":false,"campfire_upgraded":3,"win_rate":0,"timestamp":1557089501,"path_taken":["M","?","?","?","?","R","E","R","T","E","M","$","E","?","R","BOSS","M","M","$","M"],"build_version":"2019-01-23","purchased_purges":1,"victory":false,"max_hp_per_floor":[66,71,71,71,71,71,71,71,71,71,71,71,71,71,71,71,71,71,71,71,71],"card_choices":[{"not_picked":["Backflip","Caltrops"],"picked":"Dash","floor":1},{"not_picked":["Prepared","Acrobatics"],"picked":"Cloak And Dagger","floor":7},{"not_picked":["Expertise","Distraction"],"picked":"Venomology","floor":10},{"not_picked":["Underhanded Strike","Bane"],"picked":"Well Laid Plans","floor":11},{"not_picked":["Leg Sweep","Expertise"],"picked":"Tools of the Trade","floor":13},{"not_picked":["Venomology","Burst"],"picked":"Malaise","floor":16},{"not_picked":["PiercingWail","Well Laid Plans"],"picked":"Crippling Poison","floor":18},{"not_picked":["Outmaneuver","Crippling Poison"],"picked":"Masterful Stab","floor":19}],"player_experience":337944,"relics_obtained":[{"floor":4,"key":"PreservedInsect"},{"floor":7,"key":"Mercury Hourglass"},{"floor":9,"key":"Happy Flower"},{"floor":10,"key":"Regal Pillow"},{"floor":13,"key":"Lantern"}],"event_choices":[{"damage_healed":0,"gold_gain":0,"player_choice":"Donut","damage_taken":0,"max_hp_gain":5,"max_hp_loss":0,"event_name":"Big Fish","floor":2,"gold_loss":0},{"damage_healed":0,"gold_gain":150,"player_choice":"AGREE","damage_taken":0,"max_hp_gain":0,"max_hp_loss":0,"event_name":"Liars Game","floor":3,"gold_loss":0,"cards_obtained":["Doubt"]},{"damage_healed":0,"gold_gain":0,"player_choice":"Take Wound","damage_taken":0,"relics_obtained":["Golden Idol"],"max_hp_gain":0,"max_hp_loss":0,"event_name":"Golden Idol","floor":5,"gold_loss":0,"cards_obtained":["Injury"]},{"damage_healed":0,"gold_gain":0,"player_choice":"Trade","damage_taken":0,"relics_obtained":["GremlinMask"],"max_hp_gain":0,"max_hp_loss":0,"event_name":"FaceTrader","floor":14,"gold_loss":0}],"is_beta":false,"boss_relics":[{"not_picked":["White Beast Statue","Runic Pyramid"],"picked":"WristBlade"}],"items_purged_floors":[12],"is_endless":false,"potions_floor_spawned":[7,13,18],"killed_by":"Shelled Parasite and Fungi","ascension_level":17}