{"gold_per_floor":[109,124,141,316,395,422,438,438,438,56,86,142,142,102,102,203,203,220,220,236,247,46,46,60,60,85,96,96],"floor_reached":28,"playtime":1843,"items_purged":["Doubt","Storm of Steel"],"score":308,"play_id":"f6d4f0fa-b905-478c-a095-b392bf748eb9","local_time":"20190324004731","is_ascension_mode":true,"campfire_choices":[{"floor":8,"key":"REST"},{"floor":13,"key":"REST"},{"data":"Noxious Fumes","floor":15,"key":"SMITH"},{"floor":23,"key":"REST"},{"floor":25,"key":"REST"}],"neow_cost":"NONE","seed_source_timestamp":266502488594953,"circlet_count":0,"master_deck":["Survivor","Neutralize","Crippling Poison","Backstab","Sucker Punch","Noxious Fumes+1","Deadly Poison","Footwork","Dash","Catalyst","Burst","Finisher","Envenom","Dagger Throw","Prepared","Unload","Tools of the Trade","Choke","Calculated Gamble","Quick Slash","Footwork","Deflect","Corpse Explosion","Deadly Poison","PiercingWail","Flying Knee"],"relics":["Lizard Tail","Ancient Tea Set","Omamori","Pen Nib","Ninja Scroll","Vajra","Pandora\u0027s Box","Blood Vial"],"potions_floor_usage":[6,7,11,11,12,16,16,28,28,28],"damage_taken":[{"damage":7,"enemies":"Cultist","floor":1,"turns":5},{"damage":1,"enemies":"2 Louse","floor":2,"turns":3},{"damage":7,"enemies":"Jaw Worm","floor":3,"turns":3},{"damage":49,"enemies":"Gremlin Nob","floor":6,"turns":6},{"damage":29,"enemies":"Exordium Wildlife","floor":7,"turns":5},{"damage":13,"enemies":"Lagavulin","floor":11,"turns":6},{"damage":8,"enemies":"3 Sentries","floor":12,"turns":5},{"damage":12,"enemies":"Slime Boss","floor":16,"turns":8},{"damage":0,"enemies":"Spheric Guardian","floor":18,"turns":1},{"damage":33,"enemies":"Colosseum Slavers","floor":19,"turns":5},{"damage":11,"enemies":"2 Thieves","floor":20,"turns":3},{"damage":18,"enemies":"Snake Plant","floor":21,"turns":2},{"damage":11,"enemies":"Sentry and Sphere","floor":24,"turns":4},{"damage":20,"enemies":"Snecko","floor":27,"turns":4},{"damage":47,"enemies":"Book of Stabbing","floor":28,"turns":4}],"seed_played":"-1142876486656076242","potions_obtained":[{"floor":1,"key":"Regen Potion"},{"floor":6,"key":"SkillPotion"},{"floor":7,"key":"Energy Potion"},{"floor":12,"key":"Fruit Juice"},{"floor":14,"key":"LiquidBronze"},{"floor":14,"key":"Fire Potion"},{"floor":14,"key":"GhostInAJar"},{"floor":16,"key":"Dexterity Potion"},{"floor":20,"key":"LiquidBronze"},{"floor":21,"key":"Dexterity Potion"},{"floor":24,"key":"Regen Potion"}],"is_trial":false,"path_per_floor":["M","M","M","?","?","E","M","R","T","$","E","?","R","?","R","B",null,"M","?","M","M","$","R","M","R","T","M","E"],"character_chosen":"THE_SILENT","items_purchased":["Pen Nib","Deadly Poison","Footwork","AttackPotion","Deadly Poison","PowerPotion"],"campfire_rested":4,"item_purchase_floors":[10,10,10,10,22,22],"current_hp_per_floor":[56,55,48,48,48,14,26,47,47,47,34,31,53,53,53,41,67,67,34,23,5,5,27,16,38,38,20,0],"gold":96,"neow_bonus":"BOSS_RELIC","is_prod":false,"is_daily":false,"chose_seed":false,"campfire_upgraded":1,"win_rate":0,"timestamp":1553402851,"path_taken":["M","?","M","?","?","E","M","R","T","?","E","?","R","?","R","BOSS","M","?","M","M","$","R","M","R","T","M","E"],"build_version":"2019-01-23","purchased_purges":2,"victory":false,"max_hp_per_floor":[70,70,70,70,70,70,70,70,70,70,70,75,75,75,75,75,75,75,75,75,75,75,75,75,75,75,75,75],"card_choices":[{"not_picked":["Terror","Quick Slash"],"picked":"Crippling Poison","floor":1},{"not_picked":["Flying Knee","Underhanded Strike"],"picked":"Backstab","floor":2},{"not_picked":["Reflex","Backflip"],"picked":"Sucker Punch","floor":3},{"not_picked":["Deflect","Blur"],"picked":"Noxious Fumes","floor":6},{"not_picked":["Slice","Bane","Quick Slash"],"picked":"SKIP","floor":7},{"not_picked":["Crippling Poison","Acrobatics"],"picked":"Dash","floor":11},{"not_picked":["Poisoned Stab","Distraction"],"picked":"Catalyst","floor":12},{"not_picked":["Storm of Steel","Bullet Time"],"picked":"Burst","floor":16},{"not_picked":["Prepared","Blade Dance"],"picked":"Footwork","floor":18},{"not_picked":["Dagger Throw","Quick Slash"],"picked":"Deflect","floor":20},{"not_picked":["Quick Slash","Flying Knee"],"picked":"Corpse Explosion","floor":21},{"not_picked":["Reflex+1","Underhanded Strike"],"picked":"PiercingWail","floor":24},{"not_picked":["Blade Dance","Prepared"],"picked":"Flying Knee","floor":27}],"player_experience":206696,"relics_obtained":[{"floor":6,"key":"Ancient Tea Set"},{"floor":9,"key":"Omamori"},{"floor":11,"key":"Ninja Scroll"},{"floor":12,"key":"Vajra"},{"floor":26,"key":"Blood Vial"}],"event_choices":[{"damage_healed":0,"gold_gain":175,"player_choice":"AGREE","damage_taken":0,"max_hp_gain":0,"max_hp_loss":0,"event_name":"Liars Game","floor":4,"gold_loss":0,"cards_obtained":["Doubt"]},{"damage_healed":0,"gold_gain":79,"player_choice":"Gained Gold","damage_taken":0,"max_hp_gain":0,"max_hp_loss":0,"event_name":"Golden Wing","floor":5,"gold_loss":0},{"damage_healed":0,"gold_gain":0,"player_choice":"Searched \u00271\u0027 times","damage_taken":0,"max_hp_gain":0,"max_hp_loss":0,"event_name":"Dead Adventurer","floor":12,"gold_loss":0},{"damage_healed":0,"gold_gain":0,"player_choice":"Bought 3 Potions","damage_taken":0,"max_hp_gain":0,"max_hp_loss":0,"event_name":"The Woman in Blue","floor":14,"gold_loss":0},{"damage_healed":0,"gold_gain":0,"player_choice":"Fight","damage_taken":0,"max_hp_gain":0,"max_hp_loss":0,"event_name":"Colosseum","floor":19,"gold_loss":0},{"damage_healed":0,"gold_gain":0,"player_choice":"Fled From Nobs","damage_taken":0,"max_hp_gain":0,"max_hp_loss":0,"event_name":"Colosseum","floor":19,"gold_loss":0}],"is_beta":false,"boss_relics":[{"not_picked":["Runic Pyramid","Astrolabe"],"picked":"Pandora\u0027s Box"}],"items_purged_floors":[10,22],"is_endless":false,"potions_floor_spawned":[1,6,7,12,16,20,21,24],"killed_by":"Book of Stabbing","ascension_level":7}