{"gold_per_floor":[111,111,127,138,69,69,95,108,131,131,131,150,169,185,185,288,288,303,277,124,140,140],"floor_reached":22,"playtime":2717,"items_purged":["Strike_G"],"score":304,"play_id":"620bfa2a-4420-4a3c-b743-27c7d9c8cda3","local_time":"20190503224255","is_ascension_mode":true,"campfire_choices":[{"data":"Neutralize","floor":6,"key":"SMITH"},{"data":"Night Terror","floor":10,"key":"SMITH"},{"floor":15,"key":"REST"}],"neow_cost":"PERCENT_DAMAGE","seed_source_timestamp":5130328763527040,"circlet_count":0,"master_deck":["AscendersBane","Defend_G","Defend_G","Defend_G","Defend_G","Defend_G","Strike_G","Strike_G","Strike_G","Strike_G","Survivor","Neutralize+1","Backstab","Backflip","Flying Knee","Footwork","Night Terror+1","Footwork+1","Deadly Poison","Predator","Blur","Malaise","Dagger Spray+1","Noxious Fumes","Terror"],"relics":["Ring of the Snake","Happy Flower","Lantern","Black Star"],"potions_floor_usage":[7,7,16,16,22],"damage_taken":[{"damage":0,"enemies":"Jaw Worm","floor":1,"turns":6},{"damage":1,"enemies":"Cultist","floor":3,"turns":4},{"damage":0,"enemies":"2 Louse","floor":4,"turns":3},{"damage":14,"enemies":"3 Sentries","floor":7,"turns":13},{"damage":0,"enemies":"Exordium Thugs","floor":8,"turns":6},{"damage":0,"enemies":"Lots of Slimes","floor":12,"turns":7},{"damage":0,"enemies":"2 Fungi Beasts","floor":13,"turns":4},{"damage":19,"enemies":"Exordium Thugs","floor":14,"turns":6},{"damage":4,"enemies":"Slime Boss","floor":16,"turns":19},{"damage":4,"enemies":"Spheric Guardian","floor":18,"turns":8},{"damage":8,"enemies":"2 Thieves","floor":19,"turns":5},{"damage":48,"enemies":"3 Cultists","floor":21,"turns":7},{"damage":17,"enemies":"Centurion and Healer","floor":22,"turns":2}],"seed_played":"3055190948769181021","potions_obtained":[{"floor":3,"key":"SpeedPotion"},{"floor":4,"key":"Dexterity Potion"},{"floor":7,"key":"Poison Potion"},{"floor":13,"key":"PowerPotion"},{"floor":21,"key":"AttackPotion"}],"is_trial":false,"path_per_floor":["M","?","M","M","$","R","E","M","T","R","?","M","M","M","R","B",null,"M","M","$","M","M"],"character_chosen":"THE_SILENT","items_purchased":["Footwork","Noxious Fumes"],"campfire_rested":1,"item_purchase_floors":[5,20],"current_hp_per_floor":[59,59,58,58,58,58,44,44,44,44,44,44,44,25,50,46,75,71,63,63,15,0],"gold":140,"neow_bonus":"TWENTY_PERCENT_HP_BONUS","is_prod":false,"is_daily":false,"chose_seed":false,"campfire_upgraded":2,"win_rate":0,"timestamp":1556937775,"path_taken":["M","?","?","M","$","R","E","?","T","R","?","M","M","?","R","BOSS","M","M","$","M","M"],"build_version":"2019-01-23","purchased_purges":1,"victory":false,"max_hp_per_floor":[84,84,84,84,84,84,84,84,84,84,84,84,84,84,84,84,84,84,84,84,84,84],"card_choices":[{"not_picked":["Slice","Expertise"],"picked":"Backstab","floor":1},{"not_picked":["All Out Attack","Underhanded Strike"],"picked":"Backflip","floor":3},{"not_picked":["Deadly Poison","Prepared"],"picked":"Flying Knee","floor":4},{"not_picked":["Acrobatics","Bane"],"picked":"Night Terror","floor":7},{"not_picked":["Dodge and Roll","Flechettes"],"picked":"Footwork","floor":8},{"not_picked":["Underhanded Strike","Deflect"],"picked":"Deadly Poison","floor":12},{"not_picked":["Cloak And Dagger","Concentrate"],"picked":"Predator","floor":13},{"not_picked":["Skewer","Choke"],"picked":"Blur","floor":14},{"not_picked":["Burst","Doppelganger"],"picked":"Malaise","floor":16},{"not_picked":["Outmaneuver+1","Riddle With Holes","Deadly Poison"],"picked":"SKIP","floor":18},{"not_picked":["Quick Slash","Prepared"],"picked":"Dagger Spray+1","floor":19},{"not_picked":["Dagger Throw+1","Backstab"],"picked":"Terror","floor":21}],"player_experience":287832,"relics_obtained":[{"floor":7,"key":"Happy Flower"},{"floor":9,"key":"Lantern"}],"event_choices":[{"damage_healed":0,"gold_gain":0,"player_choice":"Bought 0 Potions","damage_taken":0,"max_hp_gain":0,"max_hp_loss":0,"event_name":"The Woman in Blue","floor":2,"gold_loss":0},{"damage_healed":0,"gold_gain":0,"player_choice":"Upgraded","damage_taken":0,"max_hp_gain":0,"max_hp_loss":0,"event_name":"Upgrade Shrine","floor":11,"gold_loss":0,"cards_upgraded":["Footwork"]}],"is_beta":false,"boss_relics":[{"not_picked":["Calling Bell","Runic Pyramid"],"picked":"Black Star"}],"items_purged_floors":[20],"is_endless":false,"potions_floor_spawned":[3,4,7,13,21],"killed_by":"Centurion and Healer","ascension_level":12}