{"gold_per_floor":[113,19,19,94,19,62,62,82,105,105,124,147,147,168,168,288,288,279,3,17,117,138,138,157,157,157,173,173,52,67,18,18,137,137,157,181,514,529,529,529,529,46,71,71,0,14,114,185,185,185],"floor_reached":51,"playtime":3755,"items_purged":["Injury"],"score":888,"play_id":"191fd69d-4c97-4e32-ab8a-679a0cb102f3","local_time":"20190422222645","is_ascension_mode":true,"campfire_choices":[{"data":"Noxious Fumes","floor":7,"key":"SMITH"},{"floor":10,"key":"REST"},{"data":"Footwork","floor":13,"key":"SMITH"},{"data":"Deadly Poison","floor":15,"key":"SMITH"},{"floor":23,"key":"REST"},{"data":"Deadly Poison","floor":25,"key":"SMITH"},{"floor":28,"key":"REST"},{"floor":32,"key":"REST"},{"floor":40,"key":"REST"},{"data":"Footwork","floor":44,"key":"SMITH"},{"floor":49,"key":"REST"}],"neow_cost":"NONE","seed_source_timestamp":963885158217169,"circlet_count":0,"master_deck":["Defend_G","Defend_G","Defend_G","Defend_G","Defend_G","Strike_G","Strike_G","Strike_G","Strike_G","Strike_G","Survivor","Neutralize","Footwork+1","Noxious Fumes+1","Cloak And Dagger","PiercingWail","Backflip","Dodge and Roll","Sucker Punch","Deadly Poison+1","Caltrops","Die Die Die","Flying Knee+1","Deadly Poison+1","Poisoned Stab","Terror","Prepared+1","Backflip+1","Footwork+1","Deflect","Wraith Form v2","Finisher","Discovery"],"relics":["Ring of the Snake","Regal Pillow","Blood Vial","Dream Catcher","Busted Crown","Toolbox","Paper Crane","Snecko Eye","Ginger","PreservedInsect","Red Mask","FossilizedHelix","Mummified Hand"],"potions_floor_usage":[18,27,30,33,33,36,46,50,50,50],"damage_taken":[{"damage":0,"enemies":"2 Louse","floor":1,"turns":5},{"damage":25,"enemies":"Lagavulin","floor":6,"turns":11},{"damage":0,"enemies":"Small Slimes","floor":8,"turns":3},{"damage":3,"enemies":"Cultist","floor":11,"turns":6},{"damage":12,"enemies":"2 Fungi Beasts","floor":12,"turns":5},{"damage":21,"enemies":"Gremlin Gang","floor":14,"turns":5},{"damage":8,"enemies":"Hexaghost","floor":16,"turns":10},{"damage":6,"enemies":"2 Thieves","floor":18,"turns":4},{"damage":19,"enemies":"Spheric Guardian","floor":20,"turns":5},{"damage":18,"enemies":"Shelled Parasite and Fungi","floor":22,"turns":6},{"damage":11,"enemies":"Centurion and Healer","floor":24,"turns":7},{"damage":26,"enemies":"Cultist and Chosen","floor":27,"turns":7},{"damage":36,"enemies":"Chosen and Byrds","floor":30,"turns":7},{"damage":25,"enemies":"Automaton","floor":33,"turns":8},{"damage":8,"enemies":"Orb Walker","floor":35,"turns":4},{"damage":34,"enemies":"3 Darklings","floor":36,"turns":12},{"damage":9,"enemies":"4 Shapes","floor":38,"turns":9},{"damage":19,"enemies":"Maw","floor":46,"turns":7},{"damage":8,"enemies":"Mind Bloom Boss Battle","floor":47,"turns":10},{"damage":36,"enemies":"Time Eater","floor":50,"turns":14}],"seed_played":"-3401563770253028566","potions_obtained":[{"floor":6,"key":"Block Potion"},{"floor":11,"key":"Swift Potion"},{"floor":16,"key":"Energy Potion"},{"floor":24,"key":"Dexterity Potion"},{"floor":33,"key":"Strength Potion"},{"floor":36,"key":"Explosive Potion"},{"floor":46,"key":"FairyPotion"},{"floor":47,"key":"Dexterity Potion"}],"is_trial":false,"path_per_floor":["M","$","?","?","$","E","R","M","T","R","M","M","R","M","R","B",null,"M","$","M","?","M","R","M","R","T","M","R","$","M","$","R","B",null,"M","M","?","M","?","R","?","$","T","R","?","M","?","T","R","B",null],"character_chosen":"THE_SILENT","items_purchased":["Noxious Fumes","Cloak And Dagger","Toolbox","Deadly Poison","Dexterity Potion","Footwork","Block Potion","PowerPotion","Ginger","Dexterity Potion","SkillPotion","Discovery"],"campfire_rested":6,"item_purchase_floors":[2,2,19,19,19,29,29,31,42,42,42,42],"current_hp_per_floor":[63,63,63,56,56,31,31,33,33,69,67,57,57,38,38,32,61,57,57,40,40,24,60,51,51,51,27,63,63,29,29,65,42,63,57,25,25,18,18,54,54,54,54,54,54,37,31,31,65,30],"gold":185,"neow_bonus":"RANDOM_COMMON_RELIC","is_prod":false,"is_daily":false,"chose_seed":false,"campfire_upgraded":5,"win_rate":0,"timestamp":1555986405,"path_taken":["M","$","?","?","$","E","R","M","T","R","M","M","R","?","R","BOSS","M","$","M","?","?","R","M","R","T","M","R","?","?","$","R","BOSS","M","M","?","M","?","R","?","?","T","R","?","M","?","?","R","BOSS"],"build_version":"2019-01-23","purchased_purges":1,"victory":true,"max_hp_per_floor":[70,70,70,70,70,70,70,70,70,70,70,70,70,70,70,70,70,70,70,70,70,70,70,70,70,70,70,70,70,70,70,70,70,70,70,70,70,70,70,70,66,66,66,66,66,66,66,66,66,66],"card_choices":[{"not_picked":["Sucker Punch","Finisher"],"picked":"Footwork","floor":1},{"not_picked":["Crippling Poison","Escape Plan"],"picked":"PiercingWail","floor":6},{"not_picked":["Underhanded Strike","Quick Slash"],"picked":"Backflip","floor":8},{"not_picked":["Acrobatics","Outmaneuver"],"picked":"Dodge and Roll","floor":10},{"not_picked":["Storm of Steel","Accuracy"],"picked":"Sucker Punch","floor":11},{"not_picked":["Caltrops","Sucker Punch"],"picked":"Deadly Poison","floor":12},{"not_picked":["Bane","Masterful Stab"],"picked":"Caltrops","floor":14},{"not_picked":["Malaise","After Image"],"picked":"Die Die Die","floor":16},{"not_picked":[],"picked":"Flying Knee+1","floor":18},{"not_picked":["Underhanded Strike+1"],"picked":"SKIP","floor":20},{"not_picked":[],"picked":"Poisoned Stab","floor":22},{"not_picked":[],"picked":"Terror","floor":23},{"not_picked":[],"picked":"Prepared+1","floor":24},{"not_picked":["Predator"],"picked":"SKIP","floor":27},{"not_picked":[],"picked":"Backflip+1","floor":28},{"not_picked":[],"picked":"Deflect","floor":30},{"not_picked":[],"picked":"Wraith Form v2","floor":33},{"not_picked":["Heel Hook+1"],"picked":"SKIP","floor":35},{"not_picked":["Slice"],"picked":"SKIP","floor":36},{"not_picked":[],"picked":"Finisher","floor":38},{"not_picked":["Slice"],"picked":"SKIP","floor":46}],"player_experience":241059,"relics_obtained":[{"floor":6,"key":"Blood Vial"},{"floor":9,"key":"Dream Catcher"},{"floor":26,"key":"Paper Crane"},{"floor":43,"key":"PreservedInsect"},{"floor":47,"key":"FossilizedHelix"},{"floor":48,"key":"Mummified Hand"}],"event_choices":[{"damage_healed":0,"gold_gain":0,"player_choice":"Take Wound","damage_taken":0,"relics_obtained":["Golden Idol"],"max_hp_gain":0,"max_hp_loss":0,"event_name":"Golden Idol","floor":3,"gold_loss":0,"cards_obtained":["Injury"]},{"damage_healed":0,"gold_gain":75,"player_choice":"Touch","damage_taken":7,"max_hp_gain":0,"max_hp_loss":0,"event_name":"FaceTrader","floor":4,"gold_loss":0},{"damage_healed":0,"gold_gain":100,"player_choice":"Pray","damage_taken":0,"max_hp_gain":0,"max_hp_loss":0,"event_name":"Golden Shrine","floor":21,"gold_loss":0},{"damage_healed":0,"gold_gain":333,"player_choice":"Gave Idol","damage_taken":0,"max_hp_gain":0,"max_hp_loss":0,"event_name":"The Moai Head","floor":37,"relics_lost":["Golden Idol"],"gold_loss":0},{"damage_healed":0,"gold_gain":0,"player_choice":"Memory 1","damage_taken":0,"max_hp_gain":0,"max_hp_loss":0,"event_name":"SensoryStone","floor":39,"gold_loss":0},{"damage_healed":0,"gold_gain":0,"player_choice":"Max HP","damage_taken":0,"max_hp_gain":0,"max_hp_loss":4,"event_name":"Winding Halls","floor":41,"gold_loss":0},{"damage_healed":0,"gold_gain":0,"player_choice":"Paid","damage_taken":0,"relics_obtained":["Red Mask"],"max_hp_gain":0,"max_hp_loss":0,"event_name":"Tomb of Lord Red Mask","floor":45,"gold_loss":71},{"damage_healed":0,"gold_gain":0,"player_choice":"Fight","damage_taken":0,"max_hp_gain":0,"max_hp_loss":0,"event_name":"MindBloom","floor":47,"gold_loss":0}],"is_beta":false,"boss_relics":[{"not_picked":["Pandora\u0027s Box","Philosopher\u0027s Stone"],"picked":"Busted Crown"},{"not_picked":["Orrery","Ring of the Serpent"],"picked":"Snecko Eye"}],"items_purged_floors":[5],"is_endless":false,"potions_floor_spawned":[6,11,16,24,33,36,46,47],"ascension_level":9}