{"gold_per_floor":[111,130,146,111,386,386,63,63,138,154,184,201,235,250,250,322,322,333,38,51,51,65,65],"floor_reached":23,"playtime":1512,"items_purged":["Regret","Strike_G"],"score":359,"play_id":"cde89399-f8a1-4e3a-89a1-d963cb0ec3ba","local_time":"20190525183545","is_ascension_mode":true,"campfire_choices":[{"data":"Well Laid Plans","floor":6,"key":"SMITH"},{"data":"Die Die Die","floor":8,"key":"SMITH"},{"data":"Burst","floor":15,"key":"SMITH"}],"neow_cost":"NONE","seed_source_timestamp":495550171549609,"circlet_count":0,"master_deck":["AscendersBane","Defend_G","Defend_G","Defend_G","Defend_G","Defend_G","Strike_G","Strike_G","Strike_G","Strike_G","Survivor","Neutralize","Dash","Well Laid Plans+1","Catalyst","Master of Strategy","Die Die Die+1","Deadly Poison","Crippling Poison","Burst+1","Corpse Explosion","Calculated Gamble"],"relics":["Ring of the Snake","Ninja Scroll","Centennial Puzzle","Question Card","Black Star","Frozen Eye"],"potions_floor_usage":[4,11,23],"damage_taken":[{"damage":1,"enemies":"Cultist","floor":1,"turns":7},{"damage":0,"enemies":"Small Slimes","floor":2,"turns":5},{"damage":0,"enemies":"2 Louse","floor":3,"turns":3},{"damage":5,"enemies":"Exordium Thugs","floor":4,"turns":5},{"damage":6,"enemies":"Looter","floor":10,"turns":2},{"damage":14,"enemies":"Lagavulin","floor":11,"turns":9},{"damage":0,"enemies":"2 Fungi Beasts","floor":12,"turns":3},{"damage":6,"enemies":"Gremlin Nob","floor":13,"turns":3},{"damage":1,"enemies":"Exordium Thugs","floor":14,"turns":4},{"damage":5,"enemies":"The Guardian","floor":16,"turns":7},{"damage":10,"enemies":"Spheric Guardian","floor":18,"turns":5},{"damage":2,"enemies":"Shell Parasite","floor":20,"turns":7},{"damage":16,"enemies":"Shelled Parasite and Fungi","floor":22,"turns":8},{"damage":39,"enemies":"Slavers","floor":23,"turns":3}],"seed_played":"494088594553841595","potions_obtained":[{"floor":2,"key":"AttackPotion"},{"floor":3,"key":"Dexterity Potion"},{"floor":4,"key":"PowerPotion"}],"is_trial":false,"path_per_floor":["M","M","M","M","?","R","$","R","T","M","E","M","E","M","R","B",null,"M","$","M","?","M","E"],"character_chosen":"THE_SILENT","items_purchased":["Master of Strategy","Die Die Die","Frozen Eye"],"campfire_rested":0,"item_purchase_floors":[7,7,19],"current_hp_per_floor":[64,64,64,59,59,59,59,59,59,53,39,39,33,32,32,27,61,51,51,49,49,33,0],"gold":65,"neow_bonus":"TEN_PERCENT_HP_BONUS","is_prod":false,"is_daily":false,"chose_seed":false,"campfire_upgraded":3,"win_rate":0,"timestamp":1558823745,"path_taken":["M","M","?","M","?","R","$","R","T","M","E","M","E","M","R","BOSS","M","$","?","?","M","E"],"build_version":"2019-01-23","purchased_purges":2,"victory":false,"max_hp_per_floor":[72,72,72,72,72,72,72,72,72,72,72,72,72,72,72,72,72,72,72,72,72,72,72],"card_choices":[{"not_picked":["PiercingWail","Poisoned Stab"],"picked":"Dash","floor":1},{"not_picked":["Dagger Throw","Slice"],"picked":"Well Laid Plans","floor":2},{"not_picked":["Backflip","Cloak And Dagger"],"picked":"Catalyst","floor":3},{"not_picked":["Deflect","Cloak And Dagger","Underhanded Strike"],"picked":"SKIP","floor":4},{"not_picked":["Sucker Punch","Deflect","Prepared"],"picked":"SKIP","floor":10},{"not_picked":["Infinite Blades","Riddle With Holes","Blade Dance"],"picked":"SKIP","floor":11},{"not_picked":["Backflip","PiercingWail"],"picked":"Deadly Poison","floor":12},{"not_picked":["Blade Dance","Acrobatics"],"picked":"Crippling Poison","floor":13},{"not_picked":["Blade Dance","Footwork","Deflect"],"picked":"Burst","floor":14},{"not_picked":["Envenom","Glass Knife","Adrenaline"],"picked":"Corpse Explosion","floor":16},{"not_picked":["Finisher","Acrobatics","Dagger Throw"],"picked":"Calculated Gamble","floor":18},{"not_picked":["Poisoned Stab","Cloak And Dagger","Dagger Spray","Flying Knee"],"picked":"SKIP","floor":20},{"not_picked":["Distraction+1","Heel Hook","Bane","Choke"],"picked":"SKIP","floor":22},{"not_picked":["Distraction+1","Heel Hook","Bane","Choke"],"picked":"SKIP","floor":22}],"player_experience":1337162,"relics_obtained":[{"floor":9,"key":"Ninja Scroll"},{"floor":11,"key":"Centennial Puzzle"},{"floor":13,"key":"Question Card"}],"event_choices":[{"damage_healed":0,"gold_gain":275,"player_choice":"Desecrate","damage_taken":0,"max_hp_gain":0,"max_hp_loss":0,"event_name":"Golden Shrine","floor":5,"gold_loss":0,"cards_obtained":["Regret"]},{"damage_healed":0,"gold_gain":0,"player_choice":"Ignored","damage_taken":0,"max_hp_gain":0,"max_hp_loss":0,"event_name":"Beggar","floor":21,"gold_loss":0}],"is_beta":false,"boss_relics":[{"not_picked":["Coffee Dripper","Ring of the Serpent"],"picked":"Black Star"}],"items_purged_floors":[7,19],"is_endless":false,"potions_floor_spawned":[2,3,4],"killed_by":"Slavers","ascension_level":15}