{"gold_per_floor":[213,225,400,9,19,19,38,70,70,70,135,135,166,185,185,283,283,296,315,326,52,66,66,96,96,96,96,115,128,128],"floor_reached":30,"playtime":1927,"items_purged":["Doubt"],"score":354,"play_id":"52b0ef36-6743-46c5-ab0f-37292e7895d5","local_time":"20190511204225","is_ascension_mode":true,"campfire_choices":[{"data":"Zap","floor":6.0,"key":"SMITH"},{"data":"Cold Snap","floor":10.0,"key":"SMITH"},{"floor":12.0,"key":"REST"},{"floor":15.0,"key":"REST"},{"data":"Consume","floor":23,"key":"SMITH"},{"data":"Machine Learning","floor":25,"key":"SMITH"},{"data":"Loop","floor":27,"key":"SMITH"}],"neow_cost":"NONE","seed_source_timestamp":613609421089017,"circlet_count":0,"master_deck":["Strike_B","Strike_B","Strike_B","Strike_B","Defend_B","Defend_B","Defend_B","Defend_B","Zap+1","Dualcast","Conserve Battery","Redo","Cold Snap+1","Skim","Genetic Algorithm","Stack","Sweeping Beam","Consume+1","Rainbow","Self Repair","Machine Learning+1","Conserve Battery","Force Field","Ball Lightning","Loop+1","Compile Driver","Coolheaded","Capacitor"],"special_seed":0,"relics":["Cracked Core","Runic Capacitor","Mercury Hourglass","Matryoshka","Question Card","Bird Faced Urn","Inserter","Lee\u0027s Waffle","Bottled Flame","Bag of Preparation","Strawberry"],"potions_floor_usage":[24,30],"damage_taken":[{"damage":0.0,"enemies":"2 Louse","floor":1.0,"turns":3.0},{"damage":1.0,"enemies":"Small Slimes","floor":2.0,"turns":3.0},{"damage":2.0,"enemies":"Jaw Worm","floor":5.0,"turns":4.0},{"damage":0.0,"enemies":"Exordium Wildlife","floor":7.0,"turns":3.0},{"damage":19.0,"enemies":"3 Sentries","floor":8.0,"turns":9.0},{"damage":34.0,"enemies":"Gremlin Nob","floor":11.0,"turns":4.0},{"damage":20.0,"enemies":"Gremlin Nob","floor":13.0,"turns":4.0},{"damage":0.0,"enemies":"2 Fungi Beasts","floor":14.0,"turns":2.0},{"damage":23.0,"enemies":"Slime Boss","floor":16.0,"turns":7.0},{"damage":11.0,"enemies":"Chosen","floor":18.0,"turns":5.0},{"damage":33.0,"enemies":"3 Byrds","floor":19.0,"turns":4.0},{"damage":31.0,"enemies":"Shelled Parasite and Fungi","floor":20.0,"turns":10.0},{"damage":23,"enemies":"Cultist and Chosen","floor":22,"turns":6},{"damage":31,"enemies":"Book of Stabbing","floor":24,"turns":7},{"damage":23,"enemies":"3 Cultists","floor":28,"turns":5},{"damage":11,"enemies":"Chosen and Byrds","floor":29,"turns":5},{"damage":24,"enemies":"Slavers","floor":30,"turns":2}],"seed_played":"4675457626251724720","potions_obtained":[{"floor":5.0,"key":"Ancient Potion"},{"floor":13.0,"key":"Fire Potion"},{"floor":19.0,"key":"PowerPotion"},{"floor":28,"key":"Weak Potion"}],"is_trial":false,"path_per_floor":["M","M","?","$","M","R","M","E","T","R","?","R","E","M","R","B",null,"M","M","M","$","M","R","E","R","T","R","M","M","E"],"character_chosen":"DEFECT","items_purchased":["Cold Snap","Runic Capacitor","Skim","Lee\u0027s Waffle","Loop"],"campfire_rested":2,"item_purchase_floors":[4,4,4,21,21],"current_hp_per_floor":[68,67,67,67,65,65,65,46,46,46,12,34,14,14,36,22,62,62,38,18,82,61,61,45,45,52,52,31,22,0],"gold":128,"neow_bonus":"HUNDRED_GOLD","is_prod":false,"is_daily":false,"chose_seed":false,"campfire_upgraded":5,"win_rate":0,"timestamp":1557621745,"path_taken":["M","M","?","$","M","R","M","E","T","R","?","R","E","M","R","BOSS","M","M","M","$","M","R","E","R","T","R","M","M","E"],"build_version":"2019-01-23","purchased_purges":1,"victory":false,"max_hp_per_floor":[75,75,75,75,75,75,75,75,75,75,75,75,75,75,75,75,75,75,75,75,82,82,82,82,82,89,89,89,89,89],"card_choices":[{"not_picked":["Chaos","Force Field"],"picked":"Conserve Battery","floor":1.0},{"not_picked":["Rebound","Recycle"],"picked":"Redo","floor":2.0},{"not_picked":["Turbo","Redo"],"picked":"Genetic Algorithm","floor":5.0},{"not_picked":["Turbo","Conserve Battery"],"picked":"Stack","floor":7.0},{"not_picked":["Recycle","Gash"],"picked":"Sweeping Beam","floor":8.0},{"not_picked":["Reprogram","Hologram","Sweeping Beam"],"picked":"Consume","floor":11.0},{"not_picked":["Consume","Cold Snap","Reprogram"],"picked":"Rainbow","floor":13.0},{"not_picked":["Melter","Compile Driver","Fusion"],"picked":"Self Repair","floor":14.0},{"not_picked":["Multi-Cast","Fission","Echo Form"],"picked":"Machine Learning","floor":16.0},{"not_picked":["Sunder","Coolheaded","Tempest"],"picked":"Conserve Battery","floor":18.0},{"not_picked":["Beam Cell","Barrage","Steam"],"picked":"Force Field","floor":19.0},{"not_picked":["Streamline+1","Steam Power+1","Conserve Battery+1"],"picked":"Ball Lightning","floor":20.0},{"not_picked":["Rebound","Barrage","All For One"],"picked":"Compile Driver","floor":22},{"not_picked":["Thunder Strike","All For One","Blizzard+1","Compile Driver"],"picked":"SKIP","floor":24},{"not_picked":["Genetic Algorithm","Compile Driver","Steam"],"picked":"Coolheaded","floor":28},{"not_picked":["Hello World","Sweeping Beam","Scrape"],"picked":"Capacitor","floor":29}],"player_experience":543811,"relics_obtained":[{"floor":8.0,"key":"Mercury Hourglass"},{"floor":9.0,"key":"Matryoshka"},{"floor":13.0,"key":"Bird Faced Urn"},{"floor":24,"key":"Bottled Flame"},{"floor":26,"key":"Bag of Preparation"},{"floor":26,"key":"Strawberry"}],"event_choices":[{"damage_healed":0.0,"max_hp_gain":0.0,"max_hp_loss":0.0,"gold_gain":175.0,"event_name":"Liars Game","player_choice":"AGREE","floor":3.0,"gold_loss":0.0,"damage_taken":0.0,"cards_obtained":["Doubt"]},{"damage_healed":0.0,"max_hp_gain":0.0,"max_hp_loss":0.0,"gold_gain":0.0,"event_name":"Dead Adventurer","player_choice":"Searched \u00272\u0027 times","floor":11.0,"gold_loss":0.0,"damage_taken":0.0,"relics_obtained":["Question Card"]}],"is_beta":false,"boss_relics":[{"not_picked":["Coffee Dripper","Runic Pyramid"],"picked":"Inserter"}],"items_purged_floors":[4],"is_endless":false,"potions_floor_spawned":[5,13,19,28],"killed_by":"Slavers","ascension_level":7}