{"gold_per_floor":[112,112,112,112,122,122,157,157,157,157,167,14,14,29,29,131,131,141,151,163,163,88,88,106,120,120,120,137,7,7,25,25,25],"floor_reached":33,"playtime":2259,"items_purged":[],"score":435,"play_id":"723ca18d-bff2-4607-831f-cf28a6751b5c","local_time":"20190503185815","is_ascension_mode":true,"campfire_choices":[{"floor":6,"key":"REST"},{"data":"Leg Sweep","floor":8,"key":"SMITH"},{"data":"Crippling Poison","floor":10,"key":"SMITH"},{"floor":13,"key":"REST"},{"data":"Caltrops","floor":15,"key":"SMITH"},{"data":"Cloak And Dagger","floor":23,"key":"SMITH"},{"floor":30,"key":"REST"},{"data":"Adrenaline","floor":32,"key":"SMITH"}],"neow_cost":"NONE","seed_source_timestamp":5117307871377001,"circlet_count":0,"master_deck":["AscendersBane","Defend_G","Defend_G","Defend_G","Strike_G+1","Strike_G","Strike_G","Strike_G","Strike_G+1","Survivor","Neutralize+1","Crippling Poison+1","Leg Sweep+1","Acrobatics","Caltrops+1","Adrenaline+1","Cloak And Dagger+1","Backstab","Sucker Punch+1","Noxious Fumes","Dagger Throw+1"],"relics":["Ring of the Snake","NeowsBlessing","Matryoshka","Anchor","Boot","Gremlin Horn","Whetstone","Busted Crown","Omamori","Potion Belt","Molten Egg 2","Regal Pillow"],"potions_floor_usage":[5,16,24,24,33],"damage_taken":[{"damage":0,"enemies":"Jaw Worm","floor":1,"turns":1},{"damage":0,"enemies":"Small Slimes","floor":5,"turns":1},{"damage":0,"enemies":"Gremlin Nob","floor":7,"turns":1},{"damage":0,"enemies":"2 Louse","floor":11,"turns":3},{"damage":4,"enemies":"Large Slime","floor":14,"turns":6},{"damage":30,"enemies":"Slime Boss","floor":16,"turns":18},{"damage":10,"enemies":"Spheric Guardian","floor":18,"turns":4},{"damage":0,"enemies":"Chosen","floor":19,"turns":4},{"damage":4,"enemies":"Centurion and Healer","floor":20,"turns":10},{"damage":13,"enemies":"Cultist and Chosen","floor":24,"turns":6},{"damage":0,"enemies":"3 Cultists","floor":25,"turns":5},{"damage":8,"enemies":"Shelled Parasite and Fungi","floor":28,"turns":6},{"damage":0,"enemies":"Centurion and Healer","floor":31,"turns":6},{"damage":83,"enemies":"Champ","floor":33,"turns":10}],"seed_played":"-3248600443367797787","potions_obtained":[{"floor":1,"key":"Fruit Juice"},{"floor":11,"key":"GamblersBrew"},{"floor":14,"key":"GhostInAJar"},{"floor":20,"key":"Fruit Juice"},{"floor":25,"key":"Dexterity Potion"}],"is_trial":false,"path_per_floor":["M","?","?","?","M","R","E","R","T","R","M","$","R","M","R","B",null,"M","M","M","?","?","R","M","M","T","?","M","$","R","M","R","B"],"character_chosen":"THE_SILENT","items_purchased":["Whetstone","Sucker Punch+1","Noxious Fumes"],"campfire_rested":3,"item_purchase_floors":[12,29,29],"current_hp_per_floor":[63,11,4,4,9,31,31,31,31,31,31,31,53,49,49,19,61,51,51,47,47,47,47,39,39,39,39,31,31,70,70,70,0],"gold":25,"neow_bonus":"THREE_ENEMY_KILL","is_prod":false,"is_daily":false,"chose_seed":false,"campfire_upgraded":5,"win_rate":0,"timestamp":1556924295,"path_taken":["M","?","?","?","M","R","E","R","T","R","M","$","R","M","R","BOSS","M","M","M","?","?","R","M","M","T","?","M","$","R","M","R","BOSS"],"build_version":"2019-01-23","purchased_purges":0,"victory":false,"max_hp_per_floor":[70,70,70,70,75,75,75,75,75,75,75,75,75,75,75,75,75,75,75,75,75,75,75,80,80,80,80,80,80,80,80,80,80],"card_choices":[{"not_picked":["Outmaneuver","Prepared"],"picked":"Crippling Poison","floor":1},{"not_picked":["Setup","Catalyst","Underhanded Strike"],"picked":"SKIP","floor":5},{"not_picked":["Acrobatics","Dagger Throw"],"picked":"Leg Sweep","floor":7},{"not_picked":["Expertise","Calculated Gamble"],"picked":"Acrobatics","floor":11},{"not_picked":["Leg Sweep","Crippling Poison"],"picked":"Caltrops","floor":14},{"not_picked":["Night Terror","Envenom"],"picked":"Adrenaline","floor":16},{"not_picked":["Dagger Spray"],"picked":"SKIP","floor":18},{"not_picked":["Flechettes"],"picked":"SKIP","floor":19},{"not_picked":[],"picked":"Cloak And Dagger","floor":20},{"not_picked":[],"picked":"Backstab","floor":24},{"not_picked":["Poisoned Stab"],"picked":"SKIP","floor":25},{"not_picked":["Leg Sweep"],"picked":"SKIP","floor":28},{"not_picked":[],"picked":"Dagger Throw+1","floor":31}],"player_experience":275357,"relics_obtained":[{"floor":7,"key":"Anchor"},{"floor":9,"key":"Boot"},{"floor":9,"key":"Gremlin Horn"},{"floor":26,"key":"Potion Belt"},{"floor":26,"key":"Molten Egg 2"}],"event_choices":[{"damage_healed":0,"gold_gain":0,"player_choice":"Success","damage_taken":52,"relics_obtained":["Matryoshka"],"max_hp_gain":0,"max_hp_loss":0,"event_name":"Scrap Ooze","floor":2,"gold_loss":0},{"cards_removed":["Defend_G"],"damage_healed":0,"gold_gain":0,"player_choice":"Card Removal","damage_taken":7,"max_hp_gain":0,"max_hp_loss":0,"event_name":"Golden Wing","floor":3,"gold_loss":0},{"damage_healed":0,"gold_gain":0,"player_choice":"Grow","damage_taken":0,"max_hp_gain":0,"max_hp_loss":0,"event_name":"Living Wall","floor":4,"gold_loss":0,"cards_upgraded":["Neutralize"]},{"damage_healed":0,"gold_gain":0,"player_choice":"Opened","damage_taken":0,"relics_obtained":["Omamori"],"max_hp_gain":0,"max_hp_loss":0,"event_name":"The Mausoleum","floor":21,"gold_loss":0},{"cards_removed":["Defend_G"],"damage_healed":0,"gold_gain":0,"player_choice":"Gave Gold","damage_taken":0,"max_hp_gain":0,"max_hp_loss":0,"event_name":"Beggar","floor":22,"gold_loss":75},{"damage_healed":0,"gold_gain":0,"player_choice":"Stole Relic","damage_taken":0,"relics_obtained":["Regal Pillow"],"max_hp_gain":0,"max_hp_loss":0,"event_name":"Addict","floor":27,"gold_loss":0,"cards_obtained":["Shame"]}],"is_beta":false,"boss_relics":[{"not_picked":["Eternal Feather","Philosopher\u0027s Stone"],"picked":"Busted Crown"}],"items_purged_floors":[],"is_endless":false,"potions_floor_spawned":[1,11,14,20,25],"killed_by":"Champ","ascension_level":12}