{"gold_per_floor":[112,187,204,223,223,223,239,239,265,297,311,311,322,25,25,103,103,119,119,219,238,238],"floor_reached":22,"playtime":1304,"items_purged":["Strike_B"],"score":307,"play_id":"6c79aa6c-a907-413e-bcec-5f60156e103b","local_time":"20190527192322","is_ascension_mode":true,"campfire_choices":[{"data":"Coolheaded","floor":6,"key":"SMITH"},{"floor":8,"key":"REST"},{"floor":15,"key":"REST"}],"neow_cost":"NONE","seed_source_timestamp":1238738847702,"circlet_count":0,"master_deck":["AscendersBane","Zap","Dualcast","Hologram+1","Conserve Battery","Coolheaded+1","Barrage","Capacitor","Static Discharge","Conserve Battery","Electrodynamics","Multi-Cast","Double Energy","Chaos","Buffer","Steam Power","Sunder","Glacier","Doom and Gloom","Glacier+1"],"relics":["Philosopher\u0027s Stone","NlothsMask","Vajra","PreservedInsect","Pandora\u0027s Box"],"potions_floor_usage":[16,16,21],"damage_taken":[{"damage":0,"enemies":"2 Louse","floor":1,"turns":4},{"damage":1,"enemies":"Cultist","floor":3,"turns":4},{"damage":3,"enemies":"Jaw Worm","floor":4,"turns":4},{"damage":9,"enemies":"Exordium Wildlife","floor":7,"turns":6},{"damage":29,"enemies":"Lagavulin","floor":10,"turns":9},{"damage":3,"enemies":"2 Fungi Beasts","floor":11,"turns":4},{"damage":4,"enemies":"3 Louse","floor":13,"turns":3},{"damage":31,"enemies":"The Guardian","floor":16,"turns":11},{"damage":44,"enemies":"3 Byrds","floor":18,"turns":3},{"damage":12,"enemies":"Chosen","floor":21,"turns":6},{"damage":2,"enemies":"3 Cultists","floor":22,"turns":2}],"seed_played":"7030285117492569520","potions_obtained":[{"floor":7,"key":"Block Potion"},{"floor":11,"key":"FearPotion"},{"floor":13,"key":"EssenceOfSteel"},{"floor":16,"key":"Block Potion"},{"floor":18,"key":"LiquidBronze"}],"is_trial":false,"path_per_floor":["M","?","M","M","?","R","M","R","T","E","M","?","M","$","R","B",null,"M","?","?","M","M"],"character_chosen":"DEFECT","items_purchased":["PowerPotion","PreservedInsect","Conserve Battery"],"campfire_rested":2,"item_purchase_floors":[14,14,14],"current_hp_per_floor":[68,57,56,53,53,53,44,66,66,37,34,19,15,15,37,6,58,14,14,14,2,0],"gold":238,"neow_bonus":"BOSS_RELIC","is_prod":false,"is_daily":false,"chose_seed":false,"campfire_upgraded":1,"win_rate":0,"timestamp":1558977802,"path_taken":["M","?","M","M","?","R","M","R","T","E","?","?","M","?","R","BOSS","M","?","?","M","M"],"build_version":"2019-01-23","purchased_purges":1,"victory":false,"max_hp_per_floor":[75,75,75,75,75,75,75,75,75,75,75,75,75,75,75,75,75,75,75,75,75,75],"card_choices":[{"not_picked":["Streamline","Ball Lightning"],"picked":"Hologram","floor":1},{"not_picked":["Steam Power","Barrage"],"picked":"Conserve Battery","floor":3},{"not_picked":["Leap","Redo"],"picked":"Coolheaded","floor":4},{"not_picked":["Turbo","Conserve Battery"],"picked":"Barrage","floor":7},{"not_picked":["FTL","Redo"],"picked":"Capacitor","floor":10},{"not_picked":["Rip and Tear","Ball Lightning"],"picked":"Sweeping Beam","floor":11},{"not_picked":["Tempest","Capacitor"],"picked":"Static Discharge","floor":13},{"not_picked":["Thunder Strike","Hyperbeam"],"picked":"Electrodynamics","floor":16},{"not_picked":["Ball Lightning","Reprogram+1"],"picked":"Doom and Gloom","floor":18},{"not_picked":["Compile Driver","Streamline+1"],"picked":"Glacier+1","floor":21}],"player_experience":688606,"relics_obtained":[{"floor":10,"key":"Vajra"}],"event_choices":[{"damage_healed":0,"gold_gain":75,"player_choice":"Gather Gold","damage_taken":11,"max_hp_gain":0,"max_hp_loss":0,"event_name":"World of Goop","floor":2,"gold_loss":0},{"damage_healed":0,"gold_gain":0,"player_choice":"Trade","damage_taken":0,"relics_obtained":["NlothsMask"],"max_hp_gain":0,"max_hp_loss":0,"event_name":"FaceTrader","floor":5,"gold_loss":0},{"damage_healed":0,"gold_gain":0,"player_choice":"Entered Light","damage_taken":15,"max_hp_gain":0,"max_hp_loss":0,"event_name":"Shining Light","floor":12,"gold_loss":0,"cards_upgraded":["Hologram","Strike_B"]},{"cards_removed":["Sweeping Beam"],"damage_healed":0,"gold_gain":0,"player_choice":"Elegance","damage_taken":0,"max_hp_gain":0,"max_hp_loss":0,"event_name":"Back to Basics","floor":19,"gold_loss":0},{"damage_healed":0,"gold_gain":100,"player_choice":"Pray","damage_taken":0,"max_hp_gain":0,"max_hp_loss":0,"event_name":"Golden Shrine","floor":20,"gold_loss":0}],"is_beta":false,"boss_relics":[{"not_picked":["Inserter","White Beast Statue"],"picked":"Pandora\u0027s Box"}],"items_purged_floors":[14],"is_endless":false,"potions_floor_spawned":[7,11,13,16,18],"killed_by":"3 Cultists","ascension_level":13}