{"gold_per_floor":[110,35,35,50,50,82,82,82,127,142,154,154,171,171,171,296,296,309,323,323,343,14,14],"floor_reached":23,"playtime":2055,"items_purged":["Defend_G"],"score":287,"play_id":"2d03b45a-f001-478f-8967-32b23572daf8","local_time":"20190502182607","is_ascension_mode":true,"campfire_choices":[{"floor":8,"key":"REST"},{"data":"Footwork","floor":12,"key":"SMITH"},{"floor":15,"key":"REST"}],"neow_cost":"NONE","seed_source_timestamp":5029185344965204,"circlet_count":0,"master_deck":["AscendersBane","Defend_G","Defend_G","Defend_G","Defend_G","Strike_G","Strike_G","Strike_G","Strike_G","Strike_G","Survivor","Neutralize","Well Laid Plans","Dodge and Roll","Footwork+1","Deadly Poison","Parasite","Blur","Terror","Injury","After Image","Blade Dance+1","Accuracy","PiercingWail","Backstab"],"relics":["Ring of the Snake","Darkstone Periapt","Paper Crane","Juzu Bracelet","Pen Nib","Golden Idol","Philosopher\u0027s Stone","Matryoshka"],"potions_floor_usage":[11,19,21],"damage_taken":[{"damage":2,"enemies":"Cultist","floor":1,"turns":5},{"damage":1,"enemies":"Small Slimes","floor":4,"turns":6},{"damage":51,"enemies":"Gremlin Nob","floor":6,"turns":7},{"damage":0,"enemies":"2 Louse","floor":10,"turns":3},{"damage":11,"enemies":"Exordium Thugs","floor":11,"turns":5},{"damage":9,"enemies":"Large Slime","floor":13,"turns":8},{"damage":28,"enemies":"The Guardian","floor":16,"turns":15},{"damage":40,"enemies":"Chosen","floor":18,"turns":10},{"damage":10,"enemies":"Shell Parasite","floor":19,"turns":8},{"damage":18,"enemies":"Chosen and Byrds","floor":21,"turns":10},{"damage":27,"enemies":"Book of Stabbing","floor":23,"turns":6}],"seed_played":"-1284720293273622787","potions_obtained":[{"floor":1,"key":"Dexterity Potion"},{"floor":6,"key":"SpeedPotion"},{"floor":11,"key":"Ancient Potion"},{"floor":16,"key":"Regen Potion"},{"floor":19,"key":"Regen Potion"}],"is_trial":false,"path_per_floor":["M","$","T","M","?","E","?","R","T","M","M","R","M","?","R","B",null,"M","M","?","M","$","E"],"character_chosen":"THE_SILENT","items_purchased":["Matryoshka","PiercingWail","Backstab"],"campfire_rested":2,"item_purchase_floors":[22,22,22],"current_hp_per_floor":[61,61,61,60,60,9,32,54,54,54,43,43,34,40,64,36,71,31,36,36,33,33,6],"gold":14,"neow_bonus":"THREE_CARDS","is_prod":false,"is_daily":false,"chose_seed":false,"campfire_upgraded":1,"win_rate":0,"timestamp":1556835967,"path_taken":["M","?","?","M","?","E","?","R","T","M","M","R","M","?","R","BOSS","M","M","?","M","$","E"],"build_version":"2019-01-23","purchased_purges":1,"victory":false,"max_hp_per_floor":[70,70,70,70,70,70,76,76,76,76,76,76,76,82,82,82,82,82,82,82,82,82,82],"card_choices":[{"not_picked":["Choke","Blur"],"picked":"Well Laid Plans","floor":0},{"not_picked":["All Out Attack","Sucker Punch"],"picked":"Dodge and Roll","floor":1},{"not_picked":["Prepared","Dagger Throw"],"picked":"Footwork","floor":4},{"not_picked":["Sucker Punch","Well Laid Plans"],"picked":"Deadly Poison","floor":6},{"not_picked":["Concentrate","Well Laid Plans"],"picked":"Blur","floor":10},{"not_picked":["Deadly Poison","Blade Dance","Outmaneuver"],"picked":"SKIP","floor":11},{"not_picked":["Quick Slash","Outmaneuver"],"picked":"Terror","floor":13},{"not_picked":["Venomology","Glass Knife"],"picked":"After Image","floor":16},{"not_picked":["Predator","Bane+1"],"picked":"Blade Dance+1","floor":18},{"not_picked":["Expertise","Predator","Dagger Spray"],"picked":"SKIP","floor":19},{"not_picked":["Dodge and Roll","Prepared"],"picked":"Accuracy","floor":21}],"player_experience":238147,"relics_obtained":[{"floor":3,"key":"Darkstone Periapt"},{"floor":6,"key":"Juzu Bracelet"},{"floor":9,"key":"Pen Nib"}],"event_choices":[{"damage_healed":0,"gold_gain":0,"player_choice":"Gave Potion","damage_taken":0,"relics_obtained":["Paper Crane"],"max_hp_gain":0,"max_hp_loss":0,"event_name":"WeMeetAgain","floor":5,"gold_loss":0},{"damage_healed":17,"gold_gain":0,"player_choice":"Healed and dodged fight","damage_taken":0,"max_hp_gain":0,"max_hp_loss":0,"event_name":"Mushrooms","floor":7,"gold_loss":0,"cards_obtained":["Parasite"]},{"damage_healed":0,"gold_gain":0,"player_choice":"Take Wound","damage_taken":0,"relics_obtained":["Golden Idol"],"max_hp_gain":0,"max_hp_loss":0,"event_name":"Golden Idol","floor":14,"gold_loss":0,"cards_obtained":["Injury"]},{"damage_healed":0,"gold_gain":0,"player_choice":"Ignored","damage_taken":0,"max_hp_gain":0,"max_hp_loss":0,"event_name":"Cursed Tome","floor":20,"gold_loss":0}],"is_beta":false,"boss_relics":[{"not_picked":["Eternal Feather","Runic Pyramid"],"picked":"Philosopher\u0027s Stone"}],"items_purged_floors":[2],"is_endless":false,"potions_floor_spawned":[1,6,11,16,19],"killed_by":"Book of Stabbing","ascension_level":10}