{"gold_per_floor":[115,190,207,218,229,229,193,213,236,256,275,275,288,303,303,405,405,418,418,428],"floor_reached":20,"playtime":1739,"items_purged":[],"score":275,"play_id":"022f7ecc-f9a4-4e9e-97bb-26f9ac217b9d","local_time":"20190503113004","is_ascension_mode":true,"campfire_choices":[{"floor":6,"key":"REST"},{"floor":15,"key":"REST"}],"neow_cost":"PERCENT_DAMAGE","seed_source_timestamp":5090924633534398,"circlet_count":0,"master_deck":["AscendersBane","Defend_G","Defend_G","Defend_G","Defend_G","Strike_G","Strike_G","Strike_G","Survivor","Neutralize","Deadly Poison","Infinite Blades","Catalyst","PiercingWail","Bullet Time","Backflip"],"relics":["Ring of the Snake","Bag of Preparation","Empty Cage"],"potions_floor_usage":[16,16],"damage_taken":[{"damage":1,"enemies":"2 Louse","floor":1,"turns":3},{"damage":1,"enemies":"Cultist","floor":3,"turns":6},{"damage":0,"enemies":"Jaw Worm","floor":4,"turns":5},{"damage":15,"enemies":"Exordium Wildlife","floor":5,"turns":6},{"damage":10,"enemies":"Looter","floor":8,"turns":4},{"damage":0,"enemies":"Red Slaver","floor":10,"turns":5},{"damage":7,"enemies":"Exordium Thugs","floor":11,"turns":7},{"damage":24,"enemies":"Large Slime","floor":13,"turns":10},{"damage":2,"enemies":"Blue Slaver","floor":14,"turns":4},{"damage":25,"enemies":"Hexaghost","floor":16,"turns":11},{"damage":24,"enemies":"Spheric Guardian","floor":18,"turns":5},{"damage":31,"enemies":"Shell Parasite","floor":20,"turns":10}],"seed_played":"-126301566792477422","potions_obtained":[{"floor":3,"key":"EssenceOfSteel"},{"floor":4,"key":"FearPotion"}],"is_trial":false,"path_per_floor":["M","?","M","M","M","R","$","M","T","M","M","?","M","M","R","B",null,"M","?","M"],"character_chosen":"THE_SILENT","items_purchased":["Infinite Blades"],"campfire_rested":2,"item_purchase_floors":[7],"current_hp_per_floor":[58,47,46,46,31,56,56,46,46,46,39,39,15,13,38,13,66,42,42,11],"gold":428,"neow_bonus":"TWENTY_PERCENT_HP_BONUS","is_prod":false,"is_daily":false,"chose_seed":false,"campfire_upgraded":0,"win_rate":0,"timestamp":1556897404,"path_taken":["M","?","M","M","M","R","$","M","T","M","M","?","M","?","R","BOSS","M","?","M"],"build_version":"2019-01-23","purchased_purges":0,"victory":false,"max_hp_per_floor":[84,84,84,84,84,84,84,84,84,84,84,84,84,84,84,84,84,84,84,84],"card_choices":[{"not_picked":["Bane","Deflect","Catalyst"],"picked":"SKIP","floor":1},{"not_picked":["Tactician","Prepared","Dagger Spray"],"picked":"SKIP","floor":3},{"not_picked":["Finisher","Distraction"],"picked":"Deadly Poison","floor":4},{"not_picked":["Dagger Throw","Slice","Deadly Poison"],"picked":"SKIP","floor":5},{"not_picked":["Prepared","Riddle With Holes","Masterful Stab"],"picked":"SKIP","floor":8},{"not_picked":["Riddle With Holes","Deflect","Dodge and Roll"],"picked":"SKIP","floor":10},{"not_picked":["Flying Knee","Concentrate"],"picked":"Catalyst","floor":11},{"not_picked":["Bane","Reflex","Dodge and Roll"],"picked":"SKIP","floor":13},{"not_picked":["Dagger Throw","Distraction"],"picked":"PiercingWail","floor":14},{"not_picked":["Storm of Steel","Corpse Explosion"],"picked":"Bullet Time","floor":16},{"not_picked":["Dodge and Roll","Cloak And Dagger"],"picked":"Backflip","floor":18},{"not_picked":["Infinite Blades","Expertise","Flying Knee"],"picked":"SKIP","floor":20}],"player_experience":260888,"relics_obtained":[{"floor":9,"key":"Bag of Preparation"}],"event_choices":[{"damage_healed":0,"gold_gain":75,"player_choice":"Gather Gold","damage_taken":11,"max_hp_gain":0,"max_hp_loss":0,"event_name":"World of Goop","floor":2,"gold_loss":0},{"cards_removed":["Strike_G"],"damage_healed":0,"gold_gain":0,"player_choice":"Offered Basic","damage_taken":0,"max_hp_gain":0,"max_hp_loss":0,"event_name":"Bonfire Elementals","floor":12,"gold_loss":0},{"damage_healed":0,"gold_gain":0,"player_choice":"Ignored","damage_taken":0,"max_hp_gain":0,"max_hp_loss":0,"event_name":"Ghosts","floor":19,"gold_loss":0}],"is_beta":false,"boss_relics":[{"not_picked":["Runic Pyramid","WristBlade"],"picked":"Empty Cage"}],"items_purged_floors":[],"is_endless":false,"potions_floor_spawned":[3,4,8,11],"killed_by":"Shell Parasite","ascension_level":12}