{"gold_per_floor":[111,121,135,135,0,33,33,33,33,33,66,66,82,7,7,138,138,157,157,142,142,161,161,176,176,176,176,102,120,136,151,151,274,274,298,298,226,242,49,49,49,49,49,0,21,36,0,14,14,14,14,14,14,47,47],"floor_reached":55,"playtime":4251,"items_purged":["Strike_G"],"score":727,"play_id":"932464f2-9f2c-499c-89a3-86546166f10f","local_time":"20190525171823","is_ascension_mode":false,"campfire_choices":[{"data":"Noxious Fumes","floor":8.0,"key":"SMITH"},{"data":"After Image","floor":10.0,"key":"SMITH"},{"data":"Leg Sweep","floor":12.0,"key":"SMITH"},{"data":"Catalyst","floor":15.0,"key":"SMITH"},{"data":"Night Terror","floor":23.0,"key":"SMITH"},{"data":"Noxious Fumes","floor":25.0,"key":"SMITH"},{"floor":27.0,"key":"REST"},{"floor":32.0,"key":"REST"},{"floor":40.0,"key":"RECALL"},{"data":"Caltrops","floor":42.0,"key":"SMITH"},{"data":"Noxious Fumes","floor":49.0,"key":"SMITH"},{"floor":52.0,"key":"REST"}],"neow_cost":"NONE","seed_source_timestamp":0,"circlet_count":0,"master_deck":["Defend_G+1","Defend_G+1","Defend_G+1","Defend_G+1","Defend_G+1","Strike_G+1","Strike_G+1","Strike_G+1","Strike_G+1","Survivor+1","Neutralize+1","Infinite Blades+1","PiercingWail+1","Dagger Spray+1","Noxious Fumes+1","Slice+1","Dodge and Roll+1","After Image+1","Catalyst+1","Neutralize+1","Leg Sweep+1","Night Terror+1","Blur+1","Blur+1","Noxious Fumes+1","Writhe","Catalyst+1","PiercingWail+1","Caltrops+1","Parasite","Footwork+1","Noxious Fumes+1"],"special_seed":0,"relics":["Ring of the Snake","Pen Nib","Golden Idol","Bottled Tornado","Bottled Flame","Cursed Key","Nilry\u0027s Codex","Letter Opener","Eternal Feather","Mark of the Bloom","Membership Card","FossilizedHelix","Red Mask","Tough Bandages"],"potions_floor_usage":[54,55,55],"damage_taken":[{"damage":0.0,"enemies":"Small Slimes","floor":1.0,"turns":3.0},{"damage":0.0,"enemies":"2 Louse","floor":2.0,"turns":3.0},{"damage":1.0,"enemies":"Cultist","floor":3.0,"turns":4.0},{"damage":38.0,"enemies":"Lagavulin","floor":6.0,"turns":9.0},{"damage":5.0,"enemies":"Gremlin Nob","floor":11.0,"turns":5.0},{"damage":1.0,"enemies":"Red Slaver","floor":13.0,"turns":5.0},{"damage":0.0,"enemies":"Hexaghost","floor":16.0,"turns":10.0},{"damage":0.0,"enemies":"Spheric Guardian","floor":18.0,"turns":7.0},{"damage":14.0,"enemies":"2 Thieves","floor":20.0,"turns":4.0},{"damage":1.0,"enemies":"Cultist and Chosen","floor":22.0,"turns":6.0},{"damage":14.0,"enemies":"Snake Plant","floor":24.0,"turns":6.0},{"damage":0.0,"enemies":"Chosen and Byrds","floor":29.0,"turns":5.0},{"damage":10.0,"enemies":"3 Cultists","floor":30.0,"turns":5.0},{"damage":0.0,"enemies":"Centurion and Healer","floor":31.0,"turns":6.0},{"damage":29.0,"enemies":"Collector","floor":33.0,"turns":9.0},{"damage":0.0,"enemies":"3 Shapes","floor":35.0,"turns":4.0},{"damage":11.0,"enemies":"3 Darklings","floor":38.0,"turns":4.0},{"damage":0.0,"enemies":"Transient","floor":45.0,"turns":5.0},{"damage":0.0,"enemies":"Writhing Mass","floor":46.0,"turns":5.0},{"damage":0.0,"enemies":"Spire Growth","floor":48.0,"turns":9.0},{"damage":47.0,"enemies":"Awakened One","floor":50.0,"turns":13.0},{"damage":0,"enemies":"Shield and Spear","floor":54,"turns":5},{"damage":29,"enemies":"The Heart","floor":55,"turns":2}],"seed_played":"-1426461804867375400","potions_obtained":[{"floor":3.0,"key":"Regen Potion"},{"floor":6.0,"key":"Block Potion"},{"floor":13.0,"key":"Strength Potion"},{"floor":16.0,"key":"Poison Potion"},{"floor":54,"key":"Regen Potion"}],"is_trial":false,"path_per_floor":["M","M","M","?","$","E","?","R","T","R","E","R","M","$","R","B",null,"M","?","M","?","M","R","M","R","T","R","$","M","M","M","R","B",null,"M","?","$","M","$","R","?","R","T","?","M","M","$","M","R","B",null,"R","$","E","B"],"character_chosen":"THE_SILENT","items_purchased":["Noxious Fumes","Slice","GhostInAJar","Caltrops","Membership Card","Noxious Fumes"],"campfire_rested":3,"item_purchase_floors":[5,5,28,37,39,47],"current_hp_per_floor":[70,70,69,52,52,29,29,29,29,29,24,24,23,23,23,23,70,70,70,56,40,39,39,25,25,25,46,46,46,36,36,57,28,70,70,70,70,59,59,59,59,59,59,59,59,59,59,59,59,12,12,12,12,12,0],"gold":47,"neow_bonus":"RANDOM_COMMON_RELIC","is_prod":false,"is_daily":false,"chose_seed":false,"campfire_upgraded":8,"win_rate":1,"timestamp":1558822703,"path_taken":["M","M","M","?","$","E","?","R","T","R","E","R","?","?","R","BOSS","M","?","?","?","M","R","M","R","T","R","$","M","M","M","R","BOSS","M","?","$","M","$","R","?","R","T","?","M","M","?","M","R","BOSS","R","$","E","BOSS"],"build_version":"2019-01-23","purchased_purges":1,"victory":false,"max_hp_per_floor":[70,70,70,70,70,70,70,70,70,70,70,70,70,70,70,70,70,70,70,70,70,70,70,70,70,70,70,70,70,70,70,70,70,70,70,70,70,70,70,70,66,66,66,66,66,66,66,66,66,66,66,66,66,66,66],"card_choices":[{"not_picked":["Flying Knee","Quick Slash"],"picked":"Infinite Blades","floor":1.0},{"not_picked":["Backflip","Outmaneuver"],"picked":"PiercingWail","floor":2.0},{"not_picked":["Bane","Poisoned Stab"],"picked":"Dagger Spray","floor":3.0},{"not_picked":["Prepared","Finisher"],"picked":"Dodge and Roll","floor":6.0},{"not_picked":["Doppelganger","Dash"],"picked":"Leg Sweep","floor":11.0},{"not_picked":["Bane","Blade Dance","PiercingWail"],"picked":"SKIP","floor":13.0},{"not_picked":["Unload","Malaise"],"picked":"Night Terror","floor":16.0},{"not_picked":["Underhanded Strike+1","Blade Dance+1"],"picked":"Blur","floor":18.0},{"not_picked":["Quick Slash","Backstab","Dagger Throw"],"picked":"SKIP","floor":20.0},{"not_picked":["Poisoned Stab+1","Eviscerate"],"picked":"Blur","floor":22.0},{"not_picked":["Dodge and Roll","Outmaneuver"],"picked":"Noxious Fumes","floor":24.0},{"not_picked":["Deflect+1","Bane"],"picked":"Catalyst","floor":29.0},{"not_picked":["Deadly Poison","Reflex+1"],"picked":"PiercingWail+1","floor":30.0},{"not_picked":["Doppelganger","Underhanded Strike+1","Dagger Spray"],"picked":"SKIP","floor":31.0},{"not_picked":["Heel Hook+1","Outmaneuver+1","Flying Knee"],"picked":"SKIP","floor":35.0},{"not_picked":["Skewer+1","Slice","Blade Dance+1"],"picked":"SKIP","floor":38.0},{"not_picked":["Skewer+1","Sucker Punch+1","All Out Attack"],"picked":"SKIP","floor":45.0},{"not_picked":["Escape Plan+1","Dagger Throw"],"picked":"Footwork+1","floor":46.0},{"not_picked":["Skewer","Slice","Predator+1"],"picked":"SKIP","floor":48.0},{"not_picked":["Reflex","Flying Knee+1","Distraction"],"picked":"SKIP","floor":54}],"player_experience":16608,"relics_obtained":[{"floor":6.0,"key":"Bottled Tornado"},{"floor":11.0,"key":"Bottled Flame"},{"floor":21.0,"key":"Nilry\u0027s Codex"},{"floor":26.0,"key":"Letter Opener"},{"floor":43.0,"key":"FossilizedHelix"},{"floor":54,"key":"Tough Bandages"}],"event_choices":[{"damage_healed":0.0,"max_hp_gain":0.0,"max_hp_loss":0.0,"gold_gain":0.0,"event_name":"Golden Idol","player_choice":"Take Damage","floor":4.0,"gold_loss":0.0,"damage_taken":17.0,"relics_obtained":["Golden Idol"]},{"damage_healed":0.0,"max_hp_gain":0.0,"max_hp_loss":0.0,"gold_gain":0.0,"event_name":"Match and Keep!","player_choice":"3 cards matched","floor":7.0,"gold_loss":0.0,"damage_taken":0.0,"cards_obtained":["After Image","Catalyst","Neutralize"]},{"damage_healed":0.0,"max_hp_gain":0.0,"max_hp_loss":0.0,"gold_gain":0.0,"event_name":"N\u0027loth","player_choice":"Ignored","floor":19.0,"gold_loss":0.0,"damage_taken":0.0},{"damage_healed":0.0,"max_hp_gain":0.0,"max_hp_loss":0.0,"gold_gain":0.0,"event_name":"Cursed Tome","player_choice":"Obtained Book","floor":21.0,"gold_loss":0.0,"damage_taken":16.0},{"damage_healed":0.0,"max_hp_gain":0.0,"max_hp_loss":0.0,"gold_gain":0.0,"event_name":"MindBloom","player_choice":"Upgrade","floor":36.0,"gold_loss":0.0,"damage_taken":0.0,"cards_upgraded":["Defend_G","Defend_G","Defend_G","Defend_G","Defend_G","Strike_G","Strike_G","Strike_G","Strike_G","Survivor","Neutralize","Infinite Blades","PiercingWail","Dagger Spray","Slice","Dodge and Roll","Neutralize","Blur","Blur","Catalyst"],"relics_obtained":["Mark of the Bloom"]},{"damage_healed":0.0,"max_hp_gain":0.0,"max_hp_loss":4.0,"gold_gain":0.0,"event_name":"Winding Halls","player_choice":"Max HP","floor":41.0,"gold_loss":0.0,"damage_taken":0.0},{"damage_healed":0.0,"max_hp_gain":0.0,"max_hp_loss":0.0,"gold_gain":0.0,"event_name":"Tomb of Lord Red Mask","player_choice":"Paid","floor":44.0,"gold_loss":49.0,"damage_taken":0.0,"relics_obtained":["Red Mask"]}],"is_beta":false,"boss_relics":[{"not_picked":["White Beast Statue","Fusion Hammer"],"picked":"Cursed Key"},{"not_picked":["Orrery","Calling Bell"],"picked":"Eternal Feather"}],"items_purged_floors":[14],"is_endless":false,"potions_floor_spawned":[3,6,13,16,29,30,33,38,46,48,54],"killed_by":"The Heart","ascension_level":0}