{"gold_per_floor":[111,111,23,47,60,87,87,98,153,187,187,197,31,306,306,410,410,422,422,422,142,154,187,187],"floor_reached":24,"playtime":1455,"items_purged":[],"score":395,"play_id":"0ef31eaf-2c47-48d2-a43a-ddc59611bb15","local_time":"20190503003832","is_ascension_mode":true,"campfire_choices":[{"data":"Neutralize","floor":7,"key":"SMITH"},{"data":"Infinite Blades","floor":11,"key":"SMITH"},{"data":"Cloak And Dagger","floor":15,"key":"SMITH"}],"neow_cost":"NONE","seed_source_timestamp":5052119064013224,"circlet_count":0,"master_deck":["AscendersBane","Defend_G","Defend_G","Defend_G","Defend_G","Strike_G","Strike_G","Strike_G","Strike_G","Survivor","Neutralize+1","Backflip","Infinite Blades+1","PiercingWail","Accuracy","Accuracy","Cloak And Dagger+1","Bouncing Flask","Noxious Fumes","Finesse","A Thousand Cuts","Sucker Punch+1","Footwork","Corpse Explosion"],"relics":["Ring of the Snake","NeowsBlessing","Happy Flower","Bag of Marbles","Vajra","Bag of Preparation","Empty Cage","Paper Crane","Darkstone Periapt"],"potions_floor_usage":[10,10],"damage_taken":[{"damage":0,"enemies":"Small Slimes","floor":1,"turns":1},{"damage":0,"enemies":"Cultist","floor":5,"turns":1},{"damage":0,"enemies":"3 Sentries","floor":6,"turns":1},{"damage":1,"enemies":"Jaw Worm","floor":8,"turns":5},{"damage":2,"enemies":"Gremlin Nob","floor":10,"turns":4},{"damage":1,"enemies":"Exordium Wildlife","floor":12,"turns":3},{"damage":35,"enemies":"Slime Boss","floor":16,"turns":7},{"damage":5,"enemies":"Shell Parasite","floor":18,"turns":7},{"damage":0,"enemies":"Spheric Guardian","floor":22,"turns":3},{"damage":53,"enemies":"Gremlin Leader","floor":23,"turns":7},{"damage":4,"enemies":"Snecko","floor":24,"turns":3}],"seed_played":"7300177682731454328","potions_obtained":[{"floor":6,"key":"Weak Potion"},{"floor":8,"key":"EssenceOfSteel"}],"is_trial":false,"path_per_floor":["M","?","$","T","M","E","R","M","T","E","R","M","$","?","R","B",null,"M","?","?","$","M","E","M"],"character_chosen":"THE_SILENT","items_purchased":["PiercingWail","Accuracy","Noxious Fumes","Finesse","Footwork","Paper Crane"],"campfire_rested":0,"item_purchase_floors":[3,3,13,13,21,21],"current_hp_per_floor":[63,63,63,63,63,63,63,62,62,60,60,59,59,59,59,24,59,54,54,54,54,54,1,0],"gold":187,"neow_bonus":"THREE_ENEMY_KILL","is_prod":false,"is_daily":false,"chose_seed":false,"campfire_upgraded":3,"win_rate":0,"timestamp":1556858312,"path_taken":["M","?","?","?","?","E","R","M","T","E","R","M","$","?","R","BOSS","M","?","?","$","M","E","M"],"build_version":"2019-01-23","purchased_purges":0,"victory":false,"max_hp_per_floor":[70,70,70,70,70,70,70,70,70,70,70,70,70,70,70,70,70,70,70,70,70,70,70,70],"card_choices":[{"not_picked":["Caltrops","Cloak And Dagger"],"picked":"Backflip","floor":1},{"not_picked":["Quick Slash","Dagger Throw"],"picked":"Accuracy","floor":5},{"not_picked":["Backflip","PiercingWail"],"picked":"Cloak And Dagger","floor":6},{"not_picked":["Acrobatics","Deflect","Reflex"],"picked":"SKIP","floor":8},{"not_picked":["Poisoned Stab","Phantasmal Killer","Dodge and Roll"],"picked":"SKIP","floor":10},{"not_picked":["Poisoned Stab","Deflect"],"picked":"Bouncing Flask","floor":12},{"not_picked":["Malaise","Glass Knife"],"picked":"A Thousand Cuts","floor":16},{"not_picked":["Blade Dance","Dagger Throw"],"picked":"Sucker Punch+1","floor":18},{"not_picked":["Dagger Throw","Acrobatics"],"picked":"Corpse Explosion","floor":22},{"not_picked":["Distraction+1","Choke","Underhanded Strike"],"picked":"SKIP","floor":23}],"player_experience":256693,"relics_obtained":[{"floor":4,"key":"Happy Flower"},{"floor":6,"key":"Bag of Marbles"},{"floor":9,"key":"Vajra"},{"floor":10,"key":"Bag of Preparation"},{"floor":23,"key":"Darkstone Periapt"}],"event_choices":[{"damage_healed":0,"gold_gain":0,"cards_transformed":["Defend_G"],"player_choice":"Transformed","damage_taken":0,"max_hp_gain":0,"max_hp_loss":0,"event_name":"Transmorgrifier","floor":2,"gold_loss":0,"cards_obtained":["Infinite Blades"]},{"damage_healed":0,"gold_gain":275,"player_choice":"Desecrate","damage_taken":0,"max_hp_gain":0,"max_hp_loss":0,"event_name":"Golden Shrine","floor":14,"gold_loss":0,"cards_obtained":["Regret"]},{"damage_healed":0,"gold_gain":0,"player_choice":"Ignored","damage_taken":0,"max_hp_gain":0,"max_hp_loss":0,"event_name":"Beggar","floor":19,"gold_loss":0},{"damage_healed":0,"gold_gain":0,"player_choice":"Ignored","damage_taken":0,"max_hp_gain":0,"max_hp_loss":0,"event_name":"Vampires","floor":20,"gold_loss":0}],"is_beta":false,"boss_relics":[{"not_picked":["White Beast Statue","Orrery"],"picked":"Empty Cage"}],"items_purged_floors":[],"is_endless":false,"potions_floor_spawned":[6,8],"killed_by":"Snecko","ascension_level":12}