{"gold_per_floor":[119,135,155,185,203,235,235,160,160,7,38,213,224,258,258,258],"floor_reached":16,"playtime":1173,"items_purged":["Strike_R","Regret"],"score":126,"play_id":"d0724f9d-f9f5-442b-9779-5f9b154b9444","local_time":"20190517235252","is_ascension_mode":true,"campfire_choices":[{"floor":7,"key":"REST"},{"floor":15,"key":"REST"}],"neow_cost":"NONE","seed_source_timestamp":160448853640200,"circlet_count":0,"master_deck":["Strike_R","Strike_R","Strike_R","Strike_R","Defend_R","Defend_R","Defend_R","Defend_R+1","Bash","Heavy Blade","Seeing Red","Warcry","Headbutt","Limit Break","True Grit+1","Armaments","Doubt","Pummel","Reaper"],"relics":["Cursed Key","Tiny Chest","Pear","Matryoshka","War Paint"],"potions_floor_usage":[14,16,16],"damage_taken":[{"damage":6,"enemies":"Cultist","floor":1,"turns":4},{"damage":0,"enemies":"2 Louse","floor":2,"turns":2},{"damage":6,"enemies":"Jaw Worm","floor":3,"turns":3},{"damage":2,"enemies":"Large Slime","floor":5,"turns":5},{"damage":34,"enemies":"3 Sentries","floor":6,"turns":9},{"damage":21,"enemies":"Lagavulin","floor":11,"turns":5},{"damage":12,"enemies":"Blue Slaver","floor":13,"turns":4},{"damage":23,"enemies":"3 Sentries","floor":14,"turns":14},{"damage":48,"enemies":"Slime Boss","floor":16,"turns":14}],"seed_played":"-3096340501345640927","potions_obtained":[{"floor":2,"key":"Weak Potion"},{"floor":3,"key":"Block Potion"},{"floor":6,"key":"Weak Potion"}],"is_trial":false,"path_per_floor":["M","M","M","?","M","E","R","$","T","$","E","?","M","E","R","B"],"character_chosen":"IRONCLAD","items_purchased":["True Grit"],"campfire_rested":2,"item_purchase_floors":[10],"current_hp_per_floor":[74,74,68,61,59,35,62,62,62,62,41,41,29,6,33,0],"gold":258,"neow_bonus":"BOSS_RELIC","is_prod":false,"is_daily":false,"chose_seed":false,"campfire_upgraded":0,"win_rate":0,"timestamp":1558155172,"path_taken":["M","?","M","?","M","E","R","$","T","$","E","?","M","E","R","BOSS"],"build_version":"2019-01-23","purchased_purges":2,"victory":false,"max_hp_per_floor":[80,80,80,80,80,90,90,90,90,90,90,90,90,90,90,90],"card_choices":[{"not_picked":["Intimidate","Seeing Red"],"picked":"Heavy Blade","floor":1},{"not_picked":["Body Slam","Cleave"],"picked":"Seeing Red","floor":2},{"not_picked":["Havoc","Perfected Strike"],"picked":"Warcry","floor":3},{"not_picked":["Wild Strike","Sword Boomerang"],"picked":"Headbutt","floor":5},{"not_picked":["Perfected Strike","Clothesline"],"picked":"Limit Break","floor":6},{"not_picked":["Perfected Strike","Thunderclap"],"picked":"Armaments","floor":11},{"not_picked":["Warcry","Power Through"],"picked":"Pummel","floor":13},{"not_picked":["Second Wind","Clash"],"picked":"Reaper","floor":14}],"player_experience":191854,"relics_obtained":[{"floor":6,"key":"Pear"},{"floor":11,"key":"Matryoshka"},{"floor":14,"key":"War Paint"}],"event_choices":[{"damage_healed":0,"gold_gain":0,"player_choice":"Success","damage_taken":7,"relics_obtained":["Tiny Chest"],"max_hp_gain":0,"max_hp_loss":0,"event_name":"Scrap Ooze","floor":4,"gold_loss":0},{"damage_healed":0,"gold_gain":175,"player_choice":"AGREE","damage_taken":0,"max_hp_gain":0,"max_hp_loss":0,"event_name":"Liars Game","floor":12,"gold_loss":0,"cards_obtained":["Doubt"]}],"is_beta":false,"boss_relics":[],"items_purged_floors":[8,10],"is_endless":false,"potions_floor_spawned":[2,3,6],"killed_by":"Slime Boss","ascension_level":1}