{"path_per_floor":["M","M","?","M","M","E","M","R","T","?","T","$","M","M","R","B",null,"M","$","?","?","?","R","M","$","T","M","$","?","M","M","R","B",null,"M","?","M","?","$","R","E","R","T","R","$","M","M","?","R"],"character_chosen":"IRONCLAD","items_purchased":["Orichalcum","Thunderclap","Warcry"],"gold_per_floor":[117,129,129,141,160,195,206,206,206,281,281,31,45,55,55,151,151,161,61,61,61,61,61,72,72,72,92,40,40,53,71,71,176,176,196,196,215,215,90,90,115,115,168,168,18,31,41,41,41],"floor_reached":50,"campfire_rested":5,"playtime":3348,"current_hp_per_floor":[78,71,71,77,62,41,41,65,65,54,68,68,70,54,54,16,94,89,89,89,89,89,89,90,90,90,67,67,72,67,43,73,35,103,57,83,86,86,86,86,62,94,94,109,109,109,64,64,97],"items_purged":["Defend_R","Strike_R","Rage","Defend_R"],"gold":41,"play_id":"23630b24-6b0c-4dd2-938c-6cd08d13d4dc","is_prod":false,"is_daily":false,"is_ascension_mode":false,"campfire_upgraded":0,"path_taken":["M","M","?","?","?","E","M","R","T","?","?","$","M","M","R","BOSS","M","$","?","?","?","R","M","?","T","M","$","?","M","M","R","BOSS","M","?","M","?","$","R","E","R","T","R","$","M","?","?","R","BOSS"],"build_version":"2018-02-01-PROD3","purchased_purges":4,"victory":false,"master_deck":["Strike_R","Strike_R","Defend_R","Defend_R","Bash","Pommel Strike","Pommel Strike","Cleave","Twin Strike","Thunderclap","Feed","True Grit","Spot Weakness","Warcry+1","Headbutt+1","Impervious","Spot Weakness","Burning Pact","Thunderclap+1","Bloodletting","Armaments","Seeing Red"],"max_hp_per_floor":[80,80,80,80,80,80,80,80,80,80,94,94,94,94,94,94,94,97,97,97,97,97,97,100,100,100,100,100,100,100,103,103,103,103,106,106,106,106,106,106,109,109,109,109,109,109,112,112,112],"relics":["Black Blood","Omamori","Bottled Lightning","Girya","Mango","Orichalcum","Vajra","Mark of Pain","Toolbox","Dream Catcher"],"card_choices":[{"not_picked":["True Grit","Clothesline"],"picked":"Pommel Strike"},{"not_picked":["Perfected Strike","True Grit"],"picked":"Pommel Strike"},{"not_picked":["Disarm","Reckless Charge"],"picked":"Cleave"},{"not_picked":["Flex","True Grit"],"picked":"Twin Strike"},{"not_picked":["Flame Barrier","Armaments"],"picked":"Rage"},{"not_picked":["Juggernaut","Double Tap"],"picked":"Feed"},{"not_picked":["Whirlwind","Body Slam"],"picked":"True Grit"},{"not_picked":["Searing Blow","Body Slam"],"picked":"Iron Wave"},{"not_picked":["Bloodletting","Clothesline"],"picked":"Spot Weakness"},{"not_picked":["Rage","Anger"],"picked":"Warcry"},{"not_picked":["Flex","Infernal Blade"],"picked":"Headbutt"},{"not_picked":["Barricade","Demon Form"],"picked":"Impervious"},{"not_picked":["Flex","Sword Boomerang"],"picked":"Spot Weakness"},{"not_picked":["Twin Strike","True Grit"],"picked":"Burning Pact"},{"not_picked":["Burning Pact","Blood for Blood"],"picked":"Thunderclap"},{"not_picked":["Sword Boomerang","Twin Strike"],"picked":"Bloodletting"},{"not_picked":["Flame Barrier","True Grit"],"picked":"Armaments"},{"not_picked":["Thunderclap","Cleave"],"picked":"Seeing Red"}],"player_experience":21927,"potions_floor_usage":[16,30,33,50,50],"damage_taken":[{"damage":8,"enemies":"Jaw Worm","floor":1,"turns":4},{"damage":13,"enemies":"Blue Slaver","floor":2,"turns":5},{"damage":0,"enemies":"Small Slimes","floor":4,"turns":3},{"damage":21,"enemies":"Exordium Thugs","floor":5,"turns":4},{"damage":27,"enemies":"Gremlin Nob","floor":6,"turns":4},{"damage":6,"enemies":"2 Fungi Beasts","floor":7,"turns":3},{"damage":4,"enemies":"Looter","floor":13,"turns":2},{"damage":22,"enemies":"Exordium Thugs","floor":14,"turns":4},{"damage":44,"enemies":"Hexaghost","floor":16,"turns":9},{"damage":18,"enemies":"Shell Parasite","floor":18,"turns":5},{"damage":12,"enemies":"Chosen","floor":24,"turns":3},{"damage":33,"enemies":"Snake Plant","floor":27,"turns":5},{"damage":15,"enemies":"Cultist and Chosen","floor":30,"turns":4},{"damage":37,"enemies":"Slaver and Parasite","floor":31,"turns":4},{"damage":48,"enemies":"Champ","floor":33,"turns":11},{"damage":59,"enemies":"3 Shapes","floor":35,"turns":5},{"damage":7,"enemies":"Orb Walker","floor":37,"turns":3},{"damage":37,"enemies":"2 Orb Walkers","floor":41,"turns":4},{"damage":9,"enemies":"3 Darklings","floor":46,"turns":3},{"damage":58,"enemies":"4 Shapes","floor":47,"turns":5},{"damage":113,"enemies":"Time Eater","floor":50,"turns":9}],"event_choices":[{"event_name":"Living Wall","player_choice":"Forget","floor":3,"damage_taken":0},{"event_name":"World of Goop","player_choice":"Gather Gold","floor":10,"damage_taken":0},{"event_name":"Back to Basics","player_choice":"Elegance","floor":20,"damage_taken":0},{"event_name":"Addict","player_choice":"Ignored","floor":21,"damage_taken":0},{"event_name":"The Mausoleum","player_choice":"No","floor":22,"damage_taken":0},{"event_name":"Bonfire Elementals","player_choice":"COMMON","floor":29,"damage_taken":0},{"event_name":"Winding Halls","player_choice":"Writhe","floor":36,"damage_taken":0},{"event_name":"Tomb of Lord Red Mask","player_choice":"Ignored","floor":38,"damage_taken":0}],"boss_relics":[{"not_picked":["Runic Dome","Calling Bell"],"picked":"Black Blood"},{"not_picked":["Tiny House","Philosopher\u0027s Stone"],"picked":"Mark of Pain"}],"potions_floor_spawned":[4,5,7,24,27,33,35,41],"seed_played":"8850597120257964939","killed_by":"Time Eater","ascension_level":0,"is_trial":false}