{"gold_per_floor":[118,118,118,129,129,129,156,27,103,137,147,97,132,143,143,238,238,257,13,29,0,10,45,45,64,64,64,99,99,99,99,99,203,203,223,223,223,223,123,150,170,170,219,235,63,63,74,94,94,94],"floor_reached":51,"playtime":1673,"items_purged":["Strike_B","Defend_B","Defend_B"],"score":831,"play_id":"182e9c09-ff10-4ef2-9c16-8e2f6cef4639","local_time":"20190526020944","is_ascension_mode":false,"campfire_choices":[{"data":"Defragment","floor":6,"key":"SMITH"},{"floor":15,"key":"REST"},{"data":"Scrape","floor":24,"key":"SMITH"},{"floor":29,"key":"REST"},{"data":"Creative AI","floor":32,"key":"SMITH"},{"floor":42,"key":"REST"},{"data":"Thunder Strike","floor":46,"key":"SMITH"},{"floor":49,"key":"REST"}],"neow_cost":"NONE","seed_source_timestamp":327793378102273,"circlet_count":0,"master_deck":["Strike_B+1","Defend_B","Zap+1","Dualcast","Defragment+1","Beam Cell","Gash","Gash","Cold Snap","Hologram","Scrape+1","Creative AI+1","Compile Driver+1","Gash","Doom and Gloom","Hologram+1","Electrodynamics","Leap","Sweeping Beam","Defragment+1","Thunder Strike+1","Steam+1","Hologram+1","Go for the Eyes","Loop","Leap","Hello World","Leap+1"],"relics":["Cracked Core","NeowsBlessing","Mercury Hourglass","Centennial Puzzle","Ornamental Fan","Regal Pillow","Oddly Smooth Stone","Sozu","HandDrill","Pantograph","Bag of Marbles","Vajra","PreservedInsect","Empty Cage","Boot","Mummified Hand","Happy Flower"],"potions_floor_usage":[13,23,25],"damage_taken":[{"damage":0,"enemies":"Jaw Worm","floor":1,"turns":1},{"damage":0,"enemies":"Small Slimes","floor":4,"turns":1},{"damage":0,"enemies":"3 Sentries","floor":7,"turns":1},{"damage":12,"enemies":"Lagavulin","floor":10,"turns":4},{"damage":0,"enemies":"Cultist","floor":11,"turns":2},{"damage":0,"enemies":"Gremlin Nob","floor":13,"turns":2},{"damage":0,"enemies":"Large Slime","floor":14,"turns":3},{"damage":0,"enemies":"Slime Boss","floor":16,"turns":6},{"damage":0,"enemies":"Spheric Guardian","floor":18,"turns":3},{"damage":0,"enemies":"Chosen","floor":20,"turns":3},{"damage":6,"enemies":"Centurion and Healer","floor":22,"turns":3},{"damage":18,"enemies":"Slavers","floor":23,"turns":3},{"damage":4,"enemies":"Snecko","floor":25,"turns":4},{"damage":26,"enemies":"Book of Stabbing","floor":28,"turns":5},{"damage":23,"enemies":"Automaton","floor":33,"turns":7},{"damage":27,"enemies":"3 Darklings","floor":35,"turns":3},{"damage":20,"enemies":"Giant Head","floor":40,"turns":6},{"damage":11,"enemies":"3 Shapes","floor":41,"turns":4},{"damage":4,"enemies":"Maw","floor":44,"turns":5},{"damage":24,"enemies":"3 Darklings","floor":47,"turns":3},{"damage":12,"enemies":"Spire Growth","floor":48,"turns":4},{"damage":42,"enemies":"Donu and Deca","floor":50,"turns":6}],"seed_played":"207888076223385317","potions_obtained":[{"floor":1,"key":"Explosive Potion"},{"floor":7,"key":"Fire Potion"},{"floor":10,"key":"SpeedPotion"}],"is_trial":false,"path_per_floor":["M","?","?","M","?","R","E","$","T","E","M","?","E","M","R","B",null,"M","$","M","?","M","E","R","M","T","?","E","R","?","$","R","B",null,"M","?","T","?","$","E","M","R","T","M","$","R","M","M","R","B",null],"character_chosen":"DEFECT","items_purchased":["Gash","HandDrill","Gash","Leap"],"campfire_rested":4,"item_purchase_floors":[8,19,19,45],"current_hp_per_floor":[75,63,75,75,60,60,60,60,60,48,48,48,48,48,75,75,75,75,75,75,75,69,51,51,47,47,47,21,58,58,58,58,52,75,48,48,48,48,48,28,17,54,54,50,50,50,26,14,51,33],"gold":94,"neow_bonus":"THREE_ENEMY_KILL","is_prod":false,"is_daily":false,"chose_seed":false,"campfire_upgraded":4,"win_rate":0.0,"timestamp":1558854584,"path_taken":["M","?","?","?","?","R","E","?","T","E","M","?","E","M","R","BOSS","M","$","M","?","M","E","R","M","T","?","E","R","?","$","R","BOSS","M","?","?","?","?","E","M","R","T","M","$","R","M","M","R","BOSS"],"build_version":"2019-01-23","purchased_purges":3,"victory":true,"max_hp_per_floor":[75,75,75,75,75,75,75,75,75,75,75,75,75,75,75,75,75,75,75,75,75,75,75,75,75,75,75,75,75,75,75,75,75,75,75,75,75,75,75,75,75,75,75,75,75,75,75,75,75,75],"card_choices":[{"not_picked":["Loop","Self Repair"],"picked":"Defragment","floor":1},{"not_picked":["Storm","Streamline"],"picked":"Beam Cell","floor":4},{"not_picked":["Barrage","Conserve Battery"],"picked":"Gash","floor":7},{"not_picked":["Go for the Eyes","Steam"],"picked":"Cold Snap","floor":10},{"not_picked":["Streamline","Beam Cell"],"picked":"Hologram","floor":11},{"not_picked":["BootSequence","Rainbow"],"picked":"Scrape","floor":13},{"not_picked":["Consume","Beam Cell","Streamline"],"picked":"SKIP","floor":14},{"not_picked":["Machine Learning","Amplify"],"picked":"Creative AI","floor":16},{"not_picked":["Beam Cell","Stack"],"picked":"Compile Driver+1","floor":18},{"not_picked":["Conserve Battery","Compile Driver"],"picked":"Doom and Gloom","floor":20},{"not_picked":["Barrage","Rip and Tear"],"picked":"Hologram+1","floor":22},{"not_picked":["Lockon","Rainbow"],"picked":"Electrodynamics","floor":23},{"not_picked":["Steam","Sweeping Beam"],"picked":"Leap","floor":25},{"not_picked":["Creative AI","Coolheaded"],"picked":"Sweeping Beam","floor":28},{"not_picked":["Creative AI","Electrodynamics"],"picked":"Thunder Strike","floor":33},{"not_picked":["Tempest+1","Darkness+1"],"picked":"Steam+1","floor":35},{"not_picked":["Heatsinks","Fusion+1"],"picked":"Hologram+1","floor":40},{"not_picked":["Darkness+1","Capacitor"],"picked":"Go for the Eyes","floor":41},{"not_picked":["Darkness+1","Gash+1"],"picked":"Loop","floor":44},{"not_picked":["Cold Snap+1","Go for the Eyes"],"picked":"Hello World","floor":47},{"not_picked":["Consume","Cold Snap"],"picked":"Leap+1","floor":48}],"player_experience":3593,"relics_obtained":[{"floor":7,"key":"Centennial Puzzle"},{"floor":9,"key":"Ornamental Fan"},{"floor":10,"key":"Regal Pillow"},{"floor":13,"key":"Oddly Smooth Stone"},{"floor":23,"key":"Pantograph"},{"floor":26,"key":"Bag of Marbles"},{"floor":28,"key":"PreservedInsect"},{"floor":37,"key":"Boot"},{"floor":40,"key":"Mummified Hand"},{"floor":43,"key":"Happy Flower"}],"event_choices":[{"damage_healed":0,"gold_gain":0,"player_choice":"Success","damage_taken":12,"relics_obtained":["Mercury Hourglass"],"max_hp_gain":0,"max_hp_loss":0,"event_name":"Scrap Ooze","floor":2,"gold_loss":0},{"damage_healed":12,"gold_gain":0,"player_choice":"Full Heal","damage_taken":0,"max_hp_gain":0,"max_hp_loss":0,"event_name":"Wheel of Change","floor":3,"gold_loss":0},{"damage_healed":0,"gold_gain":0,"player_choice":"Entered Light","damage_taken":15,"max_hp_gain":0,"max_hp_loss":0,"event_name":"Shining Light","floor":5,"gold_loss":0,"cards_upgraded":["Strike_B","Zap"]},{"cards_removed":["Strike_B"],"damage_healed":0,"gold_gain":0,"player_choice":"Card Removal","damage_taken":0,"max_hp_gain":0,"max_hp_loss":0,"event_name":"The Cleric","floor":12,"gold_loss":50},{"damage_healed":0,"gold_gain":0,"player_choice":"Paid Fearfully","damage_taken":0,"max_hp_gain":0,"max_hp_loss":0,"event_name":"Masked Bandits","floor":21,"gold_loss":29},{"damage_healed":0,"gold_gain":0,"player_choice":"Stole Relic","damage_taken":0,"relics_obtained":["Vajra"],"max_hp_gain":0,"max_hp_loss":0,"event_name":"Addict","floor":27,"gold_loss":0,"cards_obtained":["Shame"]},{"damage_healed":0,"gold_gain":0,"player_choice":"Copied","damage_taken":0,"max_hp_gain":0,"max_hp_loss":0,"event_name":"Duplicator","floor":30,"gold_loss":0,"cards_obtained":["Defragment"]},{"cards_removed":["Defend_B"],"damage_healed":0,"gold_gain":0,"player_choice":"Removed Skill","damage_taken":0,"max_hp_gain":0,"max_hp_loss":0,"event_name":"Falling","floor":36,"gold_loss":0},{"damage_healed":0,"gold_gain":0,"player_choice":"Ignored","damage_taken":0,"max_hp_gain":0,"max_hp_loss":0,"event_name":"Tomb of Lord Red Mask","floor":38,"gold_loss":0}],"is_beta":false,"boss_relics":[{"not_picked":["Eternal Feather","Lizard Tail"],"picked":"Sozu"},{"not_picked":["Runic Pyramid","Velvet Choker"],"picked":"Empty Cage"}],"items_purged_floors":[8,39,45],"is_endless":false,"potions_floor_spawned":[1,7,10,23,28,35,41],"ascension_level":0}