{"gold_per_floor":[111,111,124,141,141,141,167,23,76,76,108,124,144,144,144,246,296,310,235,245,3,3,3,36,50,50,50,50,83,102,179,179,279,279,292,304,304,321,40,40,74,74,125,125,136,164,164,177,177,177],"floor_reached":51,"playtime":3125,"items_purged":[],"score":1069,"play_id":"1b6fa136-b098-41b2-8612-78cb79290437","local_time":"20190326012222","is_ascension_mode":true,"campfire_choices":[{"data":"Defragment","floor":6,"key":"SMITH"},{"floor":15,"key":"REST"},{"data":"Biased Cognition","floor":23,"key":"SMITH"},{"data":"Conserve Battery","floor":28,"key":"SMITH"},{"data":"Echo Form","floor":32,"key":"SMITH"},{"data":"Defragment","floor":40,"key":"SMITH"},{"floor":44,"key":"REST"},{"floor":47,"key":"DIG"},{"floor":49,"key":"DIG"}],"neow_cost":"NONE","seed_source_timestamp":440085829441663,"circlet_count":0,"master_deck":["Strike_B","Strike_B","Defend_B","Defend_B","Defend_B","Defend_B","Zap+1","Dualcast","Ball Lightning","Defragment+1","Ball Lightning","White Noise","Biased Cognition+1","Electrodynamics","Conserve Battery+1","Electrodynamics","Stack","Ball Lightning+1","Cold Snap+1","Cold Snap+1","Leap+1","Echo Form+1","Seek+1","Conserve Battery+1","Defragment+1","Jack Of All Trades+1","Leap+1"],"relics":["Cracked Core","Anchor","Potion Belt","Vajra","WarpedTongs","Regal Pillow","Tiny House","Shuriken","Toxic Egg 2","FossilizedHelix","Boot","Busted Crown","Lantern","Shovel","Art of War","Gremlin Horn","Happy Flower","Nunchaku"],"potions_floor_usage":[13,24,29,41,45,46,50,50,50,50],"damage_taken":[{"damage":2,"enemies":"Jaw Worm","floor":1,"turns":2},{"damage":1,"enemies":"Cultist","floor":3,"turns":3},{"damage":0,"enemies":"2 Louse","floor":4,"turns":2},{"damage":25,"enemies":"Lagavulin","floor":7,"turns":5},{"damage":21,"enemies":"Gremlin Nob","floor":11,"turns":3},{"damage":3,"enemies":"2 Fungi Beasts","floor":12,"turns":2},{"damage":2,"enemies":"Red Slaver","floor":13,"turns":2},{"damage":6,"enemies":"The Guardian","floor":16,"turns":8},{"damage":2,"enemies":"2 Thieves","floor":18,"turns":2},{"damage":4,"enemies":"Shell Parasite","floor":20,"turns":3},{"damage":0,"enemies":"Gremlin Leader","floor":24,"turns":4},{"damage":0,"enemies":"Cultist and Chosen","floor":25,"turns":4},{"damage":0,"enemies":"Slavers","floor":29,"turns":3},{"damage":0,"enemies":"Chosen and Byrds","floor":30,"turns":4},{"damage":25,"enemies":"Automaton","floor":33,"turns":7},{"damage":0,"enemies":"3 Shapes","floor":35,"turns":2},{"damage":0,"enemies":"Orb Walker","floor":36,"turns":2},{"damage":0,"enemies":"Transient","floor":38,"turns":5},{"damage":0,"enemies":"Giant Head","floor":41,"turns":8},{"damage":0,"enemies":"4 Shapes","floor":45,"turns":2},{"damage":0,"enemies":"Reptomancer","floor":46,"turns":4},{"damage":0,"enemies":"Maw","floor":48,"turns":5},{"damage":36,"enemies":"Donu and Deca","floor":50,"turns":9}],"seed_played":"-4111853536697882310","potions_obtained":[{"floor":1,"key":"Energy Potion"},{"floor":4,"key":"Energy Potion"},{"floor":12,"key":"SteroidPotion"},{"floor":17,"key":"SneckoOil"},{"floor":24,"key":"FearPotion"},{"floor":25,"key":"Ancient Potion"},{"floor":29,"key":"SkillPotion"},{"floor":30,"key":"Block Potion"},{"floor":38,"key":"Dexterity Potion"},{"floor":41,"key":"Dexterity Potion"},{"floor":48,"key":"Weak Potion"}],"is_trial":false,"path_per_floor":["M","?","M","M","?","R","E","$","T","?","E","M","M","?","R","B",null,"M","?","M","$","?","R","E","M","T","?","R","E","M","T","R","B",null,"M","M","?","M","$","R","E","?","T","R","M","E","R","M","R","B",null],"character_chosen":"DEFECT","items_purchased":["Biased Cognition","Ancient Potion","Shuriken","Lantern","Conserve Battery+1","Defragment"],"campfire_rested":2,"item_purchase_floors":[8,8,21,39,39,39],"current_hp_per_floor":[66,66,65,65,58,58,33,33,33,33,12,9,7,7,44,38,71,69,69,65,65,65,65,65,65,65,65,65,65,65,65,65,40,70,70,70,70,70,70,70,70,60,60,80,80,80,80,80,80,44],"gold":177,"neow_bonus":"RANDOM_COMMON_RELIC","is_prod":false,"is_daily":false,"chose_seed":false,"campfire_upgraded":5,"win_rate":0,"timestamp":1553577742,"path_taken":["M","?","?","M","?","R","E","$","T","?","E","M","?","?","R","BOSS","M","?","M","$","?","R","E","M","T","?","R","E","?","?","R","BOSS","M","M","?","M","$","R","E","?","T","R","M","E","R","?","R","BOSS"],"build_version":"2019-01-23","purchased_purges":0,"victory":true,"max_hp_per_floor":[75,75,75,75,75,75,75,75,75,75,75,75,75,75,75,75,80,80,80,80,80,80,80,80,80,80,80,80,80,80,80,80,80,80,80,80,80,80,80,80,80,80,80,80,80,80,80,80,80,80],"card_choices":[{"not_picked":["Leap","Coolheaded"],"picked":"Ball Lightning","floor":1},{"not_picked":["Sweeping Beam","Cold Snap"],"picked":"Defragment","floor":3},{"not_picked":["Consume","Sweeping Beam"],"picked":"Ball Lightning","floor":4},{"not_picked":["Beam Cell","Barrage"],"picked":"White Noise","floor":7},{"not_picked":["Rebound","Blizzard"],"picked":"Electrodynamics","floor":11},{"not_picked":["Sweeping Beam","Steam"],"picked":"Conserve Battery","floor":12},{"not_picked":["Skim","White Noise"],"picked":"Leap","floor":13},{"not_picked":["Reboot","All For One"],"picked":"Electrodynamics","floor":16},{"not_picked":["Leap","Steam Power"],"picked":"Stack","floor":17},{"not_picked":["Go for the Eyes","Barrage"],"picked":"Ball Lightning+1","floor":18},{"not_picked":["Gash","Rebound"],"picked":"Cold Snap+1","floor":20},{"not_picked":["Streamline","Glacier"],"picked":"Cold Snap+1","floor":24},{"not_picked":["Stack+1","Streamline+1"],"picked":"Leap+1","floor":25},{"not_picked":["Ball Lightning","Storm"],"picked":"Echo Form","floor":29},{"not_picked":["Chaos+1","Coolheaded+1","Chill+1"],"picked":"SKIP","floor":30},{"not_picked":["All For One","Hyperbeam"],"picked":"Seek+1","floor":33},{"not_picked":["Leap+1"],"picked":"SKIP","floor":35},{"not_picked":["Lockon"],"picked":"SKIP","floor":36},{"not_picked":["Ball Lightning"],"picked":"SKIP","floor":38},{"not_picked":["Consume+1"],"picked":"SKIP","floor":41},{"not_picked":[],"picked":"Jack Of All Trades+1","floor":42},{"not_picked":[],"picked":"Leap+1","floor":45},{"not_picked":["Heatsinks+1"],"picked":"SKIP","floor":46},{"not_picked":["FTL"],"picked":"SKIP","floor":48}],"player_experience":212407,"relics_obtained":[{"floor":7,"key":"Potion Belt"},{"floor":9,"key":"Vajra"},{"floor":11,"key":"Regal Pillow"},{"floor":24,"key":"Toxic Egg 2"},{"floor":26,"key":"FossilizedHelix"},{"floor":29,"key":"Boot"},{"floor":41,"key":"Shovel"},{"floor":43,"key":"Art of War"},{"floor":46,"key":"Gremlin Horn"},{"floor":47,"key":"Happy Flower"},{"floor":49,"key":"Nunchaku"}],"event_choices":[{"cards_removed":["Strike_B"],"damage_healed":0,"gold_gain":0,"player_choice":"Offered Basic","damage_taken":0,"max_hp_gain":0,"max_hp_loss":0,"event_name":"Bonfire Elementals","floor":2,"gold_loss":0},{"cards_removed":["Strike_B"],"damage_healed":0,"gold_gain":0,"player_choice":"Card Removal","damage_taken":7,"max_hp_gain":0,"max_hp_loss":0,"event_name":"Golden Wing","floor":5,"gold_loss":0},{"damage_healed":0,"gold_gain":0,"player_choice":"Rummage","damage_taken":0,"relics_obtained":["WarpedTongs"],"max_hp_gain":0,"max_hp_loss":0,"event_name":"Accursed Blacksmith","floor":10,"gold_loss":0,"cards_obtained":["Pain"]},{"damage_healed":0,"gold_gain":0,"player_choice":"Ignored","damage_taken":0,"max_hp_gain":0,"max_hp_loss":0,"event_name":"Shining Light","floor":14,"gold_loss":0},{"cards_removed":["Pain"],"damage_healed":0,"gold_gain":0,"player_choice":"Gave Gold","damage_taken":0,"max_hp_gain":0,"max_hp_loss":0,"event_name":"Beggar","floor":19,"gold_loss":75},{"damage_healed":0,"gold_gain":0,"player_choice":"Ignored","damage_taken":0,"max_hp_gain":0,"max_hp_loss":0,"event_name":"Vampires","floor":22,"gold_loss":0},{"damage_healed":0,"gold_gain":0,"player_choice":"Ignored","damage_taken":0,"max_hp_gain":0,"max_hp_loss":0,"event_name":"Transmorgrifier","floor":27,"gold_loss":0},{"cards_removed":["Leap"],"damage_healed":0,"gold_gain":0,"player_choice":"Removed Skill","damage_taken":0,"max_hp_gain":0,"max_hp_loss":0,"event_name":"Falling","floor":37,"gold_loss":0},{"damage_healed":0,"gold_gain":0,"player_choice":"Memory 3","damage_taken":10,"max_hp_gain":0,"max_hp_loss":0,"event_name":"SensoryStone","floor":42,"gold_loss":0}],"is_beta":false,"boss_relics":[{"not_picked":["Runic Dome","Orrery"],"picked":"Tiny House"},{"not_picked":["Eternal Feather","Empty Cage"],"picked":"Busted Crown"}],"items_purged_floors":[],"is_endless":false,"potions_floor_spawned":[1,4,12,24,25,29,30,38,41,48],"ascension_level":6}