{"gold_per_floor":[116,129,140,120,138,164,10,10,56,56,85,85,116,130,130,205,205,219,494,84,99,113,113,128,128,128,155,173,198,123,123,123,200,200,212,226,242,242,18,47,63,63,63,108,123,13,29,45,45,45,45],"floor_reached":52,"playtime":4620,"items_purged":["Strike_B","Regret"],"score":1863,"play_id":"5e0c0258-f745-46c5-9680-26d48470a5e4","local_time":"20190516142125","is_ascension_mode":true,"campfire_choices":[{"data":"Static Discharge","floor":8.0,"key":"SMITH"},{"data":"Ball Lightning","floor":10.0,"key":"SMITH"},{"data":"Compile Driver","floor":12.0,"key":"SMITH"},{"floor":15.0,"key":"REST"},{"data":"Defragment","floor":23.0,"key":"SMITH"},{"floor":25.0,"key":"REST"},{"floor":32.0,"key":"REST"},{"data":"Fission","floor":42.0,"key":"SMITH"},{"floor":49.0,"key":"REST"}],"neow_cost":"NONE","seed_source_timestamp":165425021715825,"circlet_count":0,"master_deck":["AscendersBane","Defend_B","Defend_B","Defend_B","Zap+1","Dualcast","Ball Lightning+1","Compile Driver+1","BootSequence","Coolheaded","Rainbow","Static Discharge+1","Capacitor","Defragment+1","Self Repair","Seek","Coolheaded","Coolheaded+1","Doom and Gloom+1","Glacier","Beam Cell+1","Reinforced Body","Doom and Gloom","Defragment","Fission+1","Electrodynamics","Hello World+1","Thunder Strike+1","Rainbow+1","Glacier","Consume+1","Stack+1","Glacier","Core Surge+1","Steam Power+1","Go for the Eyes+1"],"special_seed":0,"relics":["Cracked Core","Gremlin Horn","DataDisk","Happy Flower","Dream Catcher","Lizard Tail","Vajra","Juzu Bracelet","Boot","Mercury Hourglass","Astrolabe","Runic Capacitor","Meat on the Bone","Molten Egg 2","StoneCalendar"],"potions_floor_usage":[51,51],"damage_taken":[{"damage":0.0,"enemies":"2 Louse","floor":1.0,"turns":2.0},{"damage":0.0,"enemies":"Cultist","floor":2.0,"turns":2.0},{"damage":2.0,"enemies":"Jaw Worm","floor":3.0,"turns":3.0},{"damage":0.0,"enemies":"2 Fungi Beasts","floor":5.0,"turns":3.0},{"damage":20.0,"enemies":"3 Sentries","floor":6.0,"turns":6.0},{"damage":5.0,"enemies":"Gremlin Nob","floor":11.0,"turns":3.0},{"damage":14.0,"enemies":"3 Sentries","floor":13.0,"turns":3.0},{"damage":1.0,"enemies":"Exordium Wildlife","floor":14.0,"turns":4.0},{"damage":27.0,"enemies":"Slime Boss","floor":16.0,"turns":8.0},{"damage":20.0,"enemies":"Chosen","floor":18.0,"turns":4.0},{"damage":16.0,"enemies":"Shell Parasite","floor":21.0,"turns":5.0},{"damage":5.0,"enemies":"Chosen and Byrds","floor":22.0,"turns":2.0},{"damage":21.0,"enemies":"Cultist and Chosen","floor":24.0,"turns":4.0},{"damage":25.0,"enemies":"Slavers","floor":27.0,"turns":4.0},{"damage":9.0,"enemies":"Snecko","floor":28.0,"turns":7.0},{"damage":19.0,"enemies":"Gremlin Leader","floor":29.0,"turns":5.0},{"damage":8.0,"enemies":"Colosseum Slavers","floor":31.0,"turns":3.0},{"damage":66.0,"enemies":"Collector","floor":33.0,"turns":12.0},{"damage":8.0,"enemies":"Orb Walker","floor":35.0,"turns":3.0},{"damage":0.0,"enemies":"3 Shapes","floor":36.0,"turns":4.0},{"damage":26.0,"enemies":"Writhing Mass","floor":37.0,"turns":7.0},{"damage":9.0,"enemies":"Reptomancer","floor":40.0,"turns":6.0},{"damage":0.0,"enemies":"Maw","floor":41.0,"turns":8.0},{"damage":26.0,"enemies":"2 Orb Walkers","floor":44.0,"turns":3.0},{"damage":27.0,"enemies":"Transient","floor":45.0,"turns":6.0},{"damage":0.0,"enemies":"4 Shapes","floor":47.0,"turns":5.0},{"damage":12.0,"enemies":"3 Darklings","floor":48.0,"turns":2.0},{"damage":8.0,"enemies":"Time Eater","floor":50.0,"turns":20.0},{"damage":62,"enemies":"Awakened One","floor":51,"turns":38}],"seed_played":"8621762575849125986","potions_obtained":[{"floor":1.0,"key":"Swift Potion"},{"floor":4.0,"key":"Fruit Juice"},{"floor":5.0,"key":"Poison Potion"},{"floor":11.0,"key":"Regen Potion"},{"floor":13.0,"key":"SkillPotion"},{"floor":21.0,"key":"Regen Potion"},{"floor":28.0,"key":"EssenceOfSteel"},{"floor":29.0,"key":"Strength Potion"},{"floor":35.0,"key":"SpeedPotion"},{"floor":37.0,"key":"GamblersBrew"},{"floor":40.0,"key":"SkillPotion"},{"floor":48.0,"key":"EntropicBrew"}],"is_trial":false,"path_per_floor":["M","M","M","?","M","E","$","R","T","R","E","R","E","M","R","B",null,"M","?","$","M","M","R","M","R","T","E","M","E","?","?","R","B",null,"M","M","M","?","$","E","M","R","T","?","M","$","M","M","R","B","B",null],"character_chosen":"DEFECT","items_purchased":["Static Discharge","LiquidBronze","Block Potion","Vajra","Runic Capacitor","SpeedPotion","SkillPotion"],"campfire_rested":4,"item_purchase_floors":[7,20,20,20,39,46,46],"current_hp_per_floor":[64,64,62,67,67,47,47,47,47,47,42,42,40,39,61,41,67,54,54,54,45,52,52,38,60,60,42,40,28,28,20,42,33,65,64,64,45,45,45,43,50,50,50,36,28,28,47,54,73,72,44],"gold":45,"neow_bonus":"UPGRADE_CARD","is_prod":false,"is_daily":false,"chose_seed":false,"campfire_upgraded":5,"win_rate":0,"timestamp":1558030885,"path_taken":["M","M","M","?","M","E","$","R","T","R","E","R","E","?","R","BOSS","M","?","$","?","M","R","M","R","T","E","M","E","?","?","R","BOSS","M","M","M","?","$","E","M","R","T","?","M","$","M","M","R","BOSS","BOSS"],"build_version":"2019-01-23","purchased_purges":2,"victory":true,"max_hp_per_floor":[71,71,71,76,76,76,76,76,76,76,76,76,76,76,76,76,76,76,76,76,76,76,76,76,76,76,76,76,76,76,76,76,76,76,76,76,76,73,73,73,73,73,73,73,73,73,73,73,73,73,73],"card_choices":[{"not_picked":["Gash","Rebound"],"picked":"Ball Lightning","floor":1.0},{"not_picked":["Barrage","Reprogram"],"picked":"Compile Driver","floor":2.0},{"not_picked":["Recycle","Leap"],"picked":"BootSequence","floor":3.0},{"not_picked":["Cold Snap","Beam Cell"],"picked":"Coolheaded","floor":5.0},{"not_picked":["Rebound","Turbo"],"picked":"Rainbow","floor":6.0},{"not_picked":["Hologram","Double Energy"],"picked":"Capacitor","floor":11.0},{"not_picked":["Hologram","Redo"],"picked":"Defragment","floor":13.0},{"not_picked":["Static Discharge","Streamline","Rebound"],"picked":"SKIP","floor":14.0},{"not_picked":["Hologram","Turbo"],"picked":"Self Repair","floor":15.0},{"not_picked":["Rainbow","Reboot"],"picked":"Seek","floor":16.0},{"not_picked":["Cold Snap","Tempest"],"picked":"Coolheaded","floor":18.0},{"not_picked":["Rebound","Static Discharge"],"picked":"Coolheaded+1","floor":21.0},{"not_picked":["Ball Lightning","Barrage"],"picked":"Doom and Gloom+1","floor":22.0},{"not_picked":["Compile Driver+1","Cold Snap"],"picked":"Glacier","floor":24.0},{"not_picked":["Conserve Battery","Cold Snap"],"picked":"Beam Cell+1","floor":25.0},{"not_picked":["Cold Snap","Turbo"],"picked":"Reinforced Body","floor":27.0},{"not_picked":["BootSequence","Self Repair"],"picked":"Doom and Gloom","floor":28.0},{"not_picked":["FTL","Beam Cell"],"picked":"Defragment","floor":29.0},{"not_picked":["Glacier","Cold Snap"],"picked":"Fission","floor":32.0},{"not_picked":["Buffer","Hyperbeam"],"picked":"Electrodynamics","floor":33.0},{"not_picked":["Steam","Loop"],"picked":"Glacier","floor":35.0},{"not_picked":["Beam Cell","Defragment","Go for the Eyes"],"picked":"SKIP","floor":36.0},{"not_picked":["Lockon","Darkness","Doom and Gloom"],"picked":"SKIP","floor":37.0},{"not_picked":["Defragment","Undo"],"picked":"Consume+1","floor":40.0},{"not_picked":["Hologram","Gash"],"picked":"Stack+1","floor":41.0},{"not_picked":["Rebound+1","Compile Driver+1"],"picked":"Glacier","floor":44.0},{"not_picked":["Doom and Gloom+1","Gash+1"],"picked":"Core Surge+1","floor":45.0},{"not_picked":["Rebound+1","Beam Cell+1"],"picked":"Steam Power+1","floor":47.0},{"not_picked":["Conserve Battery","Leap","Melter+1"],"picked":"SKIP","floor":48.0},{"not_picked":["Stack+1","Redo"],"picked":"Go for the Eyes+1","floor":49.0}],"player_experience":682500,"relics_obtained":[{"floor":6.0,"key":"Gremlin Horn"},{"floor":9.0,"key":"DataDisk"},{"floor":11.0,"key":"Happy Flower"},{"floor":13.0,"key":"Dream Catcher"},{"floor":26.0,"key":"Juzu Bracelet"},{"floor":27.0,"key":"Boot"},{"floor":29.0,"key":"Mercury Hourglass"},{"floor":40.0,"key":"Meat on the Bone"},{"floor":43.0,"key":"Molten Egg 2"},{"floor":44.0,"key":"StoneCalendar"}],"event_choices":[{"damage_healed":0.0,"max_hp_gain":0.0,"max_hp_loss":0.0,"gold_gain":0.0,"event_name":"The Woman in Blue","player_choice":"Bought 1 Potion","floor":4.0,"gold_loss":0.0,"damage_taken":0.0},{"damage_healed":0.0,"max_hp_gain":0.0,"max_hp_loss":0.0,"gold_gain":275.0,"event_name":"Golden Shrine","player_choice":"Desecrate","floor":19.0,"gold_loss":0.0,"damage_taken":0.0,"cards_obtained":["Regret"]},{"cards_removed":["Strike_B"],"damage_healed":0.0,"max_hp_gain":0.0,"max_hp_loss":0.0,"gold_gain":0.0,"event_name":"Beggar","player_choice":"Gave Gold","floor":30.0,"gold_loss":75.0,"damage_taken":0.0},{"damage_healed":0.0,"max_hp_gain":0.0,"max_hp_loss":0.0,"gold_gain":0.0,"event_name":"Colosseum","player_choice":"Fight","floor":31.0,"gold_loss":0.0,"damage_taken":0.0},{"damage_healed":0.0,"max_hp_gain":0.0,"max_hp_loss":0.0,"gold_gain":0.0,"event_name":"Colosseum","player_choice":"Fled From Nobs","floor":31.0,"gold_loss":0.0,"damage_taken":0.0},{"cards_removed":["Parasite"],"damage_healed":0.0,"max_hp_gain":0.0,"max_hp_loss":0.0,"gold_gain":0.0,"event_name":"Fountain of Cleansing","player_choice":"Removed Curses","floor":38.0,"gold_loss":0.0,"damage_taken":0.0},{"damage_healed":0.0,"max_hp_gain":0.0,"max_hp_loss":0.0,"gold_gain":0.0,"event_name":"Mysterious Sphere","player_choice":"Fight","floor":44.0,"gold_loss":0.0,"damage_taken":0.0}],"is_beta":false,"boss_relics":[{"not_picked":["White Beast Statue","Coffee Dripper"],"picked":"Lizard Tail"},{"not_picked":["Orrery","Runic Dome"],"picked":"Astrolabe"}],"items_purged_floors":[7,20],"is_endless":false,"potions_floor_spawned":[1,5,11,13,21,28,29,35,37,40,48],"ascension_level":20}