{"gold_per_floor":[111,123,123,138,152,152,187,187,212,228,118,150,180,195,195,293,293,310,410,423,10,23,23,52,52,77,77,352,352,381,397,397,495,495,510,525,525,625,643,643,661,688,737,150,167,167,217,233,233,233],"floor_reached":51,"playtime":2419,"items_purged":["Strike_R","Strike_R","Regret"],"score":777,"play_id":"21d9d95b-cb90-4b65-85b6-0f76a679d0af","local_time":"20190526000710","is_ascension_mode":false,"campfire_choices":[{"data":"True Grit","floor":6,"key":"SMITH"},{"data":"Body Slam","floor":8,"key":"SMITH"},{"data":"Uppercut","floor":15,"key":"SMITH"},{"data":"Demon Form","floor":23,"key":"SMITH"},{"floor":29,"key":"REST"},{"data":"Body Slam","floor":32,"key":"SMITH"},{"data":"Carnage","floor":49,"key":"SMITH"}],"neow_cost":"","seed_source_timestamp":319687471514423,"circlet_count":0,"master_deck":["Strike_R","Defend_R","Defend_R","Defend_R","Defend_R","Bash","Sever Soul","Power Through","True Grit+1","Sword Boomerang+1","Body Slam+1","Sever Soul+1","Battle Trance","Uppercut+1","Carnage+1","Demon Form+1","Headbutt","Hemokinesis+1","Twin Strike","Pommel Strike+1","Whirlwind+1","RitualDagger","Body Slam+1","Fiend Fire","Cleave+1","Madness","Madness","Warcry+1","Ghostly Armor+1","Anger+1","Clothesline+1"],"relics":["Burning Blood","Pen Nib","PreservedInsect","Bag of Marbles","Ice Cream","Sozu","Mango","Gremlin Horn","Ginger","Letter Opener","Whetstone","Gambling Chip","Eternal Feather","Ornamental Fan","Bag of Preparation","Incense Burner","Juzu Bracelet","Thread and Needle"],"potions_floor_usage":[16,16,18],"damage_taken":[{"damage":5,"enemies":"Cultist","floor":1,"turns":4},{"damage":11,"enemies":"Jaw Worm","floor":2,"turns":2},{"damage":0,"enemies":"Small Slimes","floor":4,"turns":4},{"damage":3,"enemies":"Exordium Wildlife","floor":5,"turns":8},{"damage":28,"enemies":"3 Sentries","floor":7,"turns":10},{"damage":6,"enemies":"Blue Slaver","floor":10,"turns":3},{"damage":9,"enemies":"Gremlin Nob","floor":12,"turns":3},{"damage":1,"enemies":"2 Fungi Beasts","floor":14,"turns":2},{"damage":7,"enemies":"The Guardian","floor":16,"turns":10},{"damage":2,"enemies":"Shell Parasite","floor":18,"turns":3},{"damage":13,"enemies":"Colosseum Slavers","floor":19,"turns":3},{"damage":30,"enemies":"Colosseum Nobs","floor":19,"turns":3},{"damage":4,"enemies":"Chosen","floor":20,"turns":3},{"damage":0,"enemies":"Snecko","floor":22,"turns":2},{"damage":4,"enemies":"Slavers","floor":24,"turns":3},{"damage":30,"enemies":"Book of Stabbing","floor":30,"turns":4},{"damage":0,"enemies":"Centurion and Healer","floor":31,"turns":2},{"damage":40,"enemies":"Champ","floor":33,"turns":7},{"damage":13,"enemies":"3 Darklings","floor":35,"turns":3},{"damage":24,"enemies":"3 Shapes","floor":36,"turns":1},{"damage":45,"enemies":"Writhing Mass","floor":39,"turns":5},{"damage":0,"enemies":"Sphere and 2 Shapes","floor":41,"turns":1},{"damage":23,"enemies":"Giant Head","floor":42,"turns":6},{"damage":1,"enemies":"Jaw Worm Horde","floor":45,"turns":2},{"damage":25,"enemies":"2 Orb Walkers","floor":47,"turns":4},{"damage":2,"enemies":"3 Darklings","floor":48,"turns":3},{"damage":60,"enemies":"Awakened One","floor":50,"turns":7}],"seed_played":"-5306529494163434072","potions_obtained":[{"floor":1,"key":"SpeedPotion"},{"floor":2,"key":"SpeedPotion"},{"floor":14,"key":"SkillPotion"}],"is_trial":false,"path_per_floor":["M","M","?","M","M","R","E","R","T","M","$","E","?","M","R","B",null,"M","?","M","$","M","R","E","?","T","?","?","R","E","M","R","B",null,"M","M","?","?","M","?","M","E","T","$","M","?","?","M","R","B",null],"character_chosen":"IRONCLAD","items_purchased":["Battle Trance","Ginger","Incense Burner","Juzu Bracelet"],"campfire_rested":1,"item_purchase_floors":[11,21,44,44],"current_hp_per_floor":[80,75,75,80,80,80,58,58,58,58,58,55,55,60,60,59,80,80,63,65,65,71,71,73,73,73,67,67,94,70,76,76,42,94,87,69,57,57,18,18,24,7,7,7,12,82,63,67,82,28],"gold":233,"neow_bonus":"","is_prod":false,"is_daily":false,"chose_seed":false,"campfire_upgraded":6,"win_rate":0.0,"timestamp":1558847230,"path_taken":["M","?","?","M","M","R","E","R","T","M","?","E","?","?","R","BOSS","M","?","M","$","M","R","E","?","T","?","?","R","E","?","R","BOSS","M","M","?","?","?","?","M","E","T","$","M","?","?","M","R","BOSS"],"build_version":"2019-01-23","purchased_purges":3,"victory":true,"max_hp_per_floor":[80,80,80,80,80,80,80,80,80,80,80,80,80,80,80,80,80,80,94,94,94,94,94,94,94,94,94,94,94,94,94,94,94,94,94,94,94,94,94,94,94,94,94,94,94,82,82,82,82,82],"card_choices":[{"not_picked":["Clash","Dual Wield"],"picked":"Shrug It Off","floor":1},{"not_picked":["Cleave","Clash"],"picked":"Sever Soul","floor":2},{"not_picked":["Seeing Red","Clash"],"picked":"True Grit","floor":4},{"not_picked":["Perfected Strike","Blood for Blood"],"picked":"Sword Boomerang","floor":5},{"not_picked":["Clash","Thunderclap"],"picked":"Body Slam","floor":7},{"not_picked":["Barricade","Shrug It Off"],"picked":"Sever Soul","floor":10},{"not_picked":["Intimidate","Headbutt"],"picked":"Uppercut","floor":12},{"not_picked":["Power Through","Clothesline"],"picked":"Carnage","floor":14},{"not_picked":["Double Tap","Berserk"],"picked":"Demon Form","floor":16},{"not_picked":["Searing Blow+1","Sever Soul"],"picked":"Headbutt","floor":18},{"not_picked":["Shrug It Off","Twin Strike"],"picked":"Hemokinesis+1","floor":19},{"not_picked":["Reckless Charge","Perfected Strike+1"],"picked":"Twin Strike","floor":20},{"not_picked":["Armaments","Dual Wield"],"picked":"Pommel Strike+1","floor":22},{"not_picked":["Bludgeon","Armaments"],"picked":"Whirlwind+1","floor":24},{"not_picked":["Warcry","Feel No Pain","Corruption+1"],"picked":"SKIP","floor":30},{"not_picked":["Armaments","Clothesline"],"picked":"Body Slam","floor":31},{"not_picked":["Bludgeon","Juggernaut"],"picked":"Fiend Fire","floor":33},{"not_picked":["Clash","Armaments+1"],"picked":"Cleave+1","floor":35},{"not_picked":["Headbutt","Flex","Inflame"],"picked":"SKIP","floor":36},{"not_picked":["Blood for Blood+1","Searing Blow+1","Inflame"],"picked":"SKIP","floor":39},{"not_picked":["Cleave+1","Anger"],"picked":"Warcry+1","floor":41},{"not_picked":["Rage","Anger","Inflame"],"picked":"SKIP","floor":42},{"not_picked":["Dropkick+1","Sever Soul"],"picked":"Ghostly Armor+1","floor":45},{"not_picked":["Rampage","Thunderclap+1"],"picked":"Anger+1","floor":47},{"not_picked":["Barricade","Perfected Strike+1"],"picked":"Clothesline+1","floor":48}],"player_experience":0,"relics_obtained":[{"floor":7,"key":"Pen Nib"},{"floor":9,"key":"PreservedInsect"},{"floor":12,"key":"Bag of Marbles"},{"floor":19,"key":"Mango"},{"floor":19,"key":"Gremlin Horn"},{"floor":24,"key":"Letter Opener"},{"floor":26,"key":"Whetstone"},{"floor":30,"key":"Gambling Chip"},{"floor":42,"key":"Ornamental Fan"},{"floor":43,"key":"Bag of Preparation"},{"floor":47,"key":"Thread and Needle"}],"event_choices":[{"damage_healed":0,"gold_gain":0,"cards_transformed":["Strike_R"],"player_choice":"Transformed","damage_taken":0,"max_hp_gain":0,"max_hp_loss":0,"event_name":"Transmorgrifier","floor":3,"gold_loss":0,"cards_obtained":["Power Through"]},{"damage_healed":0,"gold_gain":30,"player_choice":"Searched \u00272\u0027 times","damage_taken":0,"relics_obtained":["Ice Cream"],"max_hp_gain":0,"max_hp_loss":0,"event_name":"Dead Adventurer","floor":13,"gold_loss":0},{"damage_healed":0,"gold_gain":0,"player_choice":"Fight","damage_taken":0,"max_hp_gain":0,"max_hp_loss":0,"event_name":"Colosseum","floor":19,"gold_loss":0},{"damage_healed":0,"gold_gain":0,"player_choice":"Fought Nobs","damage_taken":0,"max_hp_gain":0,"max_hp_loss":0,"event_name":"Colosseum","floor":19,"gold_loss":0},{"cards_removed":["Strike_R"],"damage_healed":0,"gold_gain":0,"player_choice":"Elegance","damage_taken":0,"max_hp_gain":0,"max_hp_loss":0,"event_name":"Back to Basics","floor":25,"gold_loss":0},{"damage_healed":0,"gold_gain":0,"player_choice":"Joined the Cult","damage_taken":6,"max_hp_gain":0,"max_hp_loss":0,"event_name":"Nest","floor":27,"gold_loss":0,"cards_obtained":["RitualDagger"]},{"damage_healed":0,"gold_gain":275,"player_choice":"Desecrate","damage_taken":0,"max_hp_gain":0,"max_hp_loss":0,"event_name":"Golden Shrine","floor":28,"gold_loss":0,"cards_obtained":["Regret"]},{"damage_healed":0,"gold_gain":0,"player_choice":"Embrace Madness","damage_taken":12,"max_hp_gain":0,"max_hp_loss":0,"event_name":"Winding Halls","floor":37,"gold_loss":0,"cards_obtained":["Madness","Madness"]},{"damage_healed":0,"gold_gain":100,"player_choice":"Pray","damage_taken":0,"max_hp_gain":0,"max_hp_loss":0,"event_name":"Golden Shrine","floor":38,"gold_loss":0},{"cards_removed":["Shrug It Off"],"damage_healed":0,"gold_gain":0,"player_choice":"Removed Skill","damage_taken":0,"max_hp_gain":0,"max_hp_loss":0,"event_name":"Falling","floor":40,"gold_loss":0},{"damage_healed":82,"gold_gain":0,"player_choice":"Heal","damage_taken":0,"max_hp_gain":0,"max_hp_loss":12,"event_name":"The Moai Head","floor":46,"gold_loss":0},{"damage_healed":0,"gold_gain":0,"player_choice":"Fight","damage_taken":0,"max_hp_gain":0,"max_hp_loss":0,"event_name":"Mysterious Sphere","floor":47,"gold_loss":0}],"is_beta":false,"boss_relics":[{"not_picked":["Ectoplasm","White Beast Statue"],"picked":"Sozu"},{"not_picked":["Runic Pyramid","Tiny House"],"picked":"Eternal Feather"}],"items_purged_floors":[11,21,44],"is_endless":false,"potions_floor_spawned":[1,2,14,18,19,30,31,39,42,45,48],"ascension_level":0}