{"gold_per_floor":[415,415,47,61,71,71,84,116,116,147,147,147,162,197,197,271,271,289,214,224,124,144,144,164,192,217,217,230,230,258,284,284,361,361,378,378,15,15,33,43,43,62,114,147,147,147,147,167,167,167],"floor_reached":50,"playtime":4037,"items_purged":["Strike_R","Strike_R"],"score":1182,"play_id":"31aec75f-3c92-419d-be24-6cafd57845b8","local_time":"20190509234230","is_ascension_mode":true,"campfire_choices":[{"data":"Hemokinesis","floor":6.0,"key":"SMITH"},{"data":"Bash","floor":11.0,"key":"SMITH"},{"data":"Whirlwind","floor":15.0,"key":"SMITH"},{"data":"Fiend Fire","floor":23.0,"key":"SMITH"},{"data":"Corruption","floor":27.0,"key":"SMITH"},{"data":"Armaments","floor":29.0,"key":"SMITH"},{"data":"Body Slam","floor":32.0,"key":"SMITH"},{"data":"Flame Barrier","floor":41.0,"key":"SMITH"},{"floor":46.0,"key":"REST"},{"floor":49.0,"key":"REST"}],"neow_cost":"TEN_PERCENT_HP_LOSS","seed_source_timestamp":448672839525135,"circlet_count":0,"master_deck":["AscendersBane","Strike_R+1","Defend_R","Defend_R","Defend_R","Bash+1","Reckless Charge","Feed+1","Hemokinesis+1","Flame Barrier+1","Armaments+1","Body Slam+1","Battle Trance","Whirlwind+1","Fiend Fire+1","Corruption+1","Rage","Rupture+1","Power Through","Flame Barrier+1","Rupture","Impervious","Dropkick+1","Demon Form+1","Combust+1","Shrug It Off","Feel No Pain","Spot Weakness","Sentinel","Spot Weakness","Disarm","Shrug It Off","Flex+1","Writhe","Pommel Strike","Flame Barrier"],"special_seed":0,"relics":["Burning Blood","Old Coin","Champion Belt","Nunchaku","FossilizedHelix","Letter Opener","Pantograph","Runic Pyramid","Anchor","Juzu Bracelet","Orichalcum","Whetstone","Astrolabe","Dream Catcher","Bronze Scales","Pear"],"potions_floor_usage":[],"damage_taken":[{"damage":6.0,"enemies":"Jaw Worm","floor":1.0,"turns":5.0},{"damage":7.0,"enemies":"Cultist","floor":4.0,"turns":4.0},{"damage":6.0,"enemies":"2 Louse","floor":5.0,"turns":5.0},{"damage":7.0,"enemies":"Red Slaver","floor":7.0,"turns":3.0},{"damage":12.0,"enemies":"Gremlin Nob","floor":8.0,"turns":3.0},{"damage":33.0,"enemies":"3 Sentries","floor":10.0,"turns":18.0},{"damage":0.0,"enemies":"3 Louse","floor":13.0,"turns":4.0},{"damage":31.0,"enemies":"Gremlin Nob","floor":14.0,"turns":4.0},{"damage":21.0,"enemies":"Slime Boss","floor":16.0,"turns":11.0},{"damage":0.0,"enemies":"Chosen","floor":18.0,"turns":2.0},{"damage":18.0,"enemies":"2 Thieves","floor":20.0,"turns":4.0},{"damage":14.0,"enemies":"Snake Plant","floor":22.0,"turns":2.0},{"damage":2.0,"enemies":"Centurion and Healer","floor":24.0,"turns":4.0},{"damage":12.0,"enemies":"Gremlin Leader","floor":25.0,"turns":5.0},{"damage":2.0,"enemies":"Snecko","floor":28.0,"turns":3.0},{"damage":0.0,"enemies":"Book of Stabbing","floor":30.0,"turns":4.0},{"damage":22.0,"enemies":"Champ","floor":33.0,"turns":11.0},{"damage":0.0,"enemies":"Orb Walker","floor":35.0,"turns":3.0},{"damage":14.0,"enemies":"3 Darklings","floor":39.0,"turns":2.0},{"damage":15.0,"enemies":"Transient","floor":40.0,"turns":6.0},{"damage":0.0,"enemies":"Maw","floor":42.0,"turns":7.0},{"damage":88.0,"enemies":"Reptomancer","floor":44.0,"turns":6.0},{"damage":14.0,"enemies":"3 Darklings","floor":48.0,"turns":4.0},{"damage":112,"enemies":"Donu and Deca","floor":50,"turns":9}],"seed_played":"2224410623749699841","potions_obtained":[{"floor":5.0,"key":"PowerPotion"},{"floor":13.0,"key":"PowerPotion"},{"floor":14.0,"key":"Block Potion"},{"floor":16.0,"key":"Weak Potion"},{"floor":22.0,"key":"BloodPotion"},{"floor":24.0,"key":"Weak Potion"},{"floor":25.0,"key":"LiquidBronze"},{"floor":33.0,"key":"AttackPotion"},{"floor":35.0,"key":"Explosive Potion"},{"floor":39.0,"key":"FearPotion"}],"is_trial":false,"path_per_floor":["M","?","$","M","M","R","M","E","T","E","R","?","M","E","R","B",null,"M","$","M","$","M","R","M","E","T","R","M","R","E","T","R","B",null,"M","?","$","?","M","M","R","M","T","E","?","R","?","M","R","B"],"character_chosen":"IRONCLAD","items_purchased":["Champion Belt","Hemokinesis","Feel No Pain","Spot Weakness","Sentinel","Dream Catcher"],"campfire_rested":2,"item_purchase_floors":[3,3,37,37,37,37],"current_hp_per_floor":[68,68,68,67,70,70,72,66,66,42,42,42,51,26,26,40,73,79,79,70,70,62,62,69,63,63,63,76,76,86,86,86,78,90,94,94,94,94,90,81,81,91,91,19,19,52,74,66,99,0],"gold":167,"neow_bonus":"ONE_RARE_RELIC","is_prod":false,"is_daily":false,"chose_seed":false,"campfire_upgraded":8,"win_rate":0,"timestamp":1557459750,"path_taken":["M","?","?","M","M","R","M","E","T","E","R","?","?","E","R","BOSS","M","$","M","?","?","R","M","E","T","R","M","R","E","?","R","BOSS","M","?","$","?","M","M","R","M","T","E","?","R","?","M","R","BOSS"],"build_version":"2019-01-23","purchased_purges":2,"victory":false,"max_hp_per_floor":[68,68,68,68,71,71,74,74,74,77,77,77,80,80,80,84,84,84,84,87,87,87,87,90,90,90,90,90,90,94,94,94,94,94,94,94,94,94,98,98,98,102,102,112,112,112,112,112,112,112],"card_choices":[{"not_picked":["Warcry","Wild Strike"],"picked":"Intimidate","floor":1.0},{"not_picked":["Searing Blow","Reckless Charge","Pummel"],"picked":"SKIP","floor":4.0},{"not_picked":["Body Slam","Wild Strike"],"picked":"Flame Barrier","floor":5.0},{"not_picked":["Clash","Corruption","Wild Strike"],"picked":"SKIP","floor":7.0},{"not_picked":["Rampage","Blood for Blood"],"picked":"Armaments","floor":8.0},{"not_picked":["Fire Breathing","Power Through"],"picked":"Body Slam","floor":10.0},{"not_picked":["Fiend Fire","Sentinel"],"picked":"Battle Trance","floor":13.0},{"not_picked":["Clash","Barricade"],"picked":"Whirlwind","floor":14.0},{"not_picked":["Limit Break","Berserk"],"picked":"Fiend Fire","floor":16.0},{"not_picked":["Clothesline","Rage"],"picked":"Corruption","floor":18.0},{"not_picked":["Whirlwind","Headbutt"],"picked":"Rage","floor":20.0},{"not_picked":["Headbutt","Rage","Cleave"],"picked":"SKIP","floor":22.0},{"not_picked":["Heavy Blade","Whirlwind"],"picked":"Rupture+1","floor":24.0},{"not_picked":["Havoc+1","Shrug It Off"],"picked":"Power Through","floor":25.0},{"not_picked":["Evolve","Sever Soul"],"picked":"Flame Barrier+1","floor":28.0},{"not_picked":["Twin Strike","Ghostly Armor+1"],"picked":"Rupture","floor":30.0},{"not_picked":["Fiend Fire","Barricade"],"picked":"Impervious","floor":33.0},{"not_picked":["Sever Soul","Warcry"],"picked":"Shrug It Off","floor":35.0},{"not_picked":["Uppercut","Anger"],"picked":"Spot Weakness","floor":39.0},{"not_picked":["Corruption+1","Iron Wave"],"picked":"Disarm","floor":40.0},{"not_picked":["Searing Blow","Evolve"],"picked":"Shrug It Off","floor":42.0},{"not_picked":["Wild Strike","Juggernaut","Whirlwind"],"picked":"SKIP","floor":44.0},{"not_picked":["Evolve","Iron Wave"],"picked":"Flex+1","floor":46.0},{"not_picked":["Headbutt","Wild Strike+1"],"picked":"Pommel Strike","floor":48.0},{"not_picked":["Demon Form","Armaments"],"picked":"Flame Barrier","floor":49.0}],"player_experience":483504,"relics_obtained":[{"floor":8.0,"key":"Nunchaku"},{"floor":9.0,"key":"FossilizedHelix"},{"floor":10.0,"key":"Letter Opener"},{"floor":14.0,"key":"Pantograph"},{"floor":25.0,"key":"Anchor"},{"floor":26.0,"key":"Juzu Bracelet"},{"floor":30.0,"key":"Orichalcum"},{"floor":31.0,"key":"Whetstone"},{"floor":43.0,"key":"Bronze Scales"},{"floor":44.0,"key":"Pear"}],"event_choices":[{"damage_healed":0.0,"max_hp_gain":0.0,"max_hp_loss":0.0,"gold_gain":0.0,"event_name":"Match and Keep!","player_choice":"2 cards matched","floor":2.0,"gold_loss":0.0,"damage_taken":0.0,"cards_obtained":["Reckless Charge","Feed"]},{"cards_removed":["Strike_R"],"damage_healed":0.0,"max_hp_gain":0.0,"max_hp_loss":0.0,"gold_gain":0.0,"event_name":"Living Wall","player_choice":"Forget","floor":12.0,"gold_loss":0.0,"damage_taken":0.0},{"damage_healed":0.0,"max_hp_gain":0.0,"max_hp_loss":0.0,"gold_gain":0.0,"event_name":"Tomb of Lord Red Mask","player_choice":"Ignored","floor":36.0,"gold_loss":0.0,"damage_taken":0.0},{"damage_healed":0.0,"max_hp_gain":0.0,"max_hp_loss":0.0,"gold_gain":0.0,"event_name":"Match and Keep!","player_choice":"0 cards matched","floor":38.0,"gold_loss":0.0,"damage_taken":0.0,"cards_obtained":[]},{"damage_healed":0.0,"max_hp_gain":0.0,"max_hp_loss":0.0,"gold_gain":0.0,"event_name":"Mysterious Sphere","player_choice":"Ignored","floor":45.0,"gold_loss":0.0,"damage_taken":0.0},{"damage_healed":22.0,"max_hp_gain":0.0,"max_hp_loss":0.0,"gold_gain":0.0,"event_name":"Winding Halls","player_choice":"Writhe","floor":47.0,"gold_loss":0.0,"damage_taken":0.0,"cards_obtained":["Writhe"]}],"is_beta":false,"boss_relics":[{"not_picked":["Runic Dome","White Beast Statue"],"picked":"Runic Pyramid"},{"not_picked":["Coffee Dripper","Pandora\u0027s Box"],"picked":"Astrolabe"}],"items_purged_floors":[19,21],"is_endless":false,"potions_floor_spawned":[5,13,14,16,22,24,25,33,35,39,40],"killed_by":"Donu and Deca","ascension_level":19}