{"path_per_floor":["M","?","?","$","M","R","?","E","T","R","M","R","?","$","R","B",null,"M","$","M","M","$","R","M","?","T","R","?","E","M","M","R","B",null,"M","?","M","$","?","R","?","R","T","R"],"character_chosen":"IRONCLAD","items_purchased":["Flash of Steel","Thunderclap","Blood for Blood","Inflame","Shrug It Off"],"gold_per_floor":[118,118,118,5,17,17,17,48,128,128,139,139,314,200,200,305,305,316,139,156,169,18,18,29,29,103,103,103,133,146,166,166,267,267,282,282,295,145,145,145,145,145,169,169],"floor_reached":45,"campfire_rested":1,"playtime":2503,"current_hp_per_floor":[80,80,85,85,85,85,85,79,79,79,85,85,91,91,91,56,91,91,91,83,60,60,60,48,48,54,83,83,77,85,72,72,40,97,90,80,73,73,73,73,73,73,86,86],"items_purged":["Doubt","Strike_R","Defend_R","Strike_R"],"gold":169,"play_id":"f21609b3-35c9-4832-ba53-860c23401fd8","is_prod":false,"is_daily":false,"is_ascension_mode":false,"campfire_upgraded":9,"path_taken":["M","?","?","$","M","R","?","E","T","R","?","R","?","$","R","BOSS","M","$","M","M","$","R","M","?","T","R","?","E","M","M","R","BOSS","M","?","?","$","?","R","?","R","T","R","E"],"build_version":"2018-02-01-PROD3","purchased_purges":4,"victory":false,"master_deck":["Strike_R","Strike_R","Defend_R","Defend_R","Defend_R","Bash+1","Cleave","Flash of Steel+1","Thunderclap","Dual Wield+1","Dual Wield+1","Twin Strike","Blood for Blood+1","Inflame","Pommel Strike+1","Shrug It Off+1","Decay","Dual Wield+1","Burning Pact","Thunderclap+1","Madness+1","Madness+1","Doubt"],"max_hp_per_floor":[80,80,85,85,85,85,85,85,85,85,85,85,91,91,91,91,91,91,91,91,91,91,91,91,91,97,97,97,97,97,97,97,97,97,97,97,97,97,97,97,97,97,110,110],"relics":["Black Blood","Anchor","Darkstone Periapt","Cursed Key","Dodecahedron","Blood Vial","Strawberry"],"card_choices":[{"not_picked":["Perfected Strike","Combust"],"picked":"Cleave"},{"not_picked":["Wild Strike","Pummel"],"picked":"Dual Wield"},{"not_picked":["Sever Soul","Berserk"],"picked":"Dual Wield"},{"not_picked":["Flex","Body Slam"],"picked":"Twin Strike"},{"not_picked":["Warcry","Rage"],"picked":"Fire Breathing"},{"not_picked":["Sword Boomerang","Shrug It Off"],"picked":"Pommel Strike"},{"not_picked":["Feed","Havoc"],"picked":"Dual Wield"},{"not_picked":["Flame Barrier","Body Slam"],"picked":"Burning Pact"},{"not_picked":["Wild Strike","Armaments"],"picked":"Thunderclap"}],"player_experience":38706,"potions_floor_usage":[8,16,16,21,24,29,31,31,45],"damage_taken":[{"damage":6,"enemies":"Jaw Worm","floor":1,"turns":3},{"damage":6,"enemies":"Blue Slaver","floor":5,"turns":4},{"damage":24,"enemies":"3 Sentries","floor":8,"turns":7},{"damage":0,"enemies":"2 Louse","floor":11,"turns":2},{"damage":41,"enemies":"The Guardian","floor":16,"turns":7},{"damage":5,"enemies":"3 Byrds","floor":18,"turns":4},{"damage":14,"enemies":"Shell Parasite","floor":20,"turns":3},{"damage":29,"enemies":"Snake Plant","floor":21,"turns":4},{"damage":18,"enemies":"3 Cultists","floor":24,"turns":4},{"damage":12,"enemies":"Slavers","floor":29,"turns":4},{"damage":0,"enemies":"Snecko","floor":30,"turns":2},{"damage":21,"enemies":"Centurion and Healer","floor":31,"turns":4},{"damage":40,"enemies":"Collector","floor":33,"turns":5},{"damage":17,"enemies":"Orb Walker","floor":35,"turns":4},{"damage":19,"enemies":"3 Darklings","floor":37,"turns":3},{"damage":104,"enemies":"2 Orb Walkers","floor":45,"turns":5}],"event_choices":[{"event_name":"The Lab","player_choice":"Got Potions","floor":2,"damage_taken":0},{"event_name":"Big Fish","player_choice":"Donut","floor":3,"damage_taken":0},{"event_name":"The Cleric","player_choice":"Leave","floor":7,"damage_taken":0},{"event_name":"Liars Game","player_choice":"agreed","floor":13,"damage_taken":0},{"event_name":"Beggar","player_choice":"Ignored","floor":25,"damage_taken":0},{"event_name":"Back to Basics","player_choice":"Elegance","floor":28,"damage_taken":0},{"event_name":"Winding Halls","player_choice":"Embrace Madness","floor":36,"damage_taken":0},{"event_name":"Mysterious Sphere","player_choice":"Ignore","floor":41,"damage_taken":0}],"boss_relics":[{"not_picked":["Velvet Choker","Calling Bell"],"picked":"Cursed Key"},{"not_picked":["Eternal Feather","Philosopher\u0027s Stone"],"picked":"Black Blood"}],"potions_floor_spawned":[5,8,16,20,21,29,33],"seed_played":"-6718959399049249909","killed_by":"2 Orb Walkers","ascension_level":0,"is_trial":false}