{"gold_per_floor":[116,116,140,140,165,165,183,183,183,202,74,87,122,203,203,326,326,349,13,13,33,58,58,78,78,78,116,10,10,10,29,29,29],"floor_reached":33,"playtime":7208,"items_purged":["Regret"],"score":267,"play_id":"5ec2bed1-3cea-47cc-9cdf-fe4579eb8b1a","local_time":"20180718200809","is_ascension_mode":false,"campfire_choices":[{"floor":6.0,"key":"DIG"},{"floor":8.0,"key":"DIG"},{"floor":15.0,"key":"REST"},{"floor":23.0,"key":"REST"},{"floor":25,"key":"REST"},{"floor":29,"key":"REST"},{"floor":32,"key":"REST"}],"neow_cost":"NONE","seed_source_timestamp":0,"circlet_count":0,"master_deck":["Defend_G","Defend_G","Defend_G","Defend_G","Strike_G","Strike_G","Strike_G","Strike_G","Strike_G","Survivor","Neutralize","Unload","Dagger Throw","Crippling Poison","Bane","PiercingWail","Dagger Throw","Dagger Spray","Slice","Deadly Poison","Catalyst","Die Die Die","Noxious Fumes","Quick Slash","Prepared","Deadly Poison","Deflect","Eviscerate+1","Flying Knee+1","Cloak And Dagger","Backstab","Outmaneuver+1"],"special_seed":0,"relics":["Ring of the Snake","Golden Idol","Shovel","Bottled Flame","Mango","Bird Faced Urn","Ginger","Vajra","Philosopher\u0027s Stone","Mercury Hourglass","Bag of Marbles","Centennial Puzzle"],"potions_floor_usage":[33,33],"damage_taken":[{"damage":0.0,"enemies":"Small Slimes","floor":1.0,"turns":3.0},{"damage":0.0,"enemies":"Jaw Worm","floor":3.0,"turns":3.0},{"damage":0.0,"enemies":"2 Louse","floor":5.0,"turns":2.0},{"damage":4.0,"enemies":"Blue Slaver","floor":7.0,"turns":4.0},{"damage":9.0,"enemies":"3 Louse","floor":10.0,"turns":3.0},{"damage":0.0,"enemies":"Large Slime","floor":12.0,"turns":5.0},{"damage":2.0,"enemies":"Gremlin Nob","floor":13.0,"turns":3.0},{"damage":23.0,"enemies":"3 Sentries","floor":14.0,"turns":7.0},{"damage":20.0,"enemies":"Hexaghost","floor":16.0,"turns":7.0},{"damage":23.0,"enemies":"Shell Parasite","floor":18.0,"turns":4.0},{"damage":3.0,"enemies":"2 Thieves","floor":21.0,"turns":2.0},{"damage":41.0,"enemies":"Snake Plant","floor":22.0,"turns":3.0},{"damage":22,"enemies":"Cultist and Chosen","floor":24,"turns":6},{"damage":20,"enemies":"Gremlin Leader","floor":27,"turns":4},{"damage":8,"enemies":"Centurion and Healer","floor":31,"turns":4},{"damage":75,"enemies":"Champ","floor":33,"turns":7}],"seed_played":"-3127489194956669076","potions_obtained":[{"floor":3.0,"key":"EssenceOfSteel"},{"floor":10.0,"key":"SkillPotion"},{"floor":14.0,"key":"EssenceOfSteel"},{"floor":14.0,"key":"FearPotion"},{"floor":18.0,"key":"Fire Potion"},{"floor":27,"key":"SteroidPotion"},{"floor":31,"key":"Energy Potion"}],"is_trial":false,"path_per_floor":["M","?","M","?","M","R","M","R","T","M","$","M","E","?","R","B",null,"M","$","?","M","M","R","M","R","T","E","$","R","?","M","R"],"character_chosen":"THE_SILENT","items_purchased":["Dagger Spray","Mercury Hourglass","Quick Slash","Prepared","Cloak And Dagger","Backstab"],"campfire_rested":5,"item_purchase_floors":[11,19,19,19,28,28],"current_hp_per_floor":[70,53,53,53,53,53,49,63,63,54,54,54,52,29,54,34,84,61,61,61,58,17,42,22,47,47,29,29,54,54,48,73,0],"gold":29,"neow_bonus":"ONE_RANDOM_RARE_CARD","is_prod":false,"is_daily":false,"chose_seed":false,"campfire_upgraded":0,"win_rate":0,"timestamp":1531958889,"path_taken":["M","?","M","?","M","R","M","R","T","M","$","M","E","?","R","BOSS","M","$","?","M","M","R","M","R","T","E","$","R","?","M","R","BOSS"],"build_version":"2018-07-12","purchased_purges":1,"victory":false,"max_hp_per_floor":[70,70,70,70,70,70,70,84,84,84,84,84,84,84,84,84,84,84,84,84,84,84,84,84,84,84,84,84,84,84,84,84,84],"card_choices":[{"not_picked":["PiercingWail","Backflip"],"picked":"Dagger Throw","floor":1.0},{"not_picked":["All Out Attack","Cloak And Dagger"],"picked":"Crippling Poison","floor":3.0},{"not_picked":["Endless Agony","Acrobatics"],"picked":"Bane","floor":5.0},{"not_picked":["Acrobatics","Underhanded Strike"],"picked":"PiercingWail","floor":7.0},{"not_picked":["Escape Plan","Underhanded Strike"],"picked":"Dagger Throw","floor":10.0},{"not_picked":["Acrobatics","Heel Hook"],"picked":"Slice","floor":12.0},{"not_picked":["Corpse Explosion","Slice"],"picked":"Deadly Poison","floor":13.0},{"not_picked":["Endless Agony","Deflect"],"picked":"Catalyst","floor":14.0},{"not_picked":["Corpse Explosion","Doppelganger"],"picked":"Die Die Die","floor":16.0},{"not_picked":["Prepared","Expertise+1"],"picked":"Noxious Fumes","floor":18.0},{"not_picked":["Slice","Reflex+1"],"picked":"Deadly Poison","floor":21.0},{"not_picked":["Prepared","PiercingWail"],"picked":"Deflect","floor":22.0},{"not_picked":["Accuracy","Endless Agony"],"picked":"Eviscerate+1","floor":24},{"not_picked":["Endless Agony+1","Finisher"],"picked":"Flying Knee+1","floor":27},{"not_picked":["Crippling Poison","Poisoned Stab"],"picked":"Outmaneuver+1","floor":31}],"player_experience":48579,"relics_obtained":[{"floor":6.0,"key":"Bottled Flame"},{"floor":8.0,"key":"Mango"},{"floor":9.0,"key":"Bird Faced Urn"},{"floor":13.0,"key":"Ginger"},{"floor":14.0,"key":"Vajra"},{"floor":26,"key":"Bag of Marbles"},{"floor":27,"key":"Centennial Puzzle"}],"event_choices":[{"event_name":"Golden Idol","player_choice":"Take Damage","floor":2.0,"damage_taken":0.0},{"event_name":"Big Fish","player_choice":"Box","floor":4.0,"damage_taken":0.0},{"event_name":"Dead Adventurer","player_choice":"Searched \u00271\u0027 times","floor":14.0,"damage_taken":0.0},{"event_name":"Ghosts","player_choice":"Ignored","floor":20.0,"damage_taken":0.0},{"event_name":"Bonfire Elementals","player_choice":"BASIC","floor":30,"damage_taken":0}],"boss_relics":[{"not_picked":["Calling Bell","Eternal Feather"],"picked":"Philosopher\u0027s Stone"}],"items_purged_floors":[11],"is_endless":false,"potions_floor_spawned":[3,10,14,14,18,27,31],"killed_by":"Champ","ascension_level":0}