{"gold_per_floor":[117,135,155,155,165,165,226,263,275,287,299,322,25,52,52,129,129,139,157,172,172,97,97,35,62,62,62,75,75,109,122,122,122],"floor_reached":33,"playtime":2285,"items_purged":["Strike_G"],"score":550,"play_id":"215cc414-6914-463b-9f1b-8c9aaa8c94df","local_time":"20190506214243","is_ascension_mode":true,"campfire_choices":[{"data":"Dash","floor":6.0,"key":"SMITH"},{"floor":11.0,"key":"REST"},{"floor":15.0,"key":"REST"},{"floor":23.0,"key":"REST"},{"floor":29.0,"key":"REST"},{"floor":32.0,"key":"REST"}],"neow_cost":"NONE","seed_source_timestamp":184347602357105,"circlet_count":0,"master_deck":["AscendersBane","Defend_G+1","Defend_G+1","Defend_G+1","Defend_G+1","Defend_G+1","Strike_G+1","Strike_G+1","Strike_G+1","Survivor","Neutralize+1","Dash+1","Flying Knee+1","Sucker Punch","Bouncing Flask","Cloak And Dagger","PiercingWail","Escape Plan","Cloak And Dagger","Infinite Blades","Blur","Burst","Catalyst","Endless Agony","Backflip","Footwork","Bouncing Flask+1","Dagger Spray+1","Backstab","Backflip+1"],"special_seed":0,"relics":["Ring of the Snake","MawBank","The Courier","Vajra","Whetstone","Mercury Hourglass","Busted Crown","Blue Candle","Pear","Red Mask"],"potions_floor_usage":[],"damage_taken":[{"damage":0.0,"enemies":"2 Louse","floor":1.0,"turns":3.0},{"damage":0.0,"enemies":"Jaw Worm","floor":2.0,"turns":4.0},{"damage":7.0,"enemies":"Small Slimes","floor":3.0,"turns":4.0},{"damage":0.0,"enemies":"3 Louse","floor":5.0,"turns":5.0},{"damage":11.0,"enemies":"Gremlin Nob","floor":7.0,"turns":5.0},{"damage":28.0,"enemies":"Lagavulin","floor":8.0,"turns":7.0},{"damage":6.0,"enemies":"Exordium Thugs","floor":12.0,"turns":4.0},{"damage":16.0,"enemies":"3 Sentries","floor":14.0,"turns":7.0},{"damage":18.0,"enemies":"The Guardian","floor":16.0,"turns":11.0},{"damage":7.0,"enemies":"Shell Parasite","floor":18.0,"turns":6.0},{"damage":8.0,"enemies":"3 Byrds","floor":19.0,"turns":6.0},{"damage":6.0,"enemies":"Centurion and Healer","floor":20.0,"turns":9.0},{"damage":30.0,"enemies":"Book of Stabbing","floor":25.0,"turns":6.0},{"damage":12.0,"enemies":"Chosen and Byrds","floor":28.0,"turns":5.0},{"damage":34.0,"enemies":"Masked Bandits","floor":30.0,"turns":4.0},{"damage":0.0,"enemies":"Shelled Parasite and Fungi","floor":31.0,"turns":4.0},{"damage":51,"enemies":"Champ","floor":33,"turns":9}],"seed_played":"6571951071876785721","potions_obtained":[{"floor":3.0,"key":"Ancient Potion"},{"floor":5.0,"key":"Block Potion"},{"floor":8.0,"key":"Poison Potion"},{"floor":14.0,"key":"GhostInAJar"},{"floor":31.0,"key":"SmokeBomb"}],"is_trial":false,"path_per_floor":["M","M","M","?","M","R","?","E","T","?","R","M","$","E","R","B",null,"M","M","M","?","?","R","$","E","T","?","M","R","?","M","R","B"],"character_chosen":"THE_SILENT","items_purchased":["Whetstone","Cloak And Dagger","Infinite Blades","Footwork"],"campfire_rested":5,"item_purchase_floors":[13,13,13,24],"current_hp_per_floor":[59,59,52,52,52,52,41,13,13,13,32,26,26,10,29,11,52,45,37,31,31,31,50,50,20,30,30,18,40,6,6,28,0],"gold":122,"neow_bonus":"UPGRADE_CARD","is_prod":false,"is_daily":false,"chose_seed":false,"campfire_upgraded":1,"win_rate":0,"timestamp":1557193363,"path_taken":["M","M","M","?","M","R","?","E","T","?","R","M","$","E","R","BOSS","M","M","M","?","?","R","$","E","T","?","M","R","?","?","R","BOSS"],"build_version":"2019-01-23","purchased_purges":1,"victory":false,"max_hp_per_floor":[66,66,66,66,66,66,66,66,66,66,66,66,66,66,66,66,66,66,66,66,66,66,66,66,66,76,76,76,76,76,76,76,76],"card_choices":[{"not_picked":["Acrobatics","Backflip"],"picked":"Dash","floor":1.0},{"not_picked":["Escape Plan","Slice"],"picked":"Flying Knee","floor":2.0},{"not_picked":["Backflip","Quick Slash"],"picked":"Sucker Punch","floor":3.0},{"not_picked":["Leg Sweep","Quick Slash"],"picked":"Bouncing Flask","floor":5.0},{"not_picked":["Masterful Stab","Deflect"],"picked":"Cloak And Dagger","floor":7.0},{"not_picked":["Caltrops","Choke"],"picked":"PiercingWail","floor":8.0},{"not_picked":["Outmaneuver","Doppelganger"],"picked":"Escape Plan","floor":12.0},{"not_picked":["Acrobatics","Deadly Poison"],"picked":"Blur","floor":14.0},{"not_picked":["Malaise","Grand Finale"],"picked":"Burst","floor":16.0},{"not_picked":[],"picked":"Catalyst","floor":18.0},{"not_picked":[],"picked":"Endless Agony","floor":19.0},{"not_picked":[],"picked":"Backflip","floor":20.0},{"not_picked":[],"picked":"Bouncing Flask+1","floor":25.0},{"not_picked":[],"picked":"Dagger Spray+1","floor":28.0},{"not_picked":[],"picked":"Backstab","floor":30.0},{"not_picked":[],"picked":"Backflip+1","floor":31.0}],"player_experience":390230,"relics_obtained":[{"floor":7.0,"key":"MawBank"},{"floor":8.0,"key":"The Courier"},{"floor":9.0,"key":"Vajra"},{"floor":14.0,"key":"Mercury Hourglass"},{"floor":25.0,"key":"Blue Candle"},{"floor":26.0,"key":"Pear"},{"floor":30.0,"key":"Red Mask"}],"event_choices":[{"damage_healed":0.0,"max_hp_gain":0.0,"max_hp_loss":0.0,"gold_gain":0.0,"event_name":"Liars Game","player_choice":"Ignored","floor":4.0,"gold_loss":0.0,"damage_taken":0.0},{"damage_healed":0.0,"max_hp_gain":0.0,"max_hp_loss":0.0,"gold_gain":0.0,"event_name":"Dead Adventurer","player_choice":"Searched \u00271\u0027 times","floor":7.0,"gold_loss":0.0,"damage_taken":0.0},{"cards_removed":["Strike_G"],"damage_healed":0.0,"max_hp_gain":0.0,"max_hp_loss":0.0,"gold_gain":0.0,"event_name":"Living Wall","player_choice":"Forget","floor":10.0,"gold_loss":0.0,"damage_taken":0.0},{"damage_healed":0.0,"max_hp_gain":0.0,"max_hp_loss":0.0,"gold_gain":0.0,"event_name":"Forgotten Altar","player_choice":"Smashed Altar","floor":21.0,"gold_loss":0.0,"damage_taken":0.0,"cards_obtained":["Decay"]},{"cards_removed":["Decay"],"damage_healed":0.0,"max_hp_gain":0.0,"max_hp_loss":0.0,"gold_gain":0.0,"event_name":"Beggar","player_choice":"Gave Gold","floor":22.0,"gold_loss":75.0,"damage_taken":0.0},{"damage_healed":0.0,"max_hp_gain":0.0,"max_hp_loss":0.0,"gold_gain":0.0,"event_name":"Back to Basics","player_choice":"Simplicity","floor":27.0,"gold_loss":0.0,"damage_taken":0.0,"cards_upgraded":["Defend_G","Defend_G","Defend_G","Defend_G","Defend_G","Strike_G","Strike_G"]},{"damage_healed":0.0,"max_hp_gain":0.0,"max_hp_loss":0.0,"gold_gain":0.0,"event_name":"Masked Bandits","player_choice":"Fought Bandits","floor":30.0,"gold_loss":0.0,"damage_taken":0.0}],"is_beta":false,"boss_relics":[{"not_picked":["Coffee Dripper","WristBlade"],"picked":"Busted Crown"}],"items_purged_floors":[13],"is_endless":false,"potions_floor_spawned":[3,5,8,14,19,20,31],"killed_by":"Champ","ascension_level":20}