{"gold_per_floor":[213,233,243,243,48,48,66,79,103,103,128,128,141,154,154,231,231,245,245,245,6,22,54,54,72,72,72,22,22,47,22,22,22],"floor_reached":33,"playtime":2013,"items_purged":["Pain","Writhe"],"score":566,"play_id":"ac4eadce-ac44-47db-ab4b-8fd0e706950b","local_time":"20190510022236","is_ascension_mode":true,"campfire_choices":[{"data":"True Grit","floor":6.0,"key":"SMITH"},{"data":"Bash","floor":10.0,"key":"SMITH"},{"data":"Hemokinesis","floor":15.0,"key":"SMITH"},{"floor":24.0,"key":"REST"},{"data":"Power Through","floor":27.0,"key":"SMITH"},{"data":"Armaments","floor":29.0,"key":"SMITH"},{"floor":32.0,"key":"REST"}],"neow_cost":"NONE","seed_source_timestamp":461159088743367,"circlet_count":0,"master_deck":["AscendersBane","Strike_R+1","Strike_R","Strike_R","Strike_R","Defend_R","Defend_R","Defend_R","Defend_R","Bash+1","Inflame","Reckless Charge","True Grit+1","Evolve","Power Through+1","Power Through","Headbutt","Sword Boomerang+1","Hemokinesis+1","Clothesline","Double Tap","Rupture","Burning Pact","Flame Barrier","Power Through","Evolve","Anger","Shrug It Off","Shockwave","True Grit","Combust","Headbutt","Armaments+1","Body Slam"],"special_seed":0,"relics":["Burning Blood","WarpedTongs","Bag of Marbles","Happy Flower","Orrery","Art of War","MutagenicStrength","Oddly Smooth Stone","Bottled Lightning","Whetstone"],"potions_floor_usage":[],"damage_taken":[{"damage":4.0,"enemies":"2 Louse","floor":1.0,"turns":3.0},{"damage":2.0,"enemies":"Cultist","floor":2.0,"turns":4.0},{"damage":6.0,"enemies":"Jaw Worm","floor":3.0,"turns":4.0},{"damage":4.0,"enemies":"Red Slaver","floor":7.0,"turns":3.0},{"damage":1.0,"enemies":"2 Fungi Beasts","floor":8.0,"turns":4.0},{"damage":0.0,"enemies":"Gremlin Nob","floor":11.0,"turns":2.0},{"damage":8.0,"enemies":"Exordium Wildlife","floor":13.0,"turns":4.0},{"damage":13.0,"enemies":"Blue Slaver","floor":14.0,"turns":3.0},{"damage":18.0,"enemies":"The Guardian","floor":16.0,"turns":10.0},{"damage":28.0,"enemies":"Spheric Guardian","floor":18.0,"turns":6.0},{"damage":4.0,"enemies":"Chosen","floor":22.0,"turns":3.0},{"damage":34.0,"enemies":"Book of Stabbing","floor":23.0,"turns":7.0},{"damage":28.0,"enemies":"Shelled Parasite and Fungi","floor":25.0,"turns":5.0},{"damage":48,"enemies":"Champ","floor":33,"turns":12}],"seed_played":"7990706772593662959","potions_obtained":[{"floor":1.0,"key":"AttackPotion"},{"floor":3.0,"key":"Strength Potion"},{"floor":13.0,"key":"EssenceOfSteel"},{"floor":16.0,"key":"EssenceOfSteel"}],"is_trial":false,"path_per_floor":["M","M","M","?","$","R","M","M","T","R","E","?","M","M","R","B",null,"M","?","?","$","M","E","R","M","T","R","$","R","T","$","R","B"],"character_chosen":"IRONCLAD","items_purchased":["Evolve","Power Through","Shrug It Off","Shockwave","Armaments","Body Slam"],"campfire_rested":2,"item_purchase_floors":[5,5,21,21,28,31],"current_hp_per_floor":[70,74,74,74,74,74,75,75,75,75,75,75,73,66,66,54,70,48,48,48,48,50,22,44,22,22,22,22,22,22,22,44,0],"gold":22,"neow_bonus":"HUNDRED_GOLD","is_prod":false,"is_daily":false,"chose_seed":false,"campfire_upgraded":5,"win_rate":0,"timestamp":1557469356,"path_taken":["M","M","M","?","$","R","?","M","T","R","E","?","M","?","R","BOSS","M","?","?","$","M","E","R","M","T","R","$","R","?","$","R","BOSS"],"build_version":"2019-01-23","purchased_purges":2,"victory":false,"max_hp_per_floor":[75,75,75,75,75,75,75,75,75,75,75,75,75,75,75,75,75,75,75,75,75,75,75,75,75,75,75,75,75,75,75,75,75],"card_choices":[{"not_picked":["Twin Strike","Feel No Pain"],"picked":"Inflame","floor":1.0},{"not_picked":["Corruption","Havoc"],"picked":"Reckless Charge","floor":2.0},{"not_picked":["Dual Wield","Corruption"],"picked":"True Grit","floor":3.0},{"not_picked":["True Grit","Disarm"],"picked":"Power Through","floor":7.0},{"not_picked":["Thunderclap","Warcry"],"picked":"Headbutt","floor":8.0},{"not_picked":["Twin Strike","Flex"],"picked":"Sword Boomerang","floor":11.0},{"not_picked":["Impervious","Flex"],"picked":"Hemokinesis","floor":13.0},{"not_picked":["Iron Wave","Pommel Strike"],"picked":"Clothesline","floor":14.0},{"not_picked":["Bludgeon","Exhume"],"picked":"Double Tap","floor":16.0},{"not_picked":["Shrug It Off","Twin Strike"],"picked":"Rupture","floor":17.0},{"not_picked":["Heavy Blade","Rage"],"picked":"Burning Pact","floor":17.0},{"not_picked":["Reckless Charge","Pummel"],"picked":"Flame Barrier","floor":17.0},{"not_picked":["Body Slam","Flex"],"picked":"Power Through","floor":17.0},{"not_picked":["Wild Strike","Flame Barrier"],"picked":"Evolve","floor":17.0},{"not_picked":["Exhume","Perfected Strike"],"picked":"Anger","floor":18.0},{"not_picked":["Body Slam","Thunderclap"],"picked":"True Grit","floor":22.0},{"not_picked":["Perfected Strike","Infernal Blade"],"picked":"Combust","floor":23.0},{"not_picked":["Iron Wave","Sword Boomerang"],"picked":"Headbutt","floor":25.0}],"player_experience":492965,"relics_obtained":[{"floor":9.0,"key":"Bag of Marbles"},{"floor":11.0,"key":"Happy Flower"},{"floor":23.0,"key":"Oddly Smooth Stone"},{"floor":26.0,"key":"Bottled Lightning"},{"floor":30.0,"key":"Whetstone"}],"event_choices":[{"damage_healed":0.0,"max_hp_gain":0.0,"max_hp_loss":0.0,"gold_gain":0.0,"event_name":"Accursed Blacksmith","player_choice":"Rummage","floor":4.0,"gold_loss":0.0,"damage_taken":0.0,"relics_obtained":["WarpedTongs"],"cards_obtained":["Pain"]},{"cards_removed":["Strike_R"],"damage_healed":0.0,"max_hp_gain":0.0,"max_hp_loss":0.0,"gold_gain":0.0,"event_name":"Purifier","player_choice":"Purged","floor":12.0,"gold_loss":0.0,"damage_taken":0.0},{"damage_healed":0.0,"max_hp_gain":0.0,"max_hp_loss":0.0,"gold_gain":0.0,"event_name":"The Mausoleum","player_choice":"Opened","floor":19.0,"gold_loss":0.0,"damage_taken":0.0,"relics_obtained":["Art of War"],"cards_obtained":["Writhe"]},{"damage_healed":0.0,"max_hp_gain":0.0,"max_hp_loss":0.0,"gold_gain":0.0,"event_name":"Drug Dealer","player_choice":"Inject Mutagens","floor":20.0,"gold_loss":0.0,"damage_taken":0.0,"relics_obtained":["MutagenicStrength"]}],"is_beta":false,"boss_relics":[{"not_picked":["Tiny House","Black Blood"],"picked":"Orrery"}],"items_purged_floors":[5,21],"is_endless":false,"potions_floor_spawned":[1,3,13,16,18],"killed_by":"Champ","ascension_level":19}