{"gold_per_floor":[109,109,121,121,139,165,165,498,498,518,518,518,45,64,64,188,188,209,232,256,31,56,99,99,137,137,172,186,186],"floor_reached":29,"playtime":2380,"items_purged":[],"score":336,"play_id":"f6040f67-80a8-4cf9-8188-dc302fc1a48e","local_time":"20180912020813","is_ascension_mode":true,"campfire_choices":[{"floor":12,"key":"REST"},{"floor":15,"key":"REST"},{"floor":24,"key":"DIG"}],"neow_cost":"NONE","seed_source_timestamp":271504402162121,"circlet_count":0,"master_deck":["Defend_G","Defend_G","Defend_G","Defend_G","Defend_G","Strike_G+1","Strike_G","Strike_G","Strike_G","Strike_G","Survivor+1","Neutralize+1","Sucker Punch","Deflect","Flying Knee","Blur","Dash","Deadly Poison","Outmaneuver","Dodge and Roll","Corpse Explosion","Slice+1","Backstab","Poisoned Stab","Terror","Distraction+1","Distraction+1","Sucker Punch","Flying Knee+1","Choke"],"relics":["Ring of the Snake","Bag of Marbles","Shovel","Golden Idol","Old Coin","Torii","Ornamental Fan","Mercury Hourglass","Toolbox","Eternal Feather","Happy Flower","Gremlin Horn","Question Card","Ancient Tea Set","Regal Pillow","Snake Skull"],"potions_floor_usage":[16,19],"damage_taken":[{"damage":0,"enemies":"Jaw Worm","floor":1,"turns":4},{"damage":0,"enemies":"2 Louse","floor":3,"turns":2},{"damage":0,"enemies":"Small Slimes","floor":5,"turns":3},{"damage":13,"enemies":"Lagavulin","floor":6,"turns":7},{"damage":20,"enemies":"Gremlin Nob","floor":8,"turns":5},{"damage":1,"enemies":"Looter","floor":10,"turns":3},{"damage":0,"enemies":"Exordium Thugs","floor":14,"turns":4},{"damage":30,"enemies":"Slime Boss","floor":16,"turns":9},{"damage":0,"enemies":"Chosen","floor":18,"turns":5},{"damage":3,"enemies":"Shell Parasite","floor":19,"turns":4},{"damage":0,"enemies":"3 Cultists","floor":20,"turns":1},{"damage":1,"enemies":"Snecko","floor":22,"turns":3},{"damage":17,"enemies":"Slavers","floor":23,"turns":2},{"damage":0,"enemies":"Gremlin Leader","floor":25,"turns":5},{"damage":21,"enemies":"Slavers","floor":27,"turns":2},{"damage":21,"enemies":"Snake Plant","floor":28,"turns":3},{"damage":24,"enemies":"Chosen and Byrds","floor":29,"turns":6}],"seed_played":"3374588251082726669","potions_obtained":[{"floor":14,"key":"AttackPotion"},{"floor":16,"key":"FearPotion"},{"floor":18,"key":"Ancient Potion"},{"floor":20,"key":"Swift Potion"}],"is_trial":false,"path_per_floor":["M","?","M","?","M","E","?","E","T","M","T","R","$","M","R","B",null,"M","M","M","$","M","E","R","E","T","E","M"],"character_chosen":"THE_SILENT","items_purchased":["Mercury Hourglass","Toolbox","Outmaneuver","Happy Flower","Terror"],"campfire_rested":2,"item_purchase_floors":[13,13,13,21,21],"current_hp_per_floor":[70,56,56,56,56,43,43,23,23,22,22,41,41,41,60,30,65,65,62,62,62,61,44,59,59,59,38,17,0],"gold":186,"neow_bonus":"RANDOM_COMMON_RELIC","is_prod":false,"is_daily":false,"chose_seed":false,"campfire_upgraded":0,"win_rate":0,"timestamp":1536732493,"path_taken":["M","?","M","?","M","E","?","E","T","M","?","R","$","M","R","BOSS","M","M","?","$","M","E","R","E","T","E","M","M"],"build_version":"2018-09-06","purchased_purges":0,"victory":false,"max_hp_per_floor":[70,70,70,70,70,70,65,65,65,65,65,65,65,65,65,65,65,65,65,65,65,65,65,65,65,65,65,65,65],"card_choices":[{"not_picked":["Dodge and Roll","Blade Dance"],"picked":"Sucker Punch","floor":1},{"not_picked":["Prepared","Quick Slash"],"picked":"Deflect","floor":3},{"not_picked":["Crippling Poison","Escape Plan"],"picked":"Flying Knee","floor":5},{"not_picked":["Deadly Poison","Dagger Throw"],"picked":"Blur","floor":6},{"not_picked":["Backflip","Finisher"],"picked":"Dash","floor":8},{"not_picked":["Acrobatics","Adrenaline"],"picked":"Deadly Poison","floor":10},{"not_picked":["Flying Knee","Deadly Poison"],"picked":"Dodge and Roll","floor":14},{"not_picked":["Envenom","Bullet Time"],"picked":"Corpse Explosion","floor":16},{"not_picked":["Cloak And Dagger","Backflip"],"picked":"Slice+1","floor":18},{"not_picked":["Poisoned Stab","Footwork+1"],"picked":"Backstab","floor":19},{"not_picked":["Crippling Poison","Blade Dance"],"picked":"Poisoned Stab","floor":20},{"not_picked":["Escape Plan","Accuracy"],"picked":"Distraction+1","floor":22},{"not_picked":["Footwork+1","Accuracy"],"picked":"Distraction+1","floor":23},{"not_picked":["Terror","Dagger Throw","Eviscerate"],"picked":"Sucker Punch","floor":25},{"not_picked":["Skewer","Accuracy+1","Acrobatics+1"],"picked":"Flying Knee+1","floor":27},{"not_picked":["Eviscerate","Dash","Sucker Punch"],"picked":"Choke","floor":28}],"player_experience":66328,"relics_obtained":[{"floor":6,"key":"Shovel"},{"floor":8,"key":"Old Coin"},{"floor":9,"key":"Torii"},{"floor":11,"key":"Ornamental Fan"},{"floor":23,"key":"Gremlin Horn"},{"floor":24,"key":"Question Card"},{"floor":25,"key":"Ancient Tea Set"},{"floor":26,"key":"Regal Pillow"},{"floor":27,"key":"Snake Skull"}],"event_choices":[{"event_name":"Shining Light","player_choice":"Entered Light","floor":2,"damage_taken":0},{"event_name":"Living Wall","player_choice":"Grow","floor":4,"damage_taken":0},{"event_name":"Golden Idol","player_choice":"Lose Max HP","floor":7,"damage_taken":0}],"is_beta":false,"boss_relics":[{"not_picked":["Snecko Eye","Empty Cage"],"picked":"Eternal Feather"}],"items_purged_floors":[],"is_endless":false,"potions_floor_spawned":[14,16,18,20],"killed_by":"Chosen and Byrds","ascension_level":1}