{"gold_per_floor":[110,129,145,155,171,171,196,213,262,274,304,327,9,24,24,96,96,114,129,144,144,144,144],"floor_reached":23,"playtime":1681,"items_purged":["Strike_B"],"score":348,"play_id":"2d6bccb5-d69f-48d1-977a-11018232e953","local_time":"20190514050648","is_ascension_mode":true,"campfire_choices":[{"data":"Sunder","floor":6.0,"key":"SMITH"},{"data":"Zap","floor":10,"key":"SMITH"},{"floor":15,"key":"REST"}],"neow_cost":"NONE","seed_source_timestamp":816889203020892,"circlet_count":0,"master_deck":["AscendersBane","Strike_B","Defend_B","Defend_B","Defend_B","Defend_B","Zap+1","Dualcast","Static Discharge","Sunder+1","Sweeping Beam","Coolheaded","Steam","Conserve Battery","Buffer","PanicButton","Rebound","Reprogram","Creative AI","Loop","Double Energy","Chaos"],"special_seed":0,"relics":["Cracked Core","Oddly Smooth Stone","Lantern","MawBank","Blood Vial","Snecko Eye"],"potions_floor_usage":[16,16],"damage_taken":[{"damage":0.0,"enemies":"Cultist","floor":1.0,"turns":3.0},{"damage":1.0,"enemies":"Jaw Worm","floor":2.0,"turns":3.0},{"damage":2.0,"enemies":"Small Slimes","floor":3.0,"turns":4.0},{"damage":7.0,"enemies":"Blue Slaver","floor":4.0,"turns":3.0},{"damage":14.0,"enemies":"Exordium Thugs","floor":5.0,"turns":5.0},{"damage":8,"enemies":"3 Sentries","floor":7,"turns":5},{"damage":3,"enemies":"Looter","floor":8,"turns":2},{"damage":0,"enemies":"3 Louse","floor":11,"turns":2},{"damage":14,"enemies":"Lots of Slimes","floor":12,"turns":2},{"damage":0,"enemies":"Exordium Wildlife","floor":14,"turns":2},{"damage":22,"enemies":"The Guardian","floor":16,"turns":14},{"damage":0,"enemies":"Chosen","floor":18,"turns":4},{"damage":10,"enemies":"3 Byrds","floor":19,"turns":4},{"damage":0,"enemies":"Cultist and Chosen","floor":20,"turns":6},{"damage":58,"enemies":"Slavers","floor":23,"turns":4}],"seed_played":"383563886708065315","potions_obtained":[{"floor":2.0,"key":"SkillPotion"},{"floor":3.0,"key":"AttackPotion"},{"floor":7,"key":"FearPotion"},{"floor":14,"key":"Block Potion"}],"is_trial":false,"path_per_floor":["M","M","M","M","M","R","E","M","T","R","M","M","$","M","R","B",null,"M","M","M","?","?","E"],"character_chosen":"DEFECT","items_purchased":["Blood Vial","PanicButton","Rebound"],"campfire_rested":1,"item_purchase_floors":[13,13,13],"current_hp_per_floor":[64,63,61,54,40,40,32,29,29,29,29,15,15,17,38,18,58,60,52,54,54,54,0],"gold":144,"neow_bonus":"RANDOM_COMMON_RELIC","is_prod":false,"is_daily":false,"chose_seed":false,"campfire_upgraded":2,"win_rate":0,"timestamp":1557824808,"path_taken":["M","M","M","M","M","R","E","M","T","R","M","M","$","?","R","BOSS","M","M","M","?","?","E"],"build_version":"2019-01-23","purchased_purges":1,"victory":false,"max_hp_per_floor":[71,71,71,71,71,71,71,71,71,71,71,71,71,71,71,71,71,71,71,71,71,71,71],"card_choices":[{"not_picked":["Redo","Aggregate","Hello World"],"picked":"SKIP","floor":1.0},{"not_picked":["Chaos","Redo"],"picked":"Static Discharge","floor":2.0},{"not_picked":["FTL","Streamline"],"picked":"Sunder","floor":3.0},{"not_picked":["Barrage","Beam Cell"],"picked":"Sweeping Beam","floor":4.0},{"not_picked":["Sweeping Beam","Barrage"],"picked":"Coolheaded","floor":5.0},{"not_picked":["Heatsinks","Stack"],"picked":"Steam","floor":7},{"not_picked":["Beam Cell","Hello World"],"picked":"Conserve Battery","floor":8},{"not_picked":["Blizzard","Fusion","Heatsinks"],"picked":"SKIP","floor":11},{"not_picked":["Ball Lightning","Go for the Eyes"],"picked":"Buffer","floor":12},{"not_picked":["Sweeping Beam","Streamline"],"picked":"Reprogram","floor":14},{"not_picked":["Amplify","Rainbow"],"picked":"Creative AI","floor":16},{"not_picked":["Stack","Go for the Eyes"],"picked":"Loop","floor":18},{"not_picked":["Chill","Barrage+1","Rip and Tear"],"picked":"SKIP","floor":19},{"not_picked":["Scrape","Leap","Redo+1"],"picked":"SKIP","floor":20}],"player_experience":606520,"relics_obtained":[{"floor":7,"key":"Lantern"},{"floor":9,"key":"MawBank"}],"event_choices":[{"damage_healed":0,"gold_gain":0,"player_choice":"Ignored","damage_taken":0,"max_hp_gain":0,"max_hp_loss":0,"event_name":"Ghosts","floor":21,"gold_loss":0},{"damage_healed":0,"gold_gain":0,"cards_transformed":["Strike_B","Strike_B"],"player_choice":"Became Test Subject","damage_taken":0,"max_hp_gain":0,"max_hp_loss":0,"event_name":"Drug Dealer","floor":22,"gold_loss":0,"cards_obtained":["Double Energy","Chaos"]}],"is_beta":false,"boss_relics":[{"not_picked":["Runic Pyramid","Runic Dome"],"picked":"Snecko Eye"}],"items_purged_floors":[13],"is_endless":false,"potions_floor_spawned":[2,3,7,11,12,14],"killed_by":"Slavers","ascension_level":15}