{"gold_per_floor":[110,110,110,75,89,89,120,139,165,196,206,219,40,73,73,150,150,168,185,285,200,200,200,259,270,294,294,294,324,341,341,341,415,415,435,435,435,4,4,34,46,75,155,192,204,216,260,290,302,314],"floor_reached":51,"playtime":3062,"items_purged":[],"score":1809,"play_id":"b88d95f0-5676-414c-b53b-65dedf13aa0e","local_time":"20190514212048","is_ascension_mode":true,"campfire_choices":[{"data":"Go for the Eyes","floor":6,"key":"SMITH"},{"data":"Defragment","floor":15,"key":"SMITH"},{"floor":23,"key":"REST"},{"data":"Coolheaded","floor":28,"key":"SMITH"},{"data":"Hologram","floor":32,"key":"SMITH"},{"data":"Buffer","floor":41,"key":"SMITH"},{"data":"Loop","floor":46,"key":"SMITH"},{"data":"Capacitor","floor":49,"key":"SMITH"}],"neow_cost":"NONE","seed_source_timestamp":21976330793658,"circlet_count":0,"master_deck":["AscendersBane","Strike_B+1","Strike_B+1","Strike_B+1","Defend_B+1","Defend_B+1","Defend_B+1","Defend_B+1","Zap+1","Dualcast","Gash","Go for the Eyes+1","Lockon","Ball Lightning","Capacitor+1","Sweeping Beam","Defragment+1","BootSequence","Melter","Electrodynamics","All For One","Coolheaded+1","Chill","Glacier","Reinforced Body+1","Coolheaded","Hologram+1","Buffer+1","Redo+1","Loop+1","Hologram+1","Conserve Battery+1","Buffer+1"],"relics":["Cracked Core","NeowsBlessing","PreservedInsect","Juzu Bracelet","Thread and Needle","Happy Flower","Black Star","Calipers","Pantograph","DataDisk","Unceasing Top","Mummified Hand","Tiny Chest","Ancient Tea Set","Sundial","Potion Belt","MutagenicStrength","Nuclear Battery","Dodecahedron","Torii","Singing Bowl","Dead Branch","MawBank","Pear","Anchor","Regal Pillow","Vajra","Bronze Scales"],"potions_floor_usage":[10,20,20,29,33,33,47,47,47,50],"damage_taken":[{"damage":0,"enemies":"Small Slimes","floor":1,"turns":1},{"damage":0,"enemies":"Jaw Worm","floor":5,"turns":1},{"damage":0,"enemies":"Gremlin Nob","floor":7,"turns":1},{"damage":13,"enemies":"2 Louse","floor":8,"turns":2},{"damage":2,"enemies":"3 Sentries","floor":10,"turns":3},{"damage":0,"enemies":"Blue Slaver","floor":11,"turns":2},{"damage":0,"enemies":"Large Slime","floor":12,"turns":4},{"damage":6,"enemies":"Lagavulin","floor":14,"turns":5},{"damage":27,"enemies":"The Guardian","floor":16,"turns":9},{"damage":0,"enemies":"Chosen","floor":18,"turns":4},{"damage":11,"enemies":"Spheric Guardian","floor":19,"turns":4},{"damage":18,"enemies":"Colosseum Slavers","floor":20,"turns":4},{"damage":0,"enemies":"Colosseum Nobs","floor":20,"turns":2},{"damage":13,"enemies":"Book of Stabbing","floor":24,"turns":5},{"damage":9,"enemies":"Cultist and Chosen","floor":25,"turns":4},{"damage":2,"enemies":"Gremlin Leader","floor":29,"turns":4},{"damage":0,"enemies":"Shelled Parasite and Fungi","floor":30,"turns":5},{"damage":0,"enemies":"Champ","floor":33,"turns":9},{"damage":10,"enemies":"Orb Walker","floor":35,"turns":3},{"damage":1,"enemies":"Nemesis","floor":40,"turns":11},{"damage":0,"enemies":"3 Darklings","floor":42,"turns":5},{"damage":0,"enemies":"Reptomancer","floor":44,"turns":3},{"damage":9,"enemies":"Nemesis","floor":47,"turns":5},{"damage":0,"enemies":"4 Shapes","floor":48,"turns":7},{"damage":0,"enemies":"Donu and Deca","floor":50,"turns":9}],"seed_played":"151606708490062496","potions_obtained":[{"floor":7,"key":"Dexterity Potion"},{"floor":8,"key":"Explosive Potion"},{"floor":11,"key":"Regen Potion"},{"floor":12,"key":"PowerPotion"},{"floor":24,"key":"Regen Potion"},{"floor":25,"key":"FocusPotion"},{"floor":29,"key":"Poison Potion"},{"floor":33,"key":"GamblersBrew"},{"floor":35,"key":"Explosive Potion"},{"floor":40,"key":"EntropicBrew"},{"floor":48,"key":"SpeedPotion"}],"is_trial":false,"path_per_floor":["M","?","?","?","M","R","E","M","T","E","M","M","$","E","R","B",null,"M","M","?","?","T","R","E","M","T","?","R","E","M","?","R","B",null,"M","?","T","$","?","E","R","M","T","E","?","R","E","M","R","B",null],"character_chosen":"DEFECT","items_purchased":["BootSequence","Melter","Loop","Torii"],"campfire_rested":1,"item_purchase_floors":[13,13,38,38],"current_hp_per_floor":[64,64,43,60,60,60,60,47,47,45,45,45,45,39,39,12,56,56,45,39,39,39,60,47,38,38,38,38,48,48,48,48,71,71,61,61,61,61,61,62,62,62,72,72,72,72,65,67,67,87],"gold":326,"neow_bonus":"THREE_ENEMY_KILL","is_prod":false,"is_daily":false,"chose_seed":false,"campfire_upgraded":7,"win_rate":0,"timestamp":1557883248,"path_taken":["M","?","?","?","M","R","E","M","T","E","M","M","$","E","R","BOSS","M","M","?","?","?","R","E","M","T","?","R","E","M","?","R","BOSS","M","?","?","$","?","E","R","M","T","E","?","R","E","M","R","BOSS"],"build_version":"2019-01-23","purchased_purges":0,"victory":true,"max_hp_per_floor":[71,71,71,71,71,71,71,71,71,71,71,71,71,71,71,71,71,71,71,71,71,71,71,71,71,71,71,71,71,71,71,71,71,71,71,71,71,71,71,73,73,73,83,83,83,83,85,87,87,87],"card_choices":[{"not_picked":["Conserve Battery","Darkness"],"picked":"Gash","floor":1},{"not_picked":["Conserve Battery","Sweeping Beam"],"picked":"Go for the Eyes","floor":5},{"not_picked":["Amplify","Chaos"],"picked":"Lockon","floor":7},{"not_picked":["Stack","Streamline"],"picked":"Ball Lightning","floor":8},{"not_picked":["Beam Cell","Storm"],"picked":"Capacitor","floor":10},{"not_picked":["Redo","Streamline"],"picked":"Sweeping Beam","floor":11},{"not_picked":["Ball Lightning","Coolheaded"],"picked":"Defragment","floor":12},{"not_picked":["Chill","Ball Lightning"],"picked":"Electrodynamics","floor":14},{"not_picked":["Buffer","Multi-Cast"],"picked":"All For One","floor":16},{"not_picked":["Recycle","Heatsinks+1"],"picked":"Coolheaded","floor":18},{"not_picked":["Auto Shields","Compile Driver"],"picked":"Chill","floor":19},{"not_picked":["Rebound","Beam Cell"],"picked":"Glacier","floor":20},{"not_picked":["Multi-Cast","Hello World"],"picked":"Reinforced Body+1","floor":24},{"not_picked":["Stack","Static Discharge"],"picked":"Coolheaded","floor":25},{"not_picked":["Aggregate","Chaos","Redo"],"picked":"SKIP","floor":29},{"not_picked":["Conserve Battery","Redo"],"picked":"Hologram","floor":30},{"not_picked":["Electrodynamics","Meteor Strike"],"picked":"Buffer","floor":33},{"not_picked":["White Noise","Streamline"],"picked":"Redo+1","floor":35},{"not_picked":["Barrage","Leap","Chill"],"picked":"Singing Bowl","floor":40},{"not_picked":["Glacier","Streamline"],"picked":"Hologram+1","floor":42},{"not_picked":["White Noise","Gash+1"],"picked":"Conserve Battery+1","floor":44},{"not_picked":["Lockon","Undo","Conserve Battery"],"picked":"Singing Bowl","floor":47},{"not_picked":["Recycle","Rip and Tear","Cold Snap"],"picked":"Singing Bowl","floor":48}],"player_experience":627021,"relics_obtained":[{"floor":7,"key":"PreservedInsect"},{"floor":9,"key":"Juzu Bracelet"},{"floor":10,"key":"Thread and Needle"},{"floor":14,"key":"Happy Flower"},{"floor":20,"key":"Calipers"},{"floor":20,"key":"Pantograph"},{"floor":22,"key":"Unceasing Top"},{"floor":24,"key":"Mummified Hand"},{"floor":24,"key":"Tiny Chest"},{"floor":26,"key":"Ancient Tea Set"},{"floor":29,"key":"Sundial"},{"floor":29,"key":"Potion Belt"},{"floor":37,"key":"Dodecahedron"},{"floor":40,"key":"Dead Branch"},{"floor":40,"key":"MawBank"},{"floor":43,"key":"Pear"},{"floor":44,"key":"Anchor"},{"floor":44,"key":"Regal Pillow"},{"floor":47,"key":"Vajra"},{"floor":47,"key":"Bronze Scales"}],"event_choices":[{"damage_healed":0,"gold_gain":0,"player_choice":"Grow","damage_taken":0,"max_hp_gain":0,"max_hp_loss":0,"event_name":"Living Wall","floor":2,"gold_loss":0,"cards_upgraded":["Zap"]},{"damage_healed":0,"gold_gain":0,"player_choice":"Entered Light","damage_taken":21,"max_hp_gain":0,"max_hp_loss":0,"event_name":"Shining Light","floor":3,"gold_loss":0,"cards_upgraded":["Strike_B","Defend_B"]},{"damage_healed":17,"gold_gain":0,"player_choice":"Healed","damage_taken":0,"max_hp_gain":0,"max_hp_loss":0,"event_name":"The Cleric","floor":4,"gold_loss":35},{"damage_healed":0,"gold_gain":0,"player_choice":"Fight","damage_taken":0,"max_hp_gain":0,"max_hp_loss":0,"event_name":"Colosseum","floor":20,"gold_loss":0},{"damage_healed":0,"gold_gain":0,"player_choice":"Fought Nobs","damage_taken":0,"max_hp_gain":0,"max_hp_loss":0,"event_name":"Colosseum","floor":20,"gold_loss":0},{"damage_healed":0,"gold_gain":0,"player_choice":"Obtained Relic","damage_taken":0,"relics_obtained":["DataDisk"],"max_hp_gain":0,"max_hp_loss":0,"event_name":"Addict","floor":21,"gold_loss":85},{"damage_healed":0,"gold_gain":0,"player_choice":"Simplicity","damage_taken":0,"max_hp_gain":0,"max_hp_loss":0,"event_name":"Back to Basics","floor":27,"gold_loss":0,"cards_upgraded":["Strike_B","Strike_B","Strike_B","Defend_B","Defend_B","Defend_B"]},{"damage_healed":0,"gold_gain":0,"player_choice":"Inject Mutagens","damage_taken":0,"relics_obtained":["MutagenicStrength"],"max_hp_gain":0,"max_hp_loss":0,"event_name":"Drug Dealer","floor":31,"gold_loss":0},{"cards_removed":["Strike_B"],"damage_healed":0,"gold_gain":0,"player_choice":"Removed Attack","damage_taken":0,"max_hp_gain":0,"max_hp_loss":0,"event_name":"Falling","floor":36,"gold_loss":0},{"damage_healed":0,"gold_gain":0,"player_choice":"Gave Potion","damage_taken":0,"relics_obtained":["Singing Bowl"],"max_hp_gain":0,"max_hp_loss":0,"event_name":"WeMeetAgain","floor":39,"gold_loss":0},{"damage_healed":0,"gold_gain":0,"player_choice":"Copied","damage_taken":0,"max_hp_gain":0,"max_hp_loss":0,"event_name":"Duplicator","floor":45,"gold_loss":0,"cards_obtained":["Buffer"]}],"is_beta":false,"boss_relics":[{"not_picked":["Empty Cage","Ectoplasm"],"picked":"Black Star"},{"not_picked":["Runic Pyramid","Coffee Dripper"],"picked":"Nuclear Battery"}],"items_purged_floors":[],"is_endless":false,"potions_floor_spawned":[7,8,11,12,16,18,24,25,29,33,35,40,48],"ascension_level":19}