{"gold_per_floor":[111,111,111,129,146,146,162,162,162,180,214,214,233,265,265,369,369,386,386,39,50,250,285,57,57,57,77,77,90,118,135,135,135],"floor_reached":33,"playtime":4306,"items_purged":[],"score":277,"play_id":"96d1a546-5596-4e03-b9c6-a31fdf777960","local_time":"20180623152017","is_ascension_mode":false,"campfire_choices":[{"floor":6,"key":"REST"},{"data":"Ball Lightning","floor":8,"key":"SMITH"},{"floor":12,"key":"REST"},{"floor":15,"key":"REST"},{"floor":25,"key":"REST"},{"floor":28,"key":"REST"},{"floor":32,"key":"REST"}],"neow_cost":"NONE","seed_source_timestamp":568658778424989,"circlet_count":0,"master_deck":["Strike_B","Strike_B+1","Strike_B","Defend_B","Defend_B","Defend_B","Defend_B","Dualcast","Multi-Cast","Glacier","Doom and Gloom","Ball Lightning+1","Genetic Algorithm","Hologram","Coolheaded","Compile Driver","Fission","Compile Driver+1","Leap+1","Consume+1","Blizzard","Chaos+1","Cold Snap+1","Glacier+1","Buffer","Dramatic Entrance","Redo+1","Blizzard","Skim+1","Stack+1","Stack+1","Redo+1"],"relics":["Cracked Core","Peace Pipe","Pear","Bag of Preparation","Regal Pillow","Astrolabe","Toxic Egg 2","Whetstone","Bottled Lightning","Red Mask"],"potions_floor_usage":[16,16,29,33],"damage_taken":[{"damage":6,"enemies":"Jaw Worm","floor":1,"turns":3},{"damage":5,"enemies":"Small Slimes","floor":4,"turns":5},{"damage":0,"enemies":"2 Louse","floor":5,"turns":2},{"damage":0,"enemies":"Large Slime","floor":7,"turns":4},{"damage":16,"enemies":"3 Louse","floor":10,"turns":3},{"damage":15,"enemies":"Gremlin Nob","floor":11,"turns":5},{"damage":4,"enemies":"Exordium Thugs","floor":13,"turns":3},{"damage":16,"enemies":"Lagavulin","floor":14,"turns":5},{"damage":60,"enemies":"Hexaghost","floor":16,"turns":11},{"damage":29,"enemies":"Shell Parasite","floor":18,"turns":18},{"damage":3,"enemies":"Spheric Guardian","floor":21,"turns":10},{"damage":27,"enemies":"Slavers","floor":23,"turns":9},{"damage":13,"enemies":"Centurion and Healer","floor":27,"turns":9},{"damage":10,"enemies":"Cultist and Chosen","floor":29,"turns":10},{"damage":47,"floor":30,"turns":6},{"damage":8,"enemies":"3 Cultists","floor":31,"turns":6},{"damage":79,"enemies":"Automaton","floor":33,"turns":12}],"seed_played":"6279446265252708006","potions_obtained":[{"floor":4,"key":"Poison Potion"},{"floor":5,"key":"Regen Potion"},{"floor":7,"key":"SpeedPotion"},{"floor":23,"key":"Energy Potion"},{"floor":31,"key":"EssenceOfSteel"}],"is_trial":false,"path_per_floor":["M","?","?","M","M","R","M","R","T","M","E","R","M","E","R","B",null,"M","?","$","M","?","E","$","R","T","M","R","M","?","M","R"],"character_chosen":"DEFECT","items_purchased":["Toxic Egg 2","Chaos","Cold Snap","Dramatic Entrance","Redo+1","Blizzard"],"campfire_rested":6,"item_purchase_floors":[20,20,20,24,24,24],"current_hp_per_floor":[69,69,51,46,46,68,68,68,78,62,47,72,68,52,85,40,85,56,56,56,53,53,26,26,66,66,53,85,75,28,20,60,0],"gold":135,"neow_bonus":"ONE_RANDOM_RARE_CARD","is_prod":false,"is_daily":false,"chose_seed":false,"campfire_upgraded":1,"win_rate":0.0,"timestamp":1529781617,"path_taken":["M","?","?","M","M","R","M","R","T","M","E","R","M","E","R","BOSS","M","?","$","?","?","E","$","R","T","M","R","M","?","?","R","BOSS"],"build_version":"2018-06-21v2","purchased_purges":0,"victory":false,"max_hp_per_floor":[75,75,75,75,75,75,75,75,85,85,85,85,85,85,85,85,85,85,85,85,85,85,85,85,85,85,85,85,85,85,85,85,85],"card_choices":[{"not_picked":["Compile Driver","Skim"],"picked":"Glacier","floor":1},{"not_picked":["Coolheaded","Chaos"],"picked":"Doom and Gloom","floor":4},{"not_picked":["Compile Driver","Go for the Eyes"],"picked":"Ball Lightning","floor":5},{"not_picked":["Reprogram","Go for the Eyes"],"picked":"Genetic Algorithm","floor":7},{"not_picked":["Storm","Ball Lightning"],"picked":"Gash","floor":10},{"not_picked":["Seek","Go for the Eyes"],"picked":"Hologram","floor":11},{"not_picked":["Capacitor","Hologram"],"picked":"Coolheaded","floor":13},{"not_picked":["Beam Cell","Coolheaded"],"picked":"Compile Driver","floor":14},{"not_picked":["Seek","Machine Learning"],"picked":"Fission","floor":16},{"not_picked":["Aggregate","Chill"],"picked":"Blizzard","floor":18},{"not_picked":["Self Repair+1","Ball Lightning"],"picked":"Glacier+1","floor":21},{"not_picked":["Skim+1","Beam Cell"],"picked":"Buffer","floor":23},{"not_picked":["Leap+1","Static Discharge+1"],"picked":"Skim+1","floor":27},{"not_picked":["Beam Cell+1","Auto Shields+1"],"picked":"Stack+1","floor":29},{"not_picked":["Compile Driver","Hologram+1"],"picked":"Stack+1","floor":30},{"not_picked":["Barrage","Stack+1"],"picked":"Redo+1","floor":31}],"player_experience":6605,"relics_obtained":[{"floor":9,"key":"Pear"},{"floor":11,"key":"Bag of Preparation"},{"floor":14,"key":"Regal Pillow"},{"floor":23,"key":"Whetstone"},{"floor":26,"key":"Bottled Lightning"},{"floor":30,"key":"Red Mask"}],"event_choices":[{"event_name":"The Cleric","player_choice":"Leave","floor":2,"damage_taken":0},{"event_name":"Scrap Ooze","player_choice":"success","floor":3,"damage_taken":18},{"event_name":"Accursed Blacksmith","player_choice":"Ignore","floor":19,"damage_taken":0},{"event_name":"Wheel of Change","player_choice":"Gold","floor":22,"damage_taken":0},{"event_name":"Masked Bandits","player_choice":"Fought over 90 gold","floor":30,"damage_taken":0}],"boss_relics":[{"not_picked":["Coffee Dripper","Runic Dome"],"picked":"Astrolabe"}],"items_purged_floors":[],"is_endless":false,"potions_floor_spawned":[4,5,7,11,23,31],"killed_by":"Automaton","ascension_level":0}