{"gold_per_floor":[118,132,149,149,159,188,188,216,216,233,3,19,34,54,54,149,149,166,178,195,195],"floor_reached":21,"playtime":1814,"items_purged":["Defend_G"],"score":286,"play_id":"f4042ccc-58db-484c-a293-f6c61eaf4923","local_time":"20190502152110","is_ascension_mode":true,"campfire_choices":[{"floor":7,"key":"REST"},{"floor":15,"key":"REST"}],"neow_cost":"NONE","seed_source_timestamp":5018332562715627,"circlet_count":0,"master_deck":["Defend_G","Defend_G","Defend_G","Defend_G","Strike_G","Strike_G","Strike_G","Strike_G","Strike_G","Survivor","Neutralize+1","PiercingWail","Noxious Fumes","Escape Plan","Blur","Terror","Noxious Fumes","Envenom","Bane+1","Leg Sweep"],"relics":["Ring of the Snake","Pocketwatch","Happy Flower","Bottled Lightning","Anchor","Cursed Key"],"potions_floor_usage":[6,6,13,16,21],"damage_taken":[{"damage":3,"enemies":"Jaw Worm","floor":1,"turns":6},{"damage":7,"enemies":"Cultist","floor":2,"turns":6},{"damage":1,"enemies":"2 Louse","floor":3,"turns":4},{"damage":1,"enemies":"Blue Slaver","floor":5,"turns":5},{"damage":54,"enemies":"Gremlin Nob","floor":6,"turns":7},{"damage":26,"enemies":"3 Sentries","floor":8,"turns":8},{"damage":0,"enemies":"Red Slaver","floor":10,"turns":6},{"damage":0,"enemies":"3 Louse","floor":12,"turns":4},{"damage":0,"enemies":"Lots of Slimes","floor":13,"turns":2},{"damage":0,"enemies":"Looter","floor":14,"turns":3},{"damage":9,"enemies":"The Guardian","floor":16,"turns":9},{"damage":32,"enemies":"Spheric Guardian","floor":18,"turns":6},{"damage":19,"enemies":"3 Byrds","floor":19,"turns":5},{"damage":9,"enemies":"Centurion and Healer","floor":20,"turns":6},{"damage":0,"enemies":"Colosseum Slavers","floor":21,"turns":3}],"seed_played":"4835056456274421512","potions_obtained":[{"floor":2,"key":"Energy Potion"},{"floor":3,"key":"Regen Potion"},{"floor":12,"key":"Explosive Potion"},{"floor":14,"key":"AttackPotion"},{"floor":16,"key":"Dexterity Potion"},{"floor":19,"key":"Strength Potion"}],"is_trial":false,"path_per_floor":["M","M","M","?","M","E","R","E","T","M","$","M","M","M","R","B",null,"M","M","M","?"],"character_chosen":"THE_SILENT","items_purchased":["Anchor"],"campfire_rested":2,"item_purchase_floors":[11],"current_hp_per_floor":[67,60,59,59,58,19,42,16,16,16,16,16,16,16,39,30,65,33,14,5,5],"gold":195,"neow_bonus":"TEN_PERCENT_HP_BONUS","is_prod":false,"is_daily":false,"chose_seed":false,"campfire_upgraded":0,"win_rate":0,"timestamp":1556824870,"path_taken":["M","M","M","?","M","E","R","E","T","M","$","M","M","?","R","BOSS","M","M","?","?"],"build_version":"2019-01-23","purchased_purges":1,"victory":false,"max_hp_per_floor":[77,77,77,77,77,77,77,77,77,77,77,77,77,77,77,77,77,77,77,77,77],"card_choices":[{"not_picked":["Blade Dance","Concentrate"],"picked":"PiercingWail","floor":1},{"not_picked":["Masterful Stab","Cloak And Dagger"],"picked":"Noxious Fumes","floor":2},{"not_picked":["Prepared","Flechettes"],"picked":"Escape Plan","floor":3},{"not_picked":["Blade Dance","Riddle With Holes","Poisoned Stab"],"picked":"SKIP","floor":5},{"not_picked":["Concentrate","Reflex","Dagger Spray"],"picked":"SKIP","floor":6},{"not_picked":["Slice","Outmaneuver","Eviscerate"],"picked":"SKIP","floor":8},{"not_picked":["Blade Dance","Riddle With Holes"],"picked":"Blur","floor":10},{"not_picked":["Slice","Dagger Spray"],"picked":"Terror","floor":12},{"not_picked":["Storm of Steel","Dagger Throw"],"picked":"Noxious Fumes","floor":13},{"not_picked":["Slice","Tactician","Acrobatics"],"picked":"SKIP","floor":14},{"not_picked":["Grand Finale","Doppelganger"],"picked":"Envenom","floor":16},{"not_picked":["Prepared","Blade Dance"],"picked":"Bane+1","floor":18},{"not_picked":["Predator","Underhanded Strike","Catalyst"],"picked":"SKIP","floor":19},{"not_picked":["PiercingWail","Poisoned Stab"],"picked":"Leg Sweep","floor":20}],"player_experience":227404,"relics_obtained":[{"floor":6,"key":"Pocketwatch"},{"floor":8,"key":"Happy Flower"},{"floor":9,"key":"Bottled Lightning"}],"event_choices":[{"damage_healed":0,"gold_gain":0,"player_choice":"Upgraded","damage_taken":0,"max_hp_gain":0,"max_hp_loss":0,"event_name":"Upgrade Shrine","floor":4,"gold_loss":0,"cards_upgraded":["Neutralize"]},{"damage_healed":0,"gold_gain":0,"player_choice":"Fight","damage_taken":0,"max_hp_gain":0,"max_hp_loss":0,"event_name":"Colosseum","floor":21,"gold_loss":0}],"is_beta":false,"boss_relics":[{"not_picked":["Calling Bell","Coffee Dripper"],"picked":"Cursed Key"}],"items_purged_floors":[11],"is_endless":false,"potions_floor_spawned":[2,3,12,14,16,19],"killed_by":"Colosseum Slavers","ascension_level":9}