{"gold_per_floor":[119,119,137,156,14,49,49,49,120,120,138,188,188,238,238,238],"floor_reached":16,"playtime":505,"items_purged":[],"score":172,"play_id":"61220750-bf36-4192-b28d-087f6fabf89a","local_time":"20190526003631","is_ascension_mode":true,"campfire_choices":[{"data":"Uppercut","floor":8.0,"key":"SMITH"},{"data":"Berserk","floor":10.0,"key":"SMITH"},{"floor":13.0,"key":"REST"},{"data":"Limit Break","floor":15.0,"key":"SMITH"}],"neow_cost":"NONE","seed_source_timestamp":13939233450613,"circlet_count":0,"master_deck":["AscendersBane","Strike_R","Strike_R","Strike_R","Defend_R","Defend_R","Defend_R","Defend_R","Bash","Second Wind","Anger","Berserk+1","Shrug It Off","Spot Weakness","Limit Break+1","Flame Barrier","Uppercut+1","Battle Trance","Regret"],"special_seed":0,"relics":["Burning Blood","Juzu Bracelet","SsserpentHead","Question Card","Golden Idol","Pear"],"potions_floor_usage":[16],"damage_taken":[{"damage":12.0,"enemies":"2 Louse","floor":1.0,"turns":4.0},{"damage":5.0,"enemies":"Cultist","floor":3.0,"turns":4.0},{"damage":13.0,"enemies":"Jaw Worm","floor":4.0,"turns":5.0},{"damage":37.0,"enemies":"Lagavulin","floor":6.0,"turns":10.0},{"damage":10.0,"enemies":"Large Slime","floor":11.0,"turns":5.0},{"damage":55,"enemies":"Slime Boss","floor":16,"turns":6}],"seed_played":"-5837319909713755686","potions_obtained":[{"floor":1.0,"key":"Regen Potion"},{"floor":6.0,"key":"Regen Potion"},{"floor":11.0,"key":"SneckoOil"}],"is_trial":false,"path_per_floor":["M","?","M","M","$","E","?","R","T","R","M","?","R","?","R","B"],"character_chosen":"IRONCLAD","items_purchased":["Limit Break","Flame Barrier"],"campfire_rested":1,"item_purchase_floors":[5,5],"current_hp_per_floor":[62,62,63,56,56,40,40,40,40,40,45,19,41,51,51,0],"gold":238,"neow_bonus":"TRANSFORM_CARD","is_prod":false,"is_daily":false,"chose_seed":false,"campfire_upgraded":3,"win_rate":0,"timestamp":1558823791,"path_taken":["M","?","M","M","$","E","?","R","T","R","M","?","R","?","R","BOSS"],"build_version":"2019-01-23","purchased_purges":0,"victory":false,"max_hp_per_floor":[75,75,75,75,75,75,75,75,75,75,75,75,75,85,85,85],"card_choices":[{"not_picked":["Pummel","Second Wind"],"picked":"Anger","floor":1.0},{"not_picked":["Uppercut","Headbutt"],"picked":"Shrug It Off","floor":3.0},{"not_picked":["Heavy Blade","Wild Strike"],"picked":"Spot Weakness","floor":4.0},{"not_picked":["Exhume","Bludgeon"],"picked":"Uppercut","floor":6.0},{"not_picked":["Wild Strike","Flex","Clothesline"],"picked":"Battle Trance","floor":11.0}],"player_experience":668393,"relics_obtained":[{"floor":6.0,"key":"Juzu Bracelet"},{"floor":9.0,"key":"Question Card"}],"event_choices":[{"damage_healed":0.0,"max_hp_gain":0.0,"max_hp_loss":0.0,"gold_gain":0.0,"cards_transformed":["Strike_R"],"event_name":"Transmorgrifier","player_choice":"Transformed","floor":2.0,"gold_loss":0.0,"damage_taken":0.0,"cards_obtained":["Berserk"]},{"damage_healed":0.0,"max_hp_gain":0.0,"max_hp_loss":0.0,"gold_gain":0.0,"event_name":"FaceTrader","player_choice":"Trade","floor":7.0,"gold_loss":0.0,"damage_taken":0.0,"relics_obtained":["SsserpentHead"]},{"damage_healed":0.0,"max_hp_gain":0.0,"max_hp_loss":0.0,"gold_gain":0.0,"event_name":"Golden Idol","player_choice":"Take Damage","floor":12.0,"gold_loss":0.0,"damage_taken":26.0,"relics_obtained":["Golden Idol"]},{"damage_healed":0.0,"max_hp_gain":0.0,"max_hp_loss":0.0,"gold_gain":0.0,"event_name":"Big Fish","player_choice":"Box","floor":14.0,"gold_loss":0.0,"damage_taken":0.0,"relics_obtained":["Pear"],"cards_obtained":["Regret"]}],"is_beta":false,"boss_relics":[],"items_purged_floors":[],"is_endless":false,"potions_floor_spawned":[1,6,11],"killed_by":"Slime Boss","ascension_level":15}