{"path_per_floor":["M","?","?","M","M","R","M","R","T","M","$","R","M","M","R","B",null,"M","M","$","?","M","R","M","R","T","?","M","M","$","$","R","B",null,"M","?","M","?","?","R","E","R","T","?","M","M","T","M","R"],"character_chosen":"THE_SILENT","items_purchased":["Flash of Steel","Dexterity Potion","Thinking Ahead","Strength Potion","Dexterity Potion","Strength Potion"],"gold_per_floor":[367,542,542,554,570,570,589,589,641,660,439,439,459,470,470,567,597,615,635,286,186,203,203,221,221,221,221,237,251,126,22,22,117,117,137,0,15,15,15,15,47,47,47,47,57,75,75,89,89],"floor_reached":50,"campfire_rested":6,"playtime":4187,"current_hp_per_floor":[70,70,63,63,60,60,50,50,50,48,48,48,38,39,60,38,81,82,61,61,61,32,57,48,48,48,39,29,19,19,19,47,21,96,87,87,38,62,62,90,11,39,39,86,71,63,63,26,53],"items_purged":["Defend_G","Strike_G","Strike_G"],"gold":89,"play_id":"2f4ace4e-745f-4008-b0ec-e8e09d38609f","is_prod":false,"is_daily":false,"is_ascension_mode":false,"campfire_upgraded":4,"path_taken":["M","?","?","M","M","R","M","R","T","M","$","R","?","?","R","BOSS","M","M","$","?","M","R","M","R","T","?","M","M","?","$","R","BOSS","M","?","M","?","?","R","E","R","T","?","M","M","?","M","R","BOSS"],"build_version":"2018-02-01-PROD3","purchased_purges":3,"victory":false,"master_deck":["Defend_G","Defend_G","Defend_G","Defend_G","Strike_G","Strike_G","Strike_G","Survivor+1","Neutralize+1","Parasite","Dagger Spray+1","Escape Plan","Quick Slash","Quick Slash","Escape Plan","Flash of Steel","Dagger Spray","Calculated Gamble","Thinking Ahead+1","J.A.X.","Distraction+1","Dagger Spray","Noxious Fumes+1","Writhe","Deflect+1","Prepared"],"max_hp_per_floor":[70,70,70,70,70,70,70,70,70,70,70,70,70,72,72,74,81,83,83,83,83,85,85,87,87,87,92,94,94,94,94,94,96,96,96,96,96,96,96,96,96,96,96,86,88,88,88,90,90],"relics":["Ring of the Snake","Singing Bowl","Tiny House","Bird Faced Urn","Lizard Tail","Red Mask","Unceasing Top","Thread and Needle","Calipers"],"card_choices":[{"not_picked":["Sucker Punch","PiercingWail"],"picked":"Dagger Spray"},{"not_picked":["Terror","Poisoned Stab"],"picked":"Escape Plan"},{"not_picked":["Dagger Throw","Prepared"],"picked":"Quick Slash"},{"not_picked":["Crippling Poison","Flechettes"],"picked":"Quick Slash"},{"not_picked":["Flying Knee","Caltrops"],"picked":"Escape Plan"},{"not_picked":["Bullet Time","Dagger Throw"],"picked":"Dagger Spray"},{"not_picked":["Deflect","Deadly Poison"],"picked":"Calculated Gamble"},{"not_picked":["Well Laid Plans","Flying Knee"],"picked":"Distraction"},{"not_picked":["Infinite Blades","Finisher"],"picked":"Dagger Spray"},{"not_picked":["Dagger Throw","Slice"],"picked":"Noxious Fumes"},{"not_picked":["Flying Knee","Slice"],"picked":"Deflect"},{"not_picked":["Flying Knee","Predator"],"picked":"Prepared"}],"player_experience":10975,"potions_floor_usage":[13,16,16,22,24,28,29,33,33,33,35,46,50,50],"damage_taken":[{"damage":0,"enemies":"Cultist","floor":1,"turns":3},{"damage":0,"enemies":"Small Slimes","floor":4,"turns":2},{"damage":3,"enemies":"Blue Slaver","floor":5,"turns":4},{"damage":10,"enemies":"Looter","floor":7,"turns":4},{"damage":2,"enemies":"Red Slaver","floor":10,"turns":3},{"damage":13,"enemies":"Gremlin Gang","floor":13,"turns":6},{"damage":1,"enemies":"Exordium Wildlife","floor":14,"turns":2},{"damage":24,"enemies":"Slime Boss","floor":16,"turns":10},{"damage":1,"enemies":"3 Byrds","floor":18,"turns":4},{"damage":21,"enemies":"2 Thieves","floor":19,"turns":4},{"damage":31,"enemies":"Slaver and Parasite","floor":22,"turns":9},{"damage":11,"enemies":"Snake Plant","floor":24,"turns":5},{"damage":12,"enemies":"Centurion and Healer","floor":28,"turns":4},{"damage":10,"enemies":"3 Cultists","floor":29,"turns":4},{"damage":28,"enemies":"Collector","floor":33,"turns":11},{"damage":9,"enemies":"Orb Walker","floor":35,"turns":3},{"damage":49,"enemies":"3 Darklings","floor":37,"turns":5},{"damage":131,"enemies":"Nemesis","floor":41,"turns":13},{"damage":17,"enemies":"4 Shapes","floor":45,"turns":6},{"damage":10,"enemies":"Maw","floor":46,"turns":11},{"damage":41,"enemies":"Sphere and 2 Shapes","floor":48,"turns":6},{"damage":70,"enemies":"Awakened One","floor":50,"turns":6}],"event_choices":[{"event_name":"Liars Game","player_choice":"agreed","floor":2,"damage_taken":0},{"event_name":"Golden Wing","player_choice":"Card Removal","floor":3,"damage_taken":0},{"event_name":"Drug Dealer","player_choice":"Got JAXXED","floor":21,"damage_taken":0},{"event_name":"Forgotten Altar","player_choice":"Shed Blood","floor":27,"damage_taken":0},{"event_name":"Tomb of Lord Red Mask","player_choice":"Paid","floor":36,"damage_taken":0},{"event_name":"Winding Halls","player_choice":"Writhe","floor":38,"damage_taken":0},{"event_name":"Mysterious Sphere","player_choice":"Ignore","floor":39,"damage_taken":0},{"event_name":"The Moai Head","player_choice":"Heal","floor":44,"damage_taken":0}],"boss_relics":[{"not_picked":["Runic Pyramid","Ectoplasm"],"picked":"Tiny House"},{"not_picked":["Snecko Eye","Calling Bell"],"picked":"Lizard Tail"}],"potions_floor_spawned":[4,13,14,24,28,29,33,45,46,48],"seed_played":"-132957668149859760","killed_by":"Awakened One","ascension_level":0,"is_trial":false}