{"gold_per_floor":[20,20,33,43,56,56,74,104,104,104,123,123,123,146,146,146],"floor_reached":16,"playtime":590,"items_purged":[],"score":146,"play_id":"72f26224-08b3-44f7-91c3-8c102040212a","local_time":"20190518204626","is_ascension_mode":true,"campfire_choices":[{"data":"Trip","floor":6,"key":"SMITH"},{"floor":10,"key":"REST"},{"data":"Immolate","floor":15,"key":"SMITH"}],"neow_cost":"NO_GOLD","seed_source_timestamp":129059116238600,"circlet_count":0,"master_deck":["Strike_R","Strike_R","Strike_R","Strike_R","Defend_R","Defend_R","Defend_R","Defend_R","Bash","Trip+1","Deep Breath","Clash","Immolate+1"],"special_seed":0,"relics":["Burning Blood","Juzu Bracelet","Singing Bowl","Self Forming Clay","Golden Idol"],"potions_floor_usage":[8,11,16,16],"damage_taken":[{"damage":5.0,"enemies":"Small Slimes","floor":1.0,"turns":3.0},{"damage":3.0,"enemies":"2 Louse","floor":3.0,"turns":3.0},{"damage":0.0,"enemies":"Cultist","floor":4.0,"turns":3.0},{"damage":13,"enemies":"Red Slaver","floor":5,"turns":3},{"damage":13,"enemies":"Exordium Thugs","floor":7,"turns":4},{"damage":55,"enemies":"3 Sentries","floor":8,"turns":12},{"damage":20,"enemies":"Gremlin Gang","floor":11,"turns":4},{"damage":4,"enemies":"Looter","floor":14,"turns":3},{"damage":31,"enemies":"Slime Boss","floor":16,"turns":6}],"seed_played":"-5711270273052289936","potions_obtained":[{"floor":5,"key":"Fire Potion"},{"floor":7,"key":"Strength Potion"},{"floor":8,"key":"Strength Potion"},{"floor":11,"key":"Dexterity Potion"}],"is_trial":false,"path_per_floor":["M","?","M","M","M","R","M","E","T","R","M","?","?","M","R","B"],"character_chosen":"IRONCLAD","items_purchased":[],"campfire_rested":1,"item_purchase_floors":[],"current_hp_per_floor":[73,66,69,75,68,68,61,14,14,38,24,24,24,28,28,0],"gold":146,"neow_bonus":"RANDOM_COLORLESS_2","is_prod":false,"is_daily":false,"chose_seed":false,"campfire_upgraded":2,"win_rate":0,"timestamp":1558237586,"path_taken":["M","?","M","M","M","R","M","E","T","R","M","?","?","M","R","BOSS"],"build_version":"2019-01-23","purchased_purges":0,"victory":false,"max_hp_per_floor":[80,80,80,80,80,80,80,82,82,82,82,76,76,78,78,78],"card_choices":[{"not_picked":["Clothesline","Anger","Metallicize"],"picked":"SKIP","floor":1.0},{"not_picked":["Reckless Charge","Perfected Strike","Metallicize"],"picked":"SKIP","floor":3.0},{"not_picked":["Perfected Strike","Anger"],"picked":"Clash","floor":4.0},{"not_picked":["Second Wind","Shrug It Off","Flex"],"picked":"SKIP","floor":5},{"not_picked":["Perfected Strike","Searing Blow","Clothesline"],"picked":"SKIP","floor":7},{"not_picked":["Evolve","Spot Weakness","Iron Wave"],"picked":"Singing Bowl","floor":8},{"not_picked":["Perfected Strike","Thunderclap"],"picked":"Immolate","floor":11},{"not_picked":["Body Slam","Wild Strike","Armaments"],"picked":"Singing Bowl","floor":14}],"player_experience":236531,"relics_obtained":[{"floor":8,"key":"Singing Bowl"},{"floor":9,"key":"Self Forming Clay"}],"event_choices":[{"damage_healed":0.0,"max_hp_gain":0.0,"max_hp_loss":0.0,"gold_gain":0.0,"event_name":"Scrap Ooze","player_choice":"Success","floor":2.0,"gold_loss":0.0,"damage_taken":7.0,"relics_obtained":["Juzu Bracelet"]},{"damage_healed":0,"gold_gain":0,"player_choice":"Lose Max HP","damage_taken":0,"relics_obtained":["Golden Idol"],"max_hp_gain":0,"max_hp_loss":6,"event_name":"Golden Idol","floor":12,"gold_loss":0},{"cards_removed":["Strike_R"],"damage_healed":0,"gold_gain":0,"player_choice":"Purged","damage_taken":0,"max_hp_gain":0,"max_hp_loss":0,"event_name":"Purifier","floor":13,"gold_loss":0}],"is_beta":false,"boss_relics":[],"items_purged_floors":[],"is_endless":false,"potions_floor_spawned":[5,7,8,11],"killed_by":"Slime Boss","ascension_level":8}