{"gold_per_floor":[111,186,13,27,44,44,74,74,74,74,91,108,108],"floor_reached":13,"playtime":563,"items_purged":[],"score":170,"play_id":"05d8761c-986f-4fa2-b928-b9a41372f8e9","local_time":"20190514224914","is_ascension_mode":true,"campfire_choices":[{"data":"Sweeping Beam","floor":6,"key":"SMITH"},{"data":"Fission","floor":8,"key":"SMITH"},{"data":"Consume","floor":10,"key":"SMITH"}],"neow_cost":"NONE","seed_source_timestamp":29788123192519,"circlet_count":0,"master_deck":["AscendersBane","Strike_B","Strike_B+1","Strike_B+1","Strike_B","Defend_B","Defend_B","Defend_B","Defend_B","Zap+1","Dualcast","Genetic Algorithm","Sweeping Beam+1","Consume+1","Fission+1","Reinforced Body","Go for the Eyes"],"relics":["Cracked Core","Whetstone","Blue Candle","Gremlin Horn"],"potions_floor_usage":[7,13],"damage_taken":[{"damage":2,"enemies":"Small Slimes","floor":1,"turns":3},{"damage":1,"enemies":"2 Louse","floor":4,"turns":4},{"damage":2,"enemies":"Jaw Worm","floor":5,"turns":3},{"damage":13,"enemies":"Lagavulin","floor":7,"turns":7},{"damage":7,"enemies":"Blue Slaver","floor":11,"turns":4},{"damage":25,"enemies":"Exordium Thugs","floor":12,"turns":6},{"damage":8,"enemies":"The Mushroom Lair","floor":13,"turns":1}],"seed_played":"-8335953347954764667","potions_obtained":[{"floor":1,"key":"Block Potion"},{"floor":7,"key":"FearPotion"},{"floor":12,"key":"PowerPotion"}],"is_trial":false,"path_per_floor":["M","?","$","M","M","R","E","R","T","R","M","M","?"],"character_chosen":"DEFECT","items_purchased":["Whetstone"],"campfire_rested":0,"item_purchase_floors":[3],"current_hp_per_floor":[62,51,51,50,48,48,35,35,35,35,28,3,0],"gold":108,"neow_bonus":"UPGRADE_CARD","is_prod":false,"is_daily":false,"chose_seed":false,"campfire_upgraded":3,"win_rate":0,"timestamp":1557888554,"path_taken":["M","?","$","M","M","R","E","R","T","R","M","M","?"],"build_version":"2019-01-23","purchased_purges":0,"victory":false,"max_hp_per_floor":[71,71,71,71,71,71,71,71,71,71,71,71,71],"card_choices":[{"not_picked":["Steam","Gash"],"picked":"Genetic Algorithm","floor":1},{"not_picked":["Hologram","Stack"],"picked":"Sweeping Beam","floor":4},{"not_picked":["Redo","Compile Driver"],"picked":"Consume","floor":5},{"not_picked":["Compile Driver","Conserve Battery"],"picked":"Fission","floor":7},{"not_picked":["Conserve Battery","Streamline"],"picked":"Reinforced Body","floor":11},{"not_picked":["Beam Cell","Steam Power"],"picked":"Go for the Eyes","floor":12}],"player_experience":633454,"relics_obtained":[{"floor":7,"key":"Blue Candle"},{"floor":9,"key":"Gremlin Horn"}],"event_choices":[{"damage_healed":0,"gold_gain":75,"player_choice":"Gather Gold","damage_taken":11,"max_hp_gain":0,"max_hp_loss":0,"event_name":"World of Goop","floor":2,"gold_loss":0},{"damage_healed":0,"gold_gain":0,"player_choice":"Fought Mushrooms","damage_taken":0,"max_hp_gain":0,"max_hp_loss":0,"event_name":"Mushrooms","floor":13,"gold_loss":0}],"is_beta":false,"boss_relics":[],"items_purged_floors":[],"is_endless":false,"potions_floor_spawned":[1,7,12],"killed_by":"The Mushroom Lair","ascension_level":20}