{"gold_per_floor":[116,127,146,160,177,177,177,177,201,201,226,226,258,277,277,377,377,391,4,4,20,33,33,50,81,81,96,130,130,148,168,168,168],"floor_reached":33,"playtime":3955,"items_purged":["Strike_B"],"score":436,"play_id":"e5b5a84e-55f1-4e2e-a2a8-b17c1da3026e","local_time":"20190512141852","is_ascension_mode":true,"campfire_choices":[{"data":"Zap","floor":6.0,"key":"SMITH"},{"data":"Melter","floor":8.0,"key":"SMITH"},{"data":"Go for the Eyes","floor":10.0,"key":"SMITH"},{"data":"Sweeping Beam","floor":15.0,"key":"SMITH"},{"floor":23.0,"key":"DIG"},{"floor":29,"key":"REST"},{"data":"Fission","floor":32,"key":"SMITH"}],"neow_cost":"NONE","seed_source_timestamp":0,"circlet_count":0,"master_deck":["Strike_B","Strike_B","Strike_B","Defend_B","Defend_B","Defend_B","Defend_B","Zap+1","Dualcast","Go for the Eyes+1","Melter+1","Glacier","Reinforced Body","Stack","Sweeping Beam+1","Madness","Chill","Hologram","Seek","Defragment","Genetic Algorithm","Self Repair+1","Seek","Coolheaded","Fission+1","Ball Lightning","Stack"],"special_seed":0,"relics":["Cracked Core","Oddly Smooth Stone","Pen Nib","Blood Vial","Torii","Sozu","Shovel","CultistMask","Frozen Egg 2","Prayer Wheel","Turnip","Ancient Tea Set"],"potions_floor_usage":[],"damage_taken":[{"damage":2.0,"enemies":"Jaw Worm","floor":1.0,"turns":3.0},{"damage":1.0,"enemies":"Cultist","floor":2.0,"turns":5.0},{"damage":0.0,"enemies":"Small Slimes","floor":3.0,"turns":2.0},{"damage":0.0,"enemies":"Exordium Wildlife","floor":4.0,"turns":4.0},{"damage":5.0,"enemies":"Looter","floor":5.0,"turns":3.0},{"damage":10.0,"enemies":"3 Sentries","floor":11.0,"turns":9.0},{"damage":18.0,"enemies":"Lagavulin","floor":13.0,"turns":4.0},{"damage":0.0,"enemies":"3 Louse","floor":14.0,"turns":3.0},{"damage":9.0,"enemies":"Slime Boss","floor":16.0,"turns":11.0},{"damage":0.0,"enemies":"Chosen","floor":18.0,"turns":7.0},{"damage":0.0,"enemies":"Spheric Guardian","floor":21.0,"turns":3.0},{"damage":0.0,"enemies":"Cultist and Chosen","floor":22.0,"turns":8.0},{"damage":0.0,"enemies":"3 Cultists","floor":24.0,"turns":6.0},{"damage":23.0,"enemies":"Slavers","floor":25.0,"turns":11.0},{"damage":10,"enemies":"Snake Plant","floor":27,"turns":6},{"damage":64,"enemies":"Gremlin Leader","floor":28,"turns":11},{"damage":9,"enemies":"Centurion and Healer","floor":30,"turns":8},{"damage":17,"enemies":"Cultist and Chosen","floor":31,"turns":8},{"damage":78,"enemies":"Automaton","floor":33,"turns":12}],"seed_played":"-4615742916546729712","potions_obtained":[{"floor":1.0,"key":"FearPotion"},{"floor":4.0,"key":"SteroidPotion"},{"floor":13.0,"key":"Ancient Potion"},{"floor":14.0,"key":"AttackPotion"}],"is_trial":false,"path_per_floor":["M","M","M","M","M","R","?","R","T","R","E","?","E","M","R","B",null,"M","$","?","M","M","R","M","E","T","M","E","R","M","M","R","B"],"character_chosen":"DEFECT","items_purchased":["Shovel"],"campfire_rested":1,"item_purchase_floors":[19],"current_hp_per_floor":[73,72,72,72,67,67,64,64,64,64,54,54,38,40,40,33,70,72,72,72,74,76,76,78,67,67,69,17,41,44,39,39,0],"gold":168,"neow_bonus":"TEN_PERCENT_HP_BONUS","is_prod":false,"is_daily":false,"chose_seed":false,"campfire_upgraded":5,"win_rate":0,"timestamp":1557685132,"path_taken":["M","M","M","M","M","R","?","R","T","R","E","?","E","?","R","BOSS","M","$","?","M","M","R","?","E","T","M","E","R","M","M","R","BOSS"],"build_version":"2019-01-23","purchased_purges":1,"victory":false,"max_hp_per_floor":[82,82,82,82,82,82,82,82,82,82,82,82,82,82,82,82,82,82,82,82,82,82,82,82,82,82,82,82,82,82,82,82,82],"card_choices":[{"not_picked":["Skim","Rebound"],"picked":"Go for the Eyes","floor":1.0},{"not_picked":["Turbo","Gash"],"picked":"Melter","floor":2.0},{"not_picked":["Beam Cell","Cold Snap"],"picked":"Glacier","floor":3.0},{"not_picked":["Leap","Gash"],"picked":"Reinforced Body","floor":4.0},{"not_picked":["Redo","Scrape"],"picked":"Stack","floor":5.0},{"not_picked":["Redo","Cold Snap"],"picked":"Sweeping Beam","floor":11.0},{"not_picked":["Go for the Eyes","Rebound","Rip and Tear"],"picked":"SKIP","floor":13.0},{"not_picked":["Go for the Eyes","Stack"],"picked":"Hologram","floor":14.0},{"not_picked":["Reboot","Rainbow"],"picked":"Seek","floor":16.0},{"not_picked":["Conserve Battery","Hologram","Go for the Eyes"],"picked":"SKIP","floor":18.0},{"not_picked":["BootSequence","Streamline"],"picked":"Defragment","floor":21.0},{"not_picked":["White Noise","Leap+1"],"picked":"Genetic Algorithm","floor":22.0},{"not_picked":["Static Discharge+1","Gash"],"picked":"Self Repair+1","floor":24.0},{"not_picked":["Redo","Gash","Sweeping Beam"],"picked":"SKIP","floor":25.0},{"not_picked":["Gash+1","Reprogram"],"picked":"Seek","floor":27},{"not_picked":["Leap","Redo"],"picked":"Coolheaded","floor":27},{"not_picked":["Compile Driver","Coolheaded"],"picked":"Fission","floor":28},{"not_picked":["Hologram","Static Discharge+1"],"picked":"Ball Lightning","floor":30},{"not_picked":["Cold Snap","Coolheaded","Conserve Battery"],"picked":"SKIP","floor":30},{"not_picked":["Go for the Eyes","Chaos"],"picked":"Stack","floor":31},{"not_picked":["Barrage+1","Undo+1","Melter"],"picked":"SKIP","floor":31}],"player_experience":560305,"relics_obtained":[{"floor":9.0,"key":"Pen Nib"},{"floor":11.0,"key":"Blood Vial"},{"floor":13.0,"key":"Torii"},{"floor":23.0,"key":"Frozen Egg 2"},{"floor":25.0,"key":"Prayer Wheel"},{"floor":26,"key":"Turnip"},{"floor":28,"key":"Ancient Tea Set"}],"event_choices":[{"damage_healed":0.0,"max_hp_gain":0.0,"max_hp_loss":0.0,"gold_gain":0.0,"event_name":"Scrap Ooze","player_choice":"Success","floor":7.0,"gold_loss":0.0,"damage_taken":3.0,"relics_obtained":["Oddly Smooth Stone"]},{"damage_healed":0.0,"max_hp_gain":0.0,"max_hp_loss":0.0,"gold_gain":0.0,"event_name":"Match and Keep!","player_choice":"2 cards matched","floor":12.0,"gold_loss":0.0,"damage_taken":0.0,"cards_obtained":["Madness","Chill"]},{"damage_healed":0.0,"max_hp_gain":0.0,"max_hp_loss":0.0,"gold_gain":0.0,"event_name":"FaceTrader","player_choice":"Trade","floor":20.0,"gold_loss":0.0,"damage_taken":0.0,"relics_obtained":["CultistMask"]}],"is_beta":false,"boss_relics":[{"not_picked":["Pandora\u0027s Box","Orrery"],"picked":"Sozu"}],"items_purged_floors":[19],"is_endless":false,"potions_floor_spawned":[1,4,13,14,21,22,30,31],"killed_by":"Automaton","ascension_level":9}