{"gold_per_floor":[115,126,47,65,80,80,112,112,112,112,133,205,224,19,19,114,114,129,140,154,174,30,129,32,32,32,32,32,52,52,72,72,72],"floor_reached":33,"playtime":1787,"items_purged":[],"score":346,"play_id":"9a0ebcb7-e11e-4eda-82d1-d718b5c89147","local_time":"20181211184526","is_ascension_mode":true,"campfire_choices":[{"data":"Rip and Tear","floor":6,"key":"SMITH"},{"floor":8,"key":"REST"},{"data":"Compile Driver","floor":10,"key":"SMITH"},{"floor":15,"key":"REST"},{"floor":27,"key":"REST"},{"data":"Loop","floor":30,"key":"SMITH"},{"floor":32,"key":"REST"}],"neow_cost":"NONE","seed_source_timestamp":756439714508193,"circlet_count":0,"master_deck":["Defend_B","Defend_B","Defend_B","Defend_B","Zap","Dualcast","Beam Cell","Tempest","Rip and Tear+1","Cold Snap","Compile Driver+1","Chill","Streamline","Consume","Rip and Tear+1","Electrodynamics","Leap","Coolheaded","Conserve Battery","Beam Cell","Go for the Eyes","Conserve Battery+1","Defragment","Steam+1","Streamline","Loop+1","Bite","Bite","Bite","Bite","Bite","Defragment+1","Defragment"],"relics":["Sozu","Happy Flower","Odd Mushroom","DollysMirror","Orrery","Anchor","StoneCalendar"],"potions_floor_usage":[],"damage_taken":[{"damage":0,"enemies":"Small Slimes","floor":1,"turns":3},{"damage":6,"enemies":"2 Louse","floor":2,"turns":2},{"damage":0,"enemies":"Cultist","floor":4,"turns":2},{"damage":2,"enemies":"2 Fungi Beasts","floor":5,"turns":3},{"damage":44,"enemies":"3 Sentries","floor":7,"turns":8},{"damage":11,"enemies":"The Mushroom Lair","floor":11,"turns":3},{"damage":2,"enemies":"Large Slime","floor":13,"turns":5},{"damage":5,"enemies":"Slime Boss","floor":16,"turns":6},{"damage":0,"enemies":"Chosen","floor":18,"turns":3},{"damage":6,"enemies":"3 Byrds","floor":19,"turns":2},{"damage":29,"enemies":"Shelled Parasite and Fungi","floor":20,"turns":5},{"damage":14,"enemies":"3 Cultists","floor":21,"turns":5},{"damage":13,"enemies":"Snake Plant","floor":29,"turns":4},{"damage":14,"enemies":"Shelled Parasite and Fungi","floor":31,"turns":5},{"damage":58,"enemies":"Champ","floor":33,"turns":8}],"seed_played":"7446274480589702613","potions_obtained":[],"is_trial":false,"path_per_floor":["M","M","$","M","M","R","E","R","T","R","?","?","M","$","R","B",null,"M","M","M","M","$","?","$","?","T","R","?","M","R","M","R","B"],"character_chosen":"DEFECT","items_purchased":["Rip and Tear","DollysMirror","Anchor","Streamline","Loop"],"campfire_rested":4,"item_purchase_floors":[3,14,22,24,24],"current_hp_per_floor":[68,62,62,62,60,60,16,38,38,38,27,27,25,25,47,42,67,67,61,32,18,18,18,18,18,18,33,52,41,41,33,48,0],"gold":72,"neow_bonus":"BOSS_RELIC","is_prod":false,"is_daily":false,"chose_seed":false,"campfire_upgraded":3,"win_rate":0,"timestamp":1544571926,"path_taken":["M","M","$","M","M","R","E","R","T","R","?","?","M","$","R","BOSS","M","M","M","M","$","?","$","?","T","R","?","M","R","?","R","BOSS"],"build_version":"2018-12-06","purchased_purges":0,"victory":false,"max_hp_per_floor":[75,75,75,75,75,75,75,75,75,75,75,75,75,75,75,75,75,75,75,75,75,75,75,75,52,52,52,52,52,52,52,52,52],"card_choices":[{"not_picked":["Double Energy","Barrage"],"picked":"Beam Cell","floor":1},{"not_picked":["Doom and Gloom","Compile Driver"],"picked":"Tempest","floor":2},{"not_picked":["Redo","Loop"],"picked":"Cold Snap","floor":4},{"not_picked":["Steam Power","Coolheaded"],"picked":"Compile Driver","floor":5},{"not_picked":["Sweeping Beam","Gash"],"picked":"Chill","floor":7},{"not_picked":["Reboot","Rebound"],"picked":"Streamline","floor":11},{"not_picked":["Beam Cell","Streamline"],"picked":"Consume","floor":13},{"not_picked":["Meteor Strike","Fission"],"picked":"Electrodynamics","floor":16},{"not_picked":["Double Energy","Rebound"],"picked":"Leap","floor":17},{"not_picked":["Conserve Battery","Leap"],"picked":"Coolheaded","floor":17},{"not_picked":["Redo","Compile Driver"],"picked":"Conserve Battery","floor":17},{"not_picked":["Auto Shields","Barrage"],"picked":"Beam Cell","floor":17},{"not_picked":["Hologram","Lockon"],"picked":"Go for the Eyes","floor":17},{"not_picked":["Beam Cell","Aggregate"],"picked":"Conserve Battery+1","floor":18},{"not_picked":["Beam Cell","Glacier"],"picked":"Defragment","floor":19},{"not_picked":["Hyperbeam","Steam Power"],"picked":"Steam+1","floor":20},{"not_picked":["Rebound","Turbo","Darkness"],"picked":"SKIP","floor":21},{"not_picked":["Gash","Sweeping Beam"],"picked":"Defragment+1","floor":29},{"not_picked":["Gash","Chaos"],"picked":"Defragment","floor":31}],"player_experience":193371,"relics_obtained":[{"floor":7,"key":"Happy Flower"},{"floor":11,"key":"Odd Mushroom"},{"floor":26,"key":"StoneCalendar"}],"event_choices":[{"damage_healed":0,"gold_gain":0,"player_choice":"Fought Mushrooms","damage_taken":0,"max_hp_gain":0,"max_hp_loss":0,"event_name":"Mushrooms","floor":11,"gold_loss":0},{"damage_healed":0,"gold_gain":72,"player_choice":"Gained Gold","damage_taken":0,"max_hp_gain":0,"max_hp_loss":0,"event_name":"Golden Wing","floor":12,"gold_loss":0},{"damage_healed":0,"gold_gain":99,"player_choice":"Stole From Cult","damage_taken":0,"max_hp_gain":0,"max_hp_loss":0,"event_name":"Nest","floor":23,"gold_loss":0},{"damage_healed":0,"gold_gain":0,"player_choice":"Became a vampire","damage_taken":0,"max_hp_gain":0,"max_hp_loss":23,"event_name":"Vampires","floor":25,"gold_loss":0,"cards_obtained":["Bite","Bite","Bite","Bite","Bite"]},{"damage_healed":19,"gold_gain":0,"player_choice":"Full Heal","damage_taken":0,"max_hp_gain":0,"max_hp_loss":0,"event_name":"Wheel of Change","floor":28,"gold_loss":0}],"is_beta":false,"boss_relics":[{"not_picked":["Velvet Choker","Coffee Dripper"],"picked":"Orrery"}],"items_purged_floors":[],"is_endless":false,"potions_floor_spawned":[2,4,5,7,18,19,29],"killed_by":"Champ","ascension_level":6}