{"gold_per_floor":[118,118,131,131,142,167,183,213,294,310,385,410,436,463,475,582,594,618,328,328,346,416,451,484,503,503,503,513,541,554,566,566,662,662,674,9,9,24,43,43,58,58,58,58,70,80,107,118,118,118],"floor_reached":50,"playtime":2284,"items_purged":["Strike_G","Strike_G"],"score":635,"play_id":"1b50578e-9044-4043-a977-55031906e8b1","local_time":"20190526031803","is_ascension_mode":false,"campfire_choices":[{"floor":15,"key":"REST"},{"floor":27,"key":"REST"},{"floor":32,"key":"REST"},{"floor":40,"key":"REST"},{"floor":44,"key":"REST"},{"floor":49,"key":"REST"}],"neow_cost":"NONE","seed_source_timestamp":331289645252930,"circlet_count":0,"master_deck":["Defend_G","Defend_G","Defend_G","Defend_G","Defend_G","Strike_G","Survivor","Neutralize","Dagger Spray","Choke","Quick Slash","A Thousand Cuts","Leg Sweep","Choke","Backstab","Footwork","Crippling Poison","Glass Knife","Die Die Die","Slice+1","Footwork","PiercingWail","Poisoned Stab","Terror","Caltrops","Dodge and Roll","Malaise","Noxious Fumes","Poisoned Stab+1","Phantasmal Killer","Backflip+1","Poisoned Stab+1","Backstab+1","Bane","Madness","Madness","Crippling Poison","Acrobatics+1","Bouncing Flask+1","Quick Slash+1"],"relics":["Fusion Hammer","Gremlin Horn","WingedGreaves","Ninja Scroll","MawBank","Black Star","Blood Vial","Darkstone Periapt","Ancient Tea Set","Boot","Orichalcum","Dodecahedron","Pear","PreservedInsect","Bottled Lightning","Lizard Tail","The Specimen","Mummified Hand","Molten Egg 2","Vajra","Pocketwatch"],"potions_floor_usage":[6,6,8,21,23,23,23,28,33,39,45,48,50],"damage_taken":[{"damage":0,"enemies":"2 Louse","floor":1,"turns":4},{"damage":1,"enemies":"Cultist","floor":3,"turns":4},{"damage":1,"enemies":"Jaw Worm","floor":5,"turns":3},{"damage":13,"enemies":"Lagavulin","floor":6,"turns":5},{"damage":7,"enemies":"Blue Slaver","floor":7,"turns":3},{"damage":1,"enemies":"Gremlin Nob","floor":8,"turns":3},{"damage":0,"enemies":"Exordium Wildlife","floor":10,"turns":1},{"damage":5,"enemies":"3 Sentries","floor":12,"turns":5},{"damage":6,"enemies":"Exordium Thugs","floor":13,"turns":3},{"damage":0,"enemies":"2 Fungi Beasts","floor":14,"turns":1},{"damage":27,"enemies":"Hexaghost","floor":16,"turns":12},{"damage":8,"enemies":"Shell Parasite","floor":18,"turns":4},{"damage":0,"enemies":"Spheric Guardian","floor":21,"turns":1},{"damage":3,"enemies":"Book of Stabbing","floor":23,"turns":5},{"damage":8,"enemies":"Slavers","floor":24,"turns":4},{"damage":12,"enemies":"Snake Plant","floor":25,"turns":3},{"damage":0,"enemies":"Shelled Parasite and Fungi","floor":28,"turns":3},{"damage":0,"enemies":"Gremlin Leader","floor":29,"turns":4},{"damage":3,"enemies":"Snecko","floor":30,"turns":4},{"damage":10,"enemies":"Centurion and Healer","floor":31,"turns":3},{"damage":24,"enemies":"Collector","floor":33,"turns":7},{"damage":16,"enemies":"3 Darklings","floor":35,"turns":4},{"damage":14,"enemies":"3 Shapes","floor":38,"turns":3},{"damage":24,"enemies":"Transient","floor":39,"turns":5},{"damage":6,"enemies":"Sphere and 2 Shapes","floor":41,"turns":6},{"damage":0,"enemies":"3 Darklings","floor":45,"turns":4},{"damage":20,"enemies":"4 Shapes","floor":46,"turns":4},{"damage":44,"enemies":"Giant Head","floor":47,"turns":8},{"damage":14,"enemies":"Maw","floor":48,"turns":7},{"damage":77,"enemies":"Time Eater","floor":50,"turns":11}],"seed_played":"4754049428687635386","potions_obtained":[{"floor":3,"key":"Energy Potion"},{"floor":5,"key":"SteroidPotion"},{"floor":6,"key":"FearPotion"},{"floor":12,"key":"Block Potion"},{"floor":14,"key":"Strength Potion"},{"floor":18,"key":"Weak Potion"},{"floor":21,"key":"SkillPotion"},{"floor":23,"key":"Swift Potion"},{"floor":25,"key":"PowerPotion"},{"floor":31,"key":"FearPotion"},{"floor":35,"key":"Block Potion"},{"floor":39,"key":"Block Potion"},{"floor":47,"key":"PowerPotion"}],"is_trial":false,"path_per_floor":["M","?","M","?","M","E","M","E","T","M","?","E","M","M","R","B",null,"M","$","?","M","T","E","E","M","T","R","M","E","M","M","R","B",null,"M","$","?","M","M","R","M","?","T","R","M","M","E","M","R","B"],"character_chosen":"THE_SILENT","items_purchased":["Blood Vial","Footwork","The Specimen","Mummified Hand"],"campfire_rested":6,"item_purchase_floors":[19,19,36,36],"current_hp_per_floor":[70,75,74,74,73,60,53,52,52,52,41,36,30,30,52,25,75,67,67,67,69,69,68,62,52,62,85,85,85,82,74,85,61,85,69,69,69,57,35,60,56,45,45,70,72,54,12,42,67,0],"gold":118,"neow_bonus":"BOSS_RELIC","is_prod":false,"is_daily":false,"chose_seed":false,"campfire_upgraded":0,"win_rate":0.0,"timestamp":1558858683,"path_taken":["M","?","M","?","?","E","M","E","T","?","?","E","M","M","R","BOSS","M","$","?","M","?","E","E","M","T","R","M","E","?","M","R","BOSS","M","$","?","M","M","R","M","?","T","R","M","M","E","M","R","BOSS"],"build_version":"2019-01-23","purchased_purges":2,"victory":false,"max_hp_per_floor":[70,75,75,75,75,75,75,75,75,75,75,75,75,75,75,75,75,75,75,75,75,75,75,75,75,85,85,85,85,85,85,85,85,85,85,85,85,85,85,85,85,85,85,85,85,85,85,85,85,85],"card_choices":[{"not_picked":["Poisoned Stab","Calculated Gamble"],"picked":"Dagger Spray","floor":1},{"not_picked":["Escape Plan","Acrobatics"],"picked":"Choke","floor":3},{"not_picked":["Poisoned Stab","Slice"],"picked":"Quick Slash","floor":5},{"not_picked":["Outmaneuver","Dodge and Roll"],"picked":"A Thousand Cuts","floor":6},{"not_picked":["Escape Plan","PiercingWail"],"picked":"Leg Sweep","floor":7},{"not_picked":["Catalyst","Prepared"],"picked":"Choke","floor":8},{"not_picked":["Infinite Blades","Choke"],"picked":"Backstab","floor":10},{"not_picked":["Finisher","Deflect"],"picked":"Footwork","floor":12},{"not_picked":["Dagger Throw","Predator"],"picked":"Crippling Poison","floor":13},{"not_picked":["Quick Slash","Backflip"],"picked":"Glass Knife","floor":14},{"not_picked":["Venomology","Envenom"],"picked":"Die Die Die","floor":16},{"not_picked":["Outmaneuver","Blur"],"picked":"Slice+1","floor":18},{"not_picked":["Underhanded Strike","Deflect"],"picked":"Poisoned Stab","floor":21},{"not_picked":["Slice","Riddle With Holes+1"],"picked":"Terror","floor":23},{"not_picked":["Riddle With Holes","Well Laid Plans"],"picked":"Caltrops","floor":24},{"not_picked":["Skewer","Riddle With Holes"],"picked":"Dodge and Roll","floor":25},{"not_picked":["Deflect","Poisoned Stab"],"picked":"Malaise","floor":28},{"not_picked":["Dagger Spray","Leg Sweep"],"picked":"Noxious Fumes","floor":29},{"not_picked":["Dodge and Roll","Flechettes"],"picked":"Poisoned Stab+1","floor":30},{"not_picked":["Sucker Punch","Outmaneuver","Quick Slash"],"picked":"SKIP","floor":31},{"not_picked":["Envenom","Venomology"],"picked":"Phantasmal Killer","floor":33},{"not_picked":["Slice","Blur"],"picked":"Backflip+1","floor":35},{"not_picked":["Slice","Sucker Punch"],"picked":"Poisoned Stab+1","floor":38},{"not_picked":["Choke+1","Leg Sweep+1"],"picked":"Backstab+1","floor":39},{"not_picked":["Heel Hook+1","Infinite Blades+1"],"picked":"Bane","floor":41},{"not_picked":["Flying Knee+1","Escape Plan+1"],"picked":"Crippling Poison","floor":45},{"not_picked":["Dagger Throw+1","Leg Sweep"],"picked":"Acrobatics+1","floor":46},{"not_picked":["Outmaneuver","Deadly Poison+1"],"picked":"Bouncing Flask+1","floor":47},{"not_picked":["Slice+1","Poisoned Stab+1"],"picked":"Quick Slash+1","floor":48}],"player_experience":6394,"relics_obtained":[{"floor":6,"key":"Gremlin Horn"},{"floor":8,"key":"WingedGreaves"},{"floor":9,"key":"Ninja Scroll"},{"floor":12,"key":"MawBank"},{"floor":22,"key":"Darkstone Periapt"},{"floor":23,"key":"Ancient Tea Set"},{"floor":23,"key":"Boot"},{"floor":24,"key":"Orichalcum"},{"floor":24,"key":"Dodecahedron"},{"floor":26,"key":"Pear"},{"floor":29,"key":"PreservedInsect"},{"floor":29,"key":"Bottled Lightning"},{"floor":43,"key":"Molten Egg 2"},{"floor":47,"key":"Vajra"},{"floor":47,"key":"Pocketwatch"}],"event_choices":[{"damage_healed":0,"gold_gain":0,"player_choice":"Donut","damage_taken":0,"max_hp_gain":5,"max_hp_loss":0,"event_name":"Big Fish","floor":2,"gold_loss":0},{"cards_removed":["Strike_G"],"damage_healed":0,"gold_gain":0,"player_choice":"Purged","damage_taken":0,"max_hp_gain":0,"max_hp_loss":0,"event_name":"Purifier","floor":4,"gold_loss":0},{"damage_healed":0,"gold_gain":75,"player_choice":"Gather Gold","damage_taken":11,"max_hp_gain":0,"max_hp_loss":0,"event_name":"World of Goop","floor":11,"gold_loss":0},{"damage_healed":0,"gold_gain":0,"player_choice":"Read","damage_taken":0,"max_hp_gain":0,"max_hp_loss":0,"event_name":"The Library","floor":20,"gold_loss":0,"cards_obtained":["PiercingWail"]},{"cards_removed":["Strike_G"],"damage_healed":0,"gold_gain":0,"player_choice":"Removed Attack","damage_taken":0,"max_hp_gain":0,"max_hp_loss":0,"event_name":"Falling","floor":37,"gold_loss":0},{"damage_healed":0,"gold_gain":0,"player_choice":"Embrace Madness","damage_taken":11,"max_hp_gain":0,"max_hp_loss":0,"event_name":"Winding Halls","floor":42,"gold_loss":0,"cards_obtained":["Madness","Madness"]}],"is_beta":false,"boss_relics":[{"not_picked":["Snecko Eye","White Beast Statue"],"picked":"Black Star"},{"not_picked":["Velvet Choker","Runic Pyramid"],"picked":"Lizard Tail"}],"items_purged_floors":[19,36],"is_endless":false,"potions_floor_spawned":[3,5,6,12,14,18,21,23,25,31,35,39,47],"killed_by":"Time Eater","ascension_level":0}