{"gold_per_floor":[115,129,146,63,63,63,93,106,106,181,194,194,228,248,248,326,326,338,351,351,351],"floor_reached":21,"playtime":1016,"items_purged":[],"score":382,"play_id":"a2f6ee7f-fee3-4a00-971a-dac1ade2fd34","local_time":"20190515163546","is_ascension_mode":true,"campfire_choices":[{"data":"Zap","floor":6,"key":"SMITH"},{"floor":12,"key":"REST"},{"floor":15,"key":"REST"}],"neow_cost":"NONE","seed_source_timestamp":93327256536668,"circlet_count":0,"master_deck":["AscendersBane","Strike_B","Strike_B","Strike_B","Defend_B","Defend_B","Defend_B","Defend_B","Zap+1","Dualcast","Compile Driver","Doom and Gloom","FTL","Defragment","Steam","Coolheaded","Conserve Battery","Seek","Echo Form"],"relics":["Cracked Core","NeowsBlessing","Blue Candle","FossilizedHelix","Torii","Inserter"],"potions_floor_usage":[7,11,16,16,18],"damage_taken":[{"damage":0,"enemies":"Jaw Worm","floor":1,"turns":1},{"damage":0,"enemies":"Small Slimes","floor":2,"turns":1},{"damage":0,"enemies":"Cultist","floor":3,"turns":1},{"damage":30,"enemies":"Lagavulin","floor":7,"turns":4},{"damage":6,"enemies":"Looter","floor":8,"turns":3},{"damage":11,"enemies":"3 Louse","floor":11,"turns":4},{"damage":26,"enemies":"Gremlin Nob","floor":13,"turns":4},{"damage":0,"enemies":"Exordium Wildlife","floor":14,"turns":4},{"damage":5,"enemies":"The Guardian","floor":16,"turns":9},{"damage":16,"enemies":"2 Thieves","floor":18,"turns":4},{"damage":21,"enemies":"Shell Parasite","floor":19,"turns":6},{"damage":32,"enemies":"Snake Plant","floor":21,"turns":4}],"seed_played":"970138166905405582","potions_obtained":[{"floor":1,"key":"Poison Potion"},{"floor":7,"key":"GamblersBrew"},{"floor":13,"key":"SteroidPotion"},{"floor":14,"key":"Weak Potion"},{"floor":16,"key":"AttackPotion"}],"is_trial":false,"path_per_floor":["M","M","M","$","?","R","E","M","T","?","M","R","E","M","R","B",null,"M","M","?","M"],"character_chosen":"DEFECT","items_purchased":["Defragment"],"campfire_rested":2,"item_purchase_floors":[4],"current_hp_per_floor":[64,64,64,64,69,69,39,33,33,22,11,33,7,7,29,24,63,47,26,26,0],"gold":351,"neow_bonus":"THREE_ENEMY_KILL","is_prod":false,"is_daily":false,"chose_seed":false,"campfire_upgraded":1,"win_rate":0,"timestamp":1557952546,"path_taken":["M","M","M","$","?","R","E","M","T","?","M","R","E","M","R","BOSS","M","M","?","M"],"build_version":"2019-01-23","purchased_purges":0,"victory":false,"max_hp_per_floor":[71,71,71,71,76,76,76,76,76,76,76,76,76,76,76,76,76,76,76,76,76],"card_choices":[{"not_picked":["Static Discharge","Hologram"],"picked":"Compile Driver","floor":1},{"not_picked":["Coolheaded","Turbo"],"picked":"Doom and Gloom","floor":2},{"not_picked":["Undo","Recycle"],"picked":"FTL","floor":3},{"not_picked":["Rebound","Stack"],"picked":"Steam","floor":7},{"not_picked":["Doom and Gloom","Compile Driver"],"picked":"Coolheaded","floor":8},{"not_picked":["Hologram","Scrape"],"picked":"Conserve Battery","floor":11},{"not_picked":["Fusion","Darkness"],"picked":"Seek","floor":13},{"not_picked":["Aggregate","Conserve Battery","Chaos"],"picked":"SKIP","floor":14},{"not_picked":["Fission","Seek"],"picked":"Echo Form","floor":16},{"not_picked":["Conserve Battery","Streamline","Turbo"],"picked":"SKIP","floor":18},{"not_picked":["Recycle","Leap","Sweeping Beam"],"picked":"SKIP","floor":19}],"player_experience":653561,"relics_obtained":[{"floor":7,"key":"Blue Candle"},{"floor":9,"key":"FossilizedHelix"},{"floor":13,"key":"Torii"}],"event_choices":[{"damage_healed":0,"gold_gain":0,"player_choice":"Donut","damage_taken":0,"max_hp_gain":5,"max_hp_loss":0,"event_name":"Big Fish","floor":5,"gold_loss":0},{"damage_healed":0,"gold_gain":75,"player_choice":"Gather Gold","damage_taken":11,"max_hp_gain":0,"max_hp_loss":0,"event_name":"World of Goop","floor":10,"gold_loss":0},{"cards_removed":["Strike_B"],"damage_healed":0,"gold_gain":0,"player_choice":"Purged","damage_taken":0,"max_hp_gain":0,"max_hp_loss":0,"event_name":"Purifier","floor":20,"gold_loss":0}],"is_beta":false,"boss_relics":[{"not_picked":["Coffee Dripper","Black Star"],"picked":"Inserter"}],"items_purged_floors":[],"is_endless":false,"potions_floor_spawned":[1,7,13,14,16],"killed_by":"Snake Plant","ascension_level":20}