{"gold_per_floor":[118,118,293,305,305,305,336,348,360,1,27,37,71,85,85,157,157,157,157,157,0,0,0,0,0,0,0,0,0,0,0,0,0,0,0,0,0,0,0,0,0,0,0,0,0,0,0,0,0,0],"floor_reached":51,"playtime":3048,"items_purged":["Doubt"],"score":1301,"play_id":"5a075d9a-3094-48b2-8629-c4c1d06f3ca3","local_time":"20190509000845","is_ascension_mode":true,"campfire_choices":[{"data":"Bash","floor":6,"key":"SMITH"},{"data":"Pommel Strike","floor":8,"key":"SMITH"},{"data":"Combust","floor":15,"key":"SMITH"},{"data":"Cleave","floor":23,"key":"SMITH"},{"data":"Blood for Blood","floor":25,"key":"SMITH"},{"data":"Defend_R","floor":32,"key":"SMITH"},{"data":"Defend_R","floor":40,"key":"SMITH"},{"data":"Sword Boomerang","floor":42,"key":"SMITH"},{"data":"Defend_R","floor":44,"key":"SMITH"},{"data":"Body Slam","floor":47,"key":"SMITH"},{"floor":49,"key":"REST"}],"neow_cost":"NONE","seed_source_timestamp":365717739734832,"circlet_count":0,"master_deck":["AscendersBane","Strike_R","Strike_R","Strike_R","Strike_R","Defend_R","Defend_R+1","Defend_R+1","Defend_R+1","Bash+1","Pommel Strike+1","Sword Boomerang+1","Cleave+1","Shrug It Off+1","Flame Barrier+1","Armaments+1","Combust+1","Blood for Blood+1","Limit Break+1","Body Slam+1","Body Slam+1","Shrug It Off+1","Warcry+1","Bloodletting+1","Intimidate+1","Spot Weakness+1","Infernal Blade+1","Flex+1","Limit Break+1","Shrug It Off+1","Battle Trance+1","Madness+1","Madness+1","Parasite","Twin Strike+1","True Grit+1","Body Slam+1","Shockwave+1"],"relics":["Black Blood","NeowsBlessing","Centennial Puzzle","MawBank","Oddly Smooth Stone","Toxic Egg 2","Bag of Preparation","Gremlin Horn","Ectoplasm","FossilizedHelix","Mercury Hourglass","Anchor","Blue Candle","Bottled Flame","Potion Belt","MutagenicStrength","Art of War","Shuriken","Singing Bowl"],"potions_floor_usage":[19,19,22,30,33,50,50,50,50],"damage_taken":[{"damage":0,"enemies":"Jaw Worm","floor":1,"turns":1},{"damage":0,"enemies":"Small Slimes","floor":4,"turns":1},{"damage":0,"enemies":"Gremlin Nob","floor":7,"turns":1},{"damage":16,"enemies":"3 Sentries","floor":11,"turns":7},{"damage":0,"enemies":"2 Louse","floor":12,"turns":3},{"damage":19,"enemies":"Gremlin Nob","floor":13,"turns":5},{"damage":1,"enemies":"Exordium Wildlife","floor":14,"turns":3},{"damage":44,"enemies":"The Guardian","floor":16,"turns":13},{"damage":21,"enemies":"Shell Parasite","floor":18,"turns":5},{"damage":2,"enemies":"Colosseum Slavers","floor":19,"turns":4},{"damage":20,"enemies":"Colosseum Nobs","floor":19,"turns":5},{"damage":1,"enemies":"2 Thieves","floor":22,"turns":3},{"damage":1,"enemies":"Slavers","floor":24,"turns":4},{"damage":11,"enemies":"Sentry and Sphere","floor":27,"turns":4},{"damage":0,"enemies":"Centurion and Healer","floor":28,"turns":3},{"damage":1,"enemies":"3 Cultists","floor":29,"turns":3},{"damage":14,"enemies":"Book of Stabbing","floor":30,"turns":5},{"damage":60,"enemies":"Automaton","floor":33,"turns":8},{"damage":0,"enemies":"Orb Walker","floor":35,"turns":2},{"damage":0,"enemies":"3 Shapes","floor":36,"turns":1},{"damage":0,"enemies":"Writhing Mass","floor":39,"turns":5},{"damage":6,"enemies":"Reptomancer","floor":45,"turns":5},{"damage":0,"enemies":"Jaw Worm Horde","floor":46,"turns":2},{"damage":20,"enemies":"Nemesis","floor":48,"turns":5},{"damage":65,"enemies":"Awakened One","floor":50,"turns":11}],"seed_played":"4442851700297573562","potions_obtained":[{"floor":1,"key":"Swift Potion"},{"floor":7,"key":"SpeedPotion"},{"floor":13,"key":"Regen Potion"},{"floor":16,"key":"SteroidPotion"},{"floor":19,"key":"GamblersBrew"},{"floor":22,"key":"LiquidBronze"},{"floor":30,"key":"Block Potion"},{"floor":33,"key":"AttackPotion"},{"floor":45,"key":"FearPotion"},{"floor":46,"key":"LiquidBronze"},{"floor":48,"key":"EssenceOfSteel"}],"is_trial":false,"path_per_floor":["M","?","?","M","?","R","E","R","T","$","E","M","E","M","R","B",null,"M","?","?","$","M","R","E","R","T","M","M","M","E","?","R","B",null,"M","M","?","?","M","R","?","R","T","R","E","M","R","E","R","B",null],"character_chosen":"IRONCLAD","items_purchased":["Toxic Egg 2","Shrug It Off+1","Anchor"],"campfire_rested":1,"item_purchase_floors":[10,10,21],"current_hp_per_floor":[74,71,71,75,80,80,80,80,80,80,70,76,63,68,68,30,68,53,57,57,57,62,62,67,67,67,62,68,73,65,65,65,11,63,73,80,80,70,80,80,80,80,80,80,80,80,80,70,80,25],"gold":0,"neow_bonus":"THREE_ENEMY_KILL","is_prod":false,"is_daily":false,"chose_seed":false,"campfire_upgraded":10,"win_rate":0,"timestamp":1557374925,"path_taken":["M","?","?","M","?","R","E","R","T","$","E","M","E","M","R","BOSS","M","?","?","$","?","R","E","R","T","M","M","M","E","?","R","BOSS","M","M","?","?","M","R","?","R","T","R","E","?","R","E","R","BOSS"],"build_version":"2019-01-23","purchased_purges":1,"victory":true,"max_hp_per_floor":[75,75,75,75,80,80,80,80,80,80,80,80,80,80,80,80,80,80,80,80,80,80,80,80,80,80,80,80,80,80,80,80,80,80,80,80,80,80,80,80,80,80,80,80,80,80,80,80,80,80],"card_choices":[{"not_picked":["Thunderclap","Havoc"],"picked":"Pommel Strike","floor":1},{"not_picked":["Thunderclap","Wild Strike"],"picked":"Sword Boomerang","floor":4},{"not_picked":["Berserk","Combust"],"picked":"Cleave","floor":7},{"not_picked":["Corruption","Armaments+1"],"picked":"Flame Barrier+1","floor":11},{"not_picked":["Thunderclap","Uppercut"],"picked":"Armaments+1","floor":12},{"not_picked":["Second Wind+1","Anger"],"picked":"Combust","floor":13},{"not_picked":["Pommel Strike","Wild Strike"],"picked":"Blood for Blood","floor":14},{"not_picked":["Exhume+1","Immolate"],"picked":"Limit Break+1","floor":16},{"not_picked":["Pommel Strike","Fire Breathing+1"],"picked":"Body Slam+1","floor":18},{"not_picked":["Bloodletting+1","Whirlwind"],"picked":"Body Slam+1","floor":19},{"not_picked":["Anger","Sword Boomerang"],"picked":"Warcry+1","floor":22},{"not_picked":["Heavy Blade","Anger"],"picked":"Bloodletting+1","floor":24},{"not_picked":["Thunderclap","Searing Blow"],"picked":"Intimidate+1","floor":27},{"not_picked":["Heavy Blade","Havoc+1"],"picked":"Spot Weakness+1","floor":28},{"not_picked":["Combust","Wild Strike"],"picked":"Infernal Blade+1","floor":29},{"not_picked":["Havoc+1","Warcry+1"],"picked":"Flex+1","floor":30},{"not_picked":["Fiend Fire","Double Tap+1"],"picked":"Limit Break+1","floor":33},{"not_picked":["Anger","Clothesline"],"picked":"Shrug It Off+1","floor":35},{"not_picked":["Clash+1","Havoc+1"],"picked":"Battle Trance+1","floor":36},{"not_picked":["Havoc+1","Power Through+1"],"picked":"Twin Strike+1","floor":39},{"not_picked":["Feel No Pain","Sever Soul+1"],"picked":"True Grit+1","floor":45},{"not_picked":["Clash+1","Immolate"],"picked":"Body Slam","floor":46},{"not_picked":["Power Through+1","Metallicize"],"picked":"Shockwave+1","floor":48}],"player_experience":440105,"relics_obtained":[{"floor":7,"key":"MawBank"},{"floor":9,"key":"Oddly Smooth Stone"},{"floor":11,"key":"Bag of Preparation"},{"floor":13,"key":"Gremlin Horn"},{"floor":19,"key":"FossilizedHelix"},{"floor":19,"key":"Mercury Hourglass"},{"floor":24,"key":"Blue Candle"},{"floor":26,"key":"Bottled Flame"},{"floor":30,"key":"Potion Belt"},{"floor":43,"key":"Art of War"},{"floor":45,"key":"Shuriken"},{"floor":48,"key":"Singing Bowl"}],"event_choices":[{"damage_healed":0,"gold_gain":0,"player_choice":"Success","damage_taken":3,"relics_obtained":["Centennial Puzzle"],"max_hp_gain":0,"max_hp_loss":0,"event_name":"Scrap Ooze","floor":2,"gold_loss":0},{"damage_healed":0,"gold_gain":175,"player_choice":"AGREE","damage_taken":0,"max_hp_gain":0,"max_hp_loss":0,"event_name":"Liars Game","floor":3,"gold_loss":0,"cards_obtained":["Doubt"]},{"damage_healed":0,"gold_gain":0,"player_choice":"Donut","damage_taken":0,"max_hp_gain":5,"max_hp_loss":0,"event_name":"Big Fish","floor":5,"gold_loss":0},{"damage_healed":0,"gold_gain":0,"player_choice":"Fight","damage_taken":0,"max_hp_gain":0,"max_hp_loss":0,"event_name":"Colosseum","floor":19,"gold_loss":0},{"damage_healed":0,"gold_gain":0,"player_choice":"Fought Nobs","damage_taken":0,"max_hp_gain":0,"max_hp_loss":0,"event_name":"Colosseum","floor":19,"gold_loss":0},{"damage_healed":0,"gold_gain":0,"player_choice":"Copied","damage_taken":0,"max_hp_gain":0,"max_hp_loss":0,"event_name":"Duplicator","floor":20,"gold_loss":0,"cards_obtained":["Shrug It Off"]},{"damage_healed":0,"gold_gain":0,"player_choice":"Inject Mutagens","damage_taken":0,"relics_obtained":["MutagenicStrength"],"max_hp_gain":0,"max_hp_loss":0,"event_name":"Drug Dealer","floor":31,"gold_loss":0},{"cards_removed":["Strike_R"],"damage_healed":0,"gold_gain":0,"player_choice":"Removed Attack","damage_taken":0,"max_hp_gain":0,"max_hp_loss":0,"event_name":"Falling","floor":37,"gold_loss":0},{"damage_healed":0,"gold_gain":0,"player_choice":"Embrace Madness","damage_taken":10,"max_hp_gain":0,"max_hp_loss":0,"event_name":"Winding Halls","floor":38,"gold_loss":0,"cards_obtained":["Madness","Madness"]},{"damage_healed":0,"gold_gain":0,"player_choice":"Leave","damage_taken":0,"max_hp_gain":0,"max_hp_loss":0,"event_name":"FaceTrader","floor":41,"gold_loss":0}],"is_beta":false,"boss_relics":[{"not_picked":["Runic Pyramid","Empty Cage"],"picked":"Ectoplasm"},{"not_picked":["Pandora\u0027s Box","Lizard Tail"],"picked":"Black Blood"}],"items_purged_floors":[10],"is_endless":false,"potions_floor_spawned":[1,7,13,16,19,22,30,33,45,46,48],"ascension_level":14}