{"gold_per_floor":[118,136,149,74,93,127,127,156,156,156,220,49,49,68,68,142,142,155,205,205,205,14,14,48,48,48,48,48,77,27,43,43,115,115,128,142,154,154,68,68,100,50,50,50,0,0,0,16,16,16],"floor_reached":51,"playtime":3956,"items_purged":["Strike_B"],"score":1362,"play_id":"a89cc704-723f-42c2-a380-ff097cb4cdb5","local_time":"20190514201910","is_ascension_mode":true,"campfire_choices":[{"data":"Lockon","floor":7.0,"key":"SMITH"},{"floor":10.0,"key":"REST"},{"floor":13.0,"key":"REST"},{"data":"Coolheaded","floor":15.0,"key":"SMITH"},{"data":"Doom and Gloom","floor":23.0,"key":"SMITH"},{"floor":25.0,"key":"REST"},{"data":"Conserve Battery","floor":27.0,"key":"SMITH"},{"floor":32.0,"key":"REST"},{"floor":40.0,"key":"REST"},{"data":"Coolheaded","floor":46.0,"key":"SMITH"},{"floor":49,"key":"REST"}],"neow_cost":"NONE","seed_source_timestamp":16221169121265,"circlet_count":0,"master_deck":["AscendersBane","Defend_B","Defend_B","Defend_B","Zap+1","Dualcast","Lockon+1","Coolheaded+1","Conserve Battery+1","Genetic Algorithm","Doom and Gloom+1","Biased Cognition","Ball Lightning+1","Core Surge+1","Go for the Eyes+1","Leap","Machine Learning","Stack","Streamline","Seek+1","Go for the Eyes+1","Capacitor","Capacitor+1","Loop","Coolheaded+1","Steam"],"special_seed":0,"relics":["Cracked Core","Juzu Bracelet","Ornamental Fan","Bottled Flame","Cables","Oddly Smooth Stone","Empty Cage","Bottled Lightning","Nilry\u0027s Codex","Orichalcum","Unceasing Top","Smiling Mask","Ginger","Inserter","Anchor","Whetstone","Red Mask"],"potions_floor_usage":[48],"damage_taken":[{"damage":0.0,"enemies":"Cultist","floor":1.0,"turns":3.0},{"damage":1.0,"enemies":"Small Slimes","floor":2.0,"turns":3.0},{"damage":1.0,"enemies":"2 Louse","floor":3.0,"turns":3.0},{"damage":6.0,"enemies":"Blue Slaver","floor":5.0,"turns":4.0},{"damage":4.0,"enemies":"3 Sentries","floor":6.0,"turns":12.0},{"damage":40.0,"enemies":"Lagavulin","floor":8.0,"turns":7.0},{"damage":17.0,"enemies":"3 Sentries","floor":11.0,"turns":6.0},{"damage":0.0,"enemies":"Exordium Thugs","floor":14.0,"turns":3.0},{"damage":22.0,"enemies":"Hexaghost","floor":16.0,"turns":7.0},{"damage":3.0,"enemies":"3 Byrds","floor":18.0,"turns":4.0},{"damage":12.0,"enemies":"Gremlin Leader","floor":24.0,"turns":6.0},{"damage":1.0,"enemies":"Colosseum Slavers","floor":28.0,"turns":5.0},{"damage":11.0,"enemies":"Book of Stabbing","floor":29.0,"turns":6.0},{"damage":7.0,"enemies":"Chosen","floor":31.0,"turns":4.0},{"damage":48.0,"enemies":"Automaton","floor":33.0,"turns":13.0},{"damage":29.0,"enemies":"3 Shapes","floor":35.0,"turns":4.0},{"damage":12.0,"enemies":"3 Darklings","floor":36.0,"turns":6.0},{"damage":8.0,"enemies":"Sphere and 2 Shapes","floor":37.0,"turns":5.0},{"damage":0.0,"enemies":"Nemesis","floor":41.0,"turns":11.0},{"damage":27,"enemies":"Jaw Worm Horde","floor":48,"turns":6},{"damage":12,"enemies":"Time Eater","floor":50,"turns":26}],"seed_played":"-1721590151551376652","potions_obtained":[{"floor":1.0,"key":"EssenceOfSteel"},{"floor":2.0,"key":"Weak Potion"},{"floor":8.0,"key":"Fruit Juice"},{"floor":11.0,"key":"LiquidBronze"},{"floor":14.0,"key":"Energy Potion"},{"floor":24.0,"key":"Poison Potion"},{"floor":31.0,"key":"SkillPotion"},{"floor":37.0,"key":"Regen Potion"},{"floor":41.0,"key":"AttackPotion"}],"is_trial":false,"path_per_floor":["M","M","M","?","M","E","R","E","T","R","?","$","R","M","R","B",null,"M","?","T","?","$","R","E","R","T","R","?","E","$","M","R","B",null,"M","M","M","?","$","R","E","?","T","?","?","R","$","M","R","B",null],"character_chosen":"DEFECT","items_purchased":["Oddly Smooth Stone","Orichalcum","Leap","Loop"],"campfire_rested":6,"item_purchase_floors":[12,22,22,39],"current_hp_per_floor":[64,63,62,62,56,52,52,17,17,39,22,22,44,44,44,22,63,60,60,60,39,39,39,27,49,49,49,48,37,37,30,52,4,58,29,17,9,9,9,31,46,46,46,46,46,46,46,19,41,29],"gold":16,"neow_bonus":"UPGRADE_CARD","is_prod":false,"is_daily":false,"chose_seed":false,"campfire_upgraded":5,"win_rate":0,"timestamp":1557879550,"path_taken":["M","?","M","?","M","E","R","E","T","R","?","?","R","M","R","BOSS","M","?","?","?","$","R","E","R","T","R","?","E","?","M","R","BOSS","M","M","M","?","$","R","E","?","T","?","?","R","$","M","R","BOSS"],"build_version":"2019-01-23","purchased_purges":1,"victory":true,"max_hp_per_floor":[71,71,71,71,71,71,71,76,76,76,76,76,76,76,76,76,76,76,76,76,76,76,76,76,76,76,76,76,76,76,76,76,76,76,76,76,76,76,76,76,76,76,76,76,76,76,76,76,76,76],"card_choices":[{"not_picked":["Force Field","Consume"],"picked":"Lockon","floor":1.0},{"not_picked":["Barrage","Auto Shields"],"picked":"Coolheaded","floor":2.0},{"not_picked":["Leap","Beam Cell"],"picked":"Conserve Battery","floor":3.0},{"not_picked":["Lockon","Stack"],"picked":"Genetic Algorithm","floor":5.0},{"not_picked":["Steam","Turbo"],"picked":"Doom and Gloom","floor":6.0},{"not_picked":["Fusion","Scrape","Hello World"],"picked":"SKIP","floor":8.0},{"not_picked":["Leap","Beam Cell"],"picked":"Biased Cognition","floor":11.0},{"not_picked":["Redo","Beam Cell"],"picked":"Ball Lightning","floor":14.0},{"not_picked":["Fission","Meteor Strike"],"picked":"Core Surge","floor":16.0},{"not_picked":["Tempest+1","Rebound"],"picked":"Go for the Eyes+1","floor":18.0},{"not_picked":["Coolheaded","Rip and Tear"],"picked":"Machine Learning","floor":24.0},{"not_picked":["Barrage","Beam Cell"],"picked":"Stack","floor":29.0},{"not_picked":["Redo","Barrage"],"picked":"Streamline","floor":31.0},{"not_picked":["Multi-Cast","Biased Cognition"],"picked":"Seek","floor":33.0},{"not_picked":["Melter","Steam"],"picked":"Go for the Eyes+1","floor":35.0},{"not_picked":["White Noise","Beam Cell"],"picked":"Capacitor","floor":36.0},{"not_picked":["Conserve Battery","Aggregate"],"picked":"Capacitor+1","floor":37.0},{"not_picked":["Rip and Tear","Scrape+1"],"picked":"Coolheaded","floor":41.0},{"not_picked":["Lockon","Gash"],"picked":"Steam","floor":48}],"player_experience":622526,"relics_obtained":[{"floor":6.0,"key":"Juzu Bracelet"},{"floor":8.0,"key":"Ornamental Fan"},{"floor":9.0,"key":"Bottled Flame"},{"floor":11.0,"key":"Cables"},{"floor":20.0,"key":"Bottled Lightning"},{"floor":21.0,"key":"Nilry\u0027s Codex"},{"floor":24.0,"key":"Unceasing Top"},{"floor":26.0,"key":"Smiling Mask"},{"floor":29.0,"key":"Ginger"},{"floor":41.0,"key":"Anchor"},{"floor":43.0,"key":"Whetstone"}],"event_choices":[{"cards_removed":["Strike_B"],"damage_healed":0.0,"max_hp_gain":0.0,"max_hp_loss":0.0,"gold_gain":0.0,"event_name":"The Cleric","player_choice":"Card Removal","floor":4.0,"gold_loss":75.0,"damage_taken":0.0},{"damage_healed":0.0,"max_hp_gain":0.0,"max_hp_loss":0.0,"gold_gain":0.0,"event_name":"Dead Adventurer","player_choice":"Searched \u00271\u0027 times","floor":11.0,"gold_loss":0.0,"damage_taken":0.0},{"damage_healed":0.0,"max_hp_gain":0.0,"max_hp_loss":0.0,"gold_gain":50.0,"event_name":"Nest","player_choice":"Stole From Cult","floor":19.0,"gold_loss":0.0,"damage_taken":0.0},{"damage_healed":0.0,"max_hp_gain":0.0,"max_hp_loss":0.0,"gold_gain":0.0,"event_name":"Cursed Tome","player_choice":"Obtained Book","floor":21.0,"gold_loss":0.0,"damage_taken":21.0},{"damage_healed":0.0,"max_hp_gain":0.0,"max_hp_loss":0.0,"gold_gain":0.0,"event_name":"Colosseum","player_choice":"Fight","floor":28.0,"gold_loss":0.0,"damage_taken":0.0},{"damage_healed":0.0,"max_hp_gain":0.0,"max_hp_loss":0.0,"gold_gain":0.0,"event_name":"Colosseum","player_choice":"Fled From Nobs","floor":28.0,"gold_loss":0.0,"damage_taken":0.0},{"cards_removed":["Defend_B"],"damage_healed":0.0,"max_hp_gain":0.0,"max_hp_loss":0.0,"gold_gain":0.0,"event_name":"Falling","player_choice":"Removed Skill","floor":38.0,"gold_loss":0.0,"damage_taken":0.0},{"damage_healed":0.0,"max_hp_gain":0.0,"max_hp_loss":0.0,"gold_gain":0.0,"event_name":"Designer","player_choice":"Upgrade","floor":42.0,"gold_loss":50.0,"damage_taken":0.0,"cards_upgraded":["Seek"]},{"damage_healed":0.0,"max_hp_gain":0.0,"max_hp_loss":0.0,"gold_gain":0.0,"event_name":"Mysterious Sphere","player_choice":"Ignored","floor":44.0,"gold_loss":0.0,"damage_taken":0.0},{"damage_healed":0.0,"max_hp_gain":0.0,"max_hp_loss":0.0,"gold_gain":0.0,"event_name":"Tomb of Lord Red Mask","player_choice":"Paid","floor":45.0,"gold_loss":50.0,"damage_taken":0.0,"relics_obtained":["Red Mask"]}],"is_beta":false,"boss_relics":[{"not_picked":["Snecko Eye","Runic Dome"],"picked":"Empty Cage"},{"not_picked":["Cursed Key","Lizard Tail"],"picked":"Inserter"}],"items_purged_floors":[30],"is_endless":false,"potions_floor_spawned":[1,2,8,11,14,24,28,31,37,41],"ascension_level":18}