{"gold_per_floor":[114,181,83,98,113,143,158,158,158,188,203,233,275,101,101,201,201,216,231,246,86,101,131,131,140,165,165,195,195,210,225,225,325,325,340,355,229,229,244,244,274,274,324,354,369,369,369,384,384,384],"floor_reached":51,"playtime":5006,"items_purged":["Quick Slash","Parasite"],"score":867,"play_id":"1721b906-d449-4d30-8166-6fa5bc7a71c6","local_time":"20190301225541","daily_mods":["Draft","Time Dilation","Elite Swarm"],"is_ascension_mode":false,"campfire_choices":[{"data":"Blade Dance","floor":8,"key":"SMITH"},{"floor":15,"key":"REST"},{"data":"Terror","floor":24,"key":"SMITH"},{"data":"Adrenaline","floor":27,"key":"SMITH"},{"data":"After Image","floor":32,"key":"SMITH"},{"data":"After Image","floor":40,"key":"SMITH"},{"data":"Adrenaline","floor":42,"key":"SMITH"},{"data":"J.A.X.","floor":46,"key":"SMITH"},{"data":"Burst","floor":49,"key":"SMITH"}],"neow_cost":"","seed_source_timestamp":0,"circlet_count":0,"master_deck":["Blade Dance","Finisher","Poisoned Stab","Acrobatics","Bane+1","Cloak And Dagger","Cloak And Dagger","Choke","Poisoned Stab","Slice","Blade Dance+1","Dagger Throw","Blade Dance","Outmaneuver","Calculated Gamble","Terror+1","Poisoned Stab+1","Cloak And Dagger","Backflip","Venomology","Sucker Punch","Adrenaline+1","Prepared","Adrenaline+1","Prepared","Backflip","Burst+1","Prepared","Prepared","Masterful Stab","Bandage Up","Die Die Die","Endless Agony+1","After Image+1","J.A.X.+1","Escape Plan","Underhanded Strike","After Image+1","Blade Dance+1","Prepared+1","Blade Dance","Well Laid Plans","Phantasmal Killer","Decay","Backflip+1","Prepared"],"special_seed":17957,"relics":["Ring of the Snake","Snake Skull","Paper Crane","Pen Nib","Whetstone","Mercury Hourglass","Cursed Key","Turnip","Red Mask","Art of War","PreservedInsect","Lizard Tail","FossilizedHelix","Omamori","Orichalcum"],"potions_floor_usage":[7,12,12,16,16,16,16,30,31,31,33,41,48,50],"damage_taken":[{"damage":4,"enemies":"Small Slimes","floor":1,"turns":2},{"damage":1,"enemies":"2 Louse","floor":4,"turns":2},{"damage":0,"enemies":"Jaw Worm","floor":5,"turns":2},{"damage":12,"enemies":"3 Sentries","floor":6,"turns":6},{"damage":0,"enemies":"3 Louse","floor":7,"turns":3},{"damage":14,"enemies":"Gremlin Nob","floor":10,"turns":3},{"damage":4,"enemies":"Looter","floor":11,"turns":3},{"damage":18,"enemies":"3 Sentries","floor":12,"turns":4},{"damage":0,"enemies":"Lagavulin Event","floor":13,"turns":2},{"damage":19,"enemies":"Hexaghost","floor":16,"turns":3},{"damage":0,"enemies":"Chosen","floor":18,"turns":2},{"damage":0,"enemies":"Spheric Guardian","floor":19,"turns":3},{"damage":6,"enemies":"Chosen and Byrds","floor":20,"turns":3},{"damage":0,"enemies":"Sentry and Sphere","floor":22,"turns":2},{"damage":14,"enemies":"Slavers","floor":23,"turns":3},{"damage":0,"enemies":"Masked Bandits","floor":25,"turns":1},{"damage":0,"enemies":"Gremlin Leader","floor":28,"turns":3},{"damage":3,"enemies":"Cultist and Chosen","floor":30,"turns":2},{"damage":0,"enemies":"3 Cultists","floor":31,"turns":2},{"damage":5,"enemies":"Automaton","floor":33,"turns":4},{"damage":0,"enemies":"3 Darklings","floor":35,"turns":2},{"damage":3,"enemies":"3 Shapes","floor":36,"turns":1},{"damage":0,"enemies":"Spire Growth","floor":39,"turns":2},{"damage":9,"enemies":"Nemesis","floor":41,"turns":3},{"damage":0,"enemies":"Giant Head","floor":44,"turns":5},{"damage":0,"enemies":"Sphere and 2 Shapes","floor":45,"turns":3},{"damage":0,"enemies":"Maw","floor":48,"turns":4},{"damage":30,"enemies":"Time Eater","floor":50,"turns":6}],"seed_played":"5564049522342379639","potions_obtained":[{"floor":7,"key":"Strength Potion"},{"floor":11,"key":"EntropicBrew"},{"floor":13,"key":"LiquidBronze"},{"floor":19,"key":"GhostInAJar"},{"floor":23,"key":"AttackPotion"},{"floor":30,"key":"Strength Potion"},{"floor":41,"key":"Block Potion"},{"floor":44,"key":"AttackPotion"},{"floor":48,"key":"EssenceOfSteel"}],"is_trial":false,"path_per_floor":["M","?","$","M","M","E","M","R","T","E","M","E","?","$","R","B",null,"M","M","M","$","M","E","R","?","T","R","E","?","M","M","R","B",null,"M","M","$","?","M","R","E","R","T","E","M","R","?","M","R","B",null],"character_chosen":"THE_SILENT","items_purchased":["Terror","Poisoned Stab","Backflip","Noxious Fumes","Masterful Stab","Bandage Up","Blade Dance"],"campfire_rested":1,"item_purchase_floors":[3,3,14,14,21,21,37],"current_hp_per_floor":[66,66,66,65,65,53,53,53,53,39,35,17,17,17,38,31,70,70,70,64,64,68,62,62,62,62,62,66,66,63,63,63,62,70,70,67,67,67,67,67,62,62,62,66,67,67,67,67,67,37],"gold":384,"neow_bonus":"","is_prod":false,"is_daily":true,"chose_seed":false,"campfire_upgraded":8,"win_rate":0,"timestamp":1551502541,"path_taken":["M","?","$","M","M","E","M","R","T","E","M","E","?","$","R","BOSS","M","M","M","$","M","E","R","?","T","R","E","?","M","M","R","BOSS","M","M","$","?","M","R","E","R","T","E","M","R","?","M","R","BOSS"],"build_version":"2019-01-23","purchased_purges":2,"victory":true,"max_hp_per_floor":[70,70,70,70,70,70,70,70,70,70,70,70,70,70,70,70,70,70,70,70,70,70,70,70,70,70,70,70,70,70,70,70,70,70,70,70,67,67,67,67,67,67,67,67,67,67,67,67,67,67],"card_choices":[{"not_picked":["Flying Knee","Predator"],"picked":"Blade Dance","floor":0},{"not_picked":["Prepared","Well Laid Plans"],"picked":"Finisher","floor":0},{"not_picked":["Predator","Heel Hook"],"picked":"Poisoned Stab","floor":0},{"not_picked":["PiercingWail","Well Laid Plans"],"picked":"Acrobatics","floor":0},{"not_picked":["Bouncing Flask","PiercingWail"],"picked":"Quick Slash","floor":0},{"not_picked":["Deflect","Distraction"],"picked":"Bane","floor":0},{"not_picked":["Heel Hook","Backstab"],"picked":"Cloak And Dagger","floor":0},{"not_picked":["Backstab","Sucker Punch"],"picked":"Cloak And Dagger","floor":0},{"not_picked":["Underhanded Strike","Flying Knee"],"picked":"Choke","floor":0},{"not_picked":["Flying Knee","Acrobatics"],"picked":"Poisoned Stab","floor":0},{"not_picked":["Setup","Deadly Poison"],"picked":"Slice","floor":0},{"not_picked":["Outmaneuver","Concentrate"],"picked":"Blade Dance","floor":0},{"not_picked":["Deflect","Deadly Poison"],"picked":"Dagger Throw","floor":0},{"not_picked":["Finisher","Caltrops"],"picked":"Blade Dance","floor":0},{"not_picked":["PiercingWail","Eviscerate"],"picked":"Outmaneuver","floor":0},{"not_picked":["Acrobatics","Outmaneuver"],"picked":"Calculated Gamble","floor":1},{"not_picked":["Dagger Spray","Acrobatics"],"picked":"Cloak And Dagger","floor":4},{"not_picked":["Eviscerate","Deadly Poison"],"picked":"Backflip","floor":5},{"not_picked":["Glass Knife","Doppelganger"],"picked":"Venomology","floor":6},{"not_picked":["Outmaneuver","Underhanded Strike"],"picked":"Sucker Punch","floor":7},{"not_picked":["Corpse Explosion","A Thousand Cuts"],"picked":"Adrenaline","floor":10},{"not_picked":["Dagger Throw","Bane"],"picked":"Prepared","floor":11},{"not_picked":["Tools of the Trade","Venomology"],"picked":"Adrenaline","floor":12},{"not_picked":["Reflex","Underhanded Strike"],"picked":"Prepared","floor":13},{"not_picked":["Bullet Time","Adrenaline"],"picked":"Burst","floor":16},{"not_picked":["Dodge and Roll","PiercingWail+1","Acrobatics"],"picked":"SKIP","floor":18},{"not_picked":["Dodge and Roll","Dagger Throw"],"picked":"Prepared","floor":19},{"not_picked":["Footwork","Poisoned Stab+1"],"picked":"Prepared","floor":20},{"not_picked":["Riddle With Holes","Setup","Bane"],"picked":"SKIP","floor":22},{"not_picked":["Glass Knife","Phantasmal Killer"],"picked":"Die Die Die","floor":23},{"not_picked":["Acrobatics","All Out Attack"],"picked":"Endless Agony+1","floor":25},{"not_picked":["Tools of the Trade","A Thousand Cuts"],"picked":"After Image","floor":28},{"not_picked":["Masterful Stab+1","Choke"],"picked":"Escape Plan","floor":30},{"not_picked":["Setup","Leg Sweep+1"],"picked":"Underhanded Strike","floor":31},{"not_picked":["Wraith Form v2","Corpse Explosion"],"picked":"After Image","floor":33},{"not_picked":["Noxious Fumes+1","Cloak And Dagger"],"picked":"Blade Dance+1","floor":35},{"not_picked":["PiercingWail+1","Poisoned Stab+1"],"picked":"Prepared+1","floor":36},{"not_picked":["Calculated Gamble","Deadly Poison"],"picked":"Well Laid Plans","floor":39},{"not_picked":["Glass Knife","Venomology"],"picked":"Phantasmal Killer","floor":41},{"not_picked":["Night Terror","Wraith Form v2","Tools of the Trade"],"picked":"SKIP","floor":44},{"not_picked":["Poisoned Stab+1","Outmaneuver+1"],"picked":"Backflip+1","floor":45},{"not_picked":["Bouncing Flask+1","Heel Hook+1"],"picked":"Prepared","floor":48}],"player_experience":76556,"relics_obtained":[{"floor":6,"key":"Snake Skull"},{"floor":9,"key":"Paper Crane"},{"floor":10,"key":"Pen Nib"},{"floor":12,"key":"Whetstone"},{"floor":13,"key":"Mercury Hourglass"},{"floor":23,"key":"Turnip"},{"floor":25,"key":"Red Mask"},{"floor":26,"key":"Art of War"},{"floor":28,"key":"PreservedInsect"},{"floor":41,"key":"FossilizedHelix"},{"floor":43,"key":"Omamori"},{"floor":44,"key":"Orichalcum"}],"event_choices":[{"damage_healed":0,"gold_gain":67,"player_choice":"Gained Gold","damage_taken":0,"max_hp_gain":0,"max_hp_loss":0,"event_name":"Golden Wing","floor":2,"gold_loss":0},{"damage_healed":0,"gold_gain":0,"player_choice":"Searched \u00271\u0027 times","damage_taken":0,"max_hp_gain":0,"max_hp_loss":0,"event_name":"Dead Adventurer","floor":13,"gold_loss":0},{"damage_healed":0,"gold_gain":0,"player_choice":"Fought Bandits","damage_taken":0,"max_hp_gain":0,"max_hp_loss":0,"event_name":"Masked Bandits","floor":25,"gold_loss":0},{"damage_healed":0,"gold_gain":0,"player_choice":"Obtain J.A.X.","damage_taken":0,"max_hp_gain":0,"max_hp_loss":0,"event_name":"Drug Dealer","floor":29,"gold_loss":0,"cards_obtained":["J.A.X."]},{"cards_removed":["Noxious Fumes"],"damage_healed":0,"gold_gain":0,"player_choice":"Removed Power","damage_taken":0,"max_hp_gain":0,"max_hp_loss":0,"event_name":"Falling","floor":38,"gold_loss":0},{"damage_healed":0,"gold_gain":0,"player_choice":"Ignored","damage_taken":0,"max_hp_gain":0,"max_hp_loss":0,"event_name":"Mysterious Sphere","floor":47,"gold_loss":0}],"is_beta":false,"boss_relics":[{"not_picked":["Coffee Dripper","Empty Cage"],"picked":"Cursed Key"},{"not_picked":["Eternal Feather","White Beast Statue"],"picked":"Lizard Tail"}],"items_purged_floors":[14,37],"is_endless":false,"potions_floor_spawned":[7,11,13,19,22,23,30,41,44,48],"ascension_level":0}