{"gold_per_floor":[116,116,116,46,64,64,77,77,77,89,78,253,253,27,27,129,129,117,137,156,156,170,170,45,60,85,85,95,95,95,108,108,210,210,229,229,504,504,519,519,537,537],"floor_reached":42,"playtime":3312,"items_purged":["Doubt"],"score":493,"play_id":"7a6d65d2-fe28-4dc2-95af-1fcdd5e08d79","local_time":"20181001044024","is_ascension_mode":true,"campfire_choices":[{"floor":6.0,"key":"REST"},{"data":"Footwork","floor":8.0,"key":"SMITH"},{"data":"Noxious Fumes","floor":13.0,"key":"SMITH"},{"data":"Neutralize","floor":15.0,"key":"SMITH"},{"floor":23.0,"key":"REST"},{"floor":27.0,"key":"REST"},{"floor":29.0,"key":"REST"},{"floor":32.0,"key":"REST"},{"data":"Well Laid Plans","floor":40,"key":"SMITH"}],"neow_cost":"NONE","seed_source_timestamp":516044524444578,"circlet_count":0,"master_deck":["Defend_G","Defend_G","Defend_G+1","Defend_G","Strike_G","Strike_G","Strike_G","Survivor","Neutralize+1","Poisoned Stab","Footwork+1","PiercingWail","Poisoned Stab","Dagger Spray","Noxious Fumes+1","Prepared","Burst","Heel Hook+1","Dodge and Roll+1","Skewer+1","Deadly Poison+1","Crippling Poison","Outmaneuver+1","Flying Knee","Deadly Poison","Predator","PiercingWail+1","Well Laid Plans+1","Adrenaline","Poisoned Stab","Backflip+1","Malaise","Cloak And Dagger+1","Regret","Finisher+1","Backflip+1","Catalyst+1"],"special_seed":0,"relics":["Ring of the Snake","Dream Catcher","Pantograph","Happy Flower","Astrolabe","Tiny Chest","War Paint","Busted Crown","StoneCalendar"],"potions_floor_usage":[33,33,39,42],"damage_taken":[{"damage":8.0,"enemies":"2 Louse","floor":1.0,"turns":4.0},{"damage":11.0,"enemies":"Jaw Worm","floor":5.0,"turns":5.0},{"damage":0.0,"enemies":"Cultist","floor":7.0,"turns":4.0},{"damage":2.0,"enemies":"Exordium Wildlife","floor":10.0,"turns":4.0},{"damage":16.0,"enemies":"Exordium Thugs","floor":11.0,"turns":5.0},{"damage":3.0,"enemies":"The Guardian","floor":16.0,"turns":10.0},{"damage":16.0,"enemies":"2 Thieves","floor":18.0,"turns":4.0},{"damage":1.0,"enemies":"Shell Parasite","floor":19.0,"turns":4.0},{"damage":24.0,"enemies":"Snake Plant","floor":20.0,"turns":4.0},{"damage":17.0,"enemies":"Centurion and Healer","floor":22.0,"turns":7.0},{"damage":9.0,"enemies":"Snecko","floor":25.0,"turns":4.0},{"damage":29.0,"enemies":"Chosen and Byrds","floor":28.0,"turns":7.0},{"damage":0.0,"enemies":"Cultist and Chosen","floor":31.0,"turns":5.0},{"damage":67,"enemies":"Champ","floor":33,"turns":13},{"damage":10,"enemies":"Orb Walker","floor":35,"turns":3},{"damage":4,"enemies":"Mind Bloom Boss Battle","floor":38,"turns":6},{"damage":11,"enemies":"3 Darklings","floor":39,"turns":6},{"damage":21,"enemies":"4 Shapes","floor":41,"turns":7},{"damage":37,"enemies":"Reptomancer","floor":42,"turns":5}],"seed_played":"-8837385417243447411","potions_obtained":[{"floor":1.0,"key":"EssenceOfSteel"},{"floor":5.0,"key":"Dexterity Potion"},{"floor":10.0,"key":"LiquidBronze"},{"floor":18.0,"key":"Fire Potion"},{"floor":25.0,"key":"SneckoOil"},{"floor":28.0,"key":"Poison Potion"},{"floor":33,"key":"AttackPotion"},{"floor":35,"key":"SpeedPotion"},{"floor":41,"key":"Energy Potion"}],"is_trial":false,"path_per_floor":["M","?","?","$","M","R","M","R","T","M","M","?","R","$","R","B",null,"M","M","M","$","M","R","$","M","T","R","M","R","?","M","R","B",null,"M","$","?","?","M","R","M"],"character_chosen":"THE_SILENT","items_purchased":["Footwork","Happy Flower","Tiny Chest"],"campfire_rested":5,"item_purchase_floors":[4,14,24],"current_hp_per_floor":[62,62,62,62,51,70,70,70,70,68,52,52,52,52,52,67,70,54,53,29,29,12,33,33,24,24,45,16,37,37,37,58,3,70,60,60,60,66,55,55,34,0],"gold":537,"neow_bonus":"RANDOM_COMMON_RELIC","is_prod":false,"is_daily":false,"chose_seed":false,"campfire_upgraded":4,"win_rate":0,"timestamp":1538383224,"path_taken":["M","?","?","$","?","R","M","R","T","M","M","?","R","$","R","BOSS","M","?","?","$","M","R","?","M","T","R","M","R","?","M","R","BOSS","M","$","?","?","M","R","M","M"],"build_version":"2018-09-27","purchased_purges":1,"victory":false,"max_hp_per_floor":[70,70,70,70,70,70,70,70,70,70,70,70,70,70,70,70,70,70,70,70,70,70,70,70,70,70,70,70,70,70,70,70,70,70,70,70,70,70,70,70,70,70],"card_choices":[{"not_picked":["Distraction","Cloak And Dagger"],"picked":"Poisoned Stab","floor":1.0},{"not_picked":["Sucker Punch","Bane"],"picked":"PiercingWail","floor":5.0},{"not_picked":["Dagger Throw","Backflip"],"picked":"Poisoned Stab","floor":6.0},{"not_picked":["Glass Knife","Acrobatics"],"picked":"Dagger Spray","floor":7.0},{"not_picked":["Dagger Throw","Endless Agony"],"picked":"Noxious Fumes","floor":10.0},{"not_picked":["Slice","Flechettes"],"picked":"Prepared","floor":11.0},{"not_picked":["Grand Finale","Storm of Steel"],"picked":"Burst","floor":16.0},{"not_picked":["Sucker Punch","Flying Knee"],"picked":"Deadly Poison+1","floor":18.0},{"not_picked":["Leg Sweep","Deflect"],"picked":"Crippling Poison","floor":19.0},{"not_picked":["Acrobatics+1","Prepared+1"],"picked":"Outmaneuver","floor":20.0},{"not_picked":["Acrobatics","Heel Hook"],"picked":"Flying Knee","floor":22.0},{"not_picked":["After Image","Dagger Throw"],"picked":"Deadly Poison","floor":23.0},{"not_picked":["Blade Dance","Underhanded Strike"],"picked":"Predator","floor":25.0},{"not_picked":["Endless Agony","Backflip"],"picked":"PiercingWail+1","floor":27.0},{"not_picked":["Heel Hook","Slice"],"picked":"Well Laid Plans","floor":28.0},{"not_picked":["Dodge and Roll","Bane"],"picked":"Adrenaline","floor":29.0},{"not_picked":["Sucker Punch","Riddle With Holes+1"],"picked":"Poisoned Stab","floor":31.0},{"not_picked":["Blade Dance","Terror"],"picked":"Backflip+1","floor":32.0},{"not_picked":["Glass Knife","Bullet Time"],"picked":"Malaise","floor":33},{"not_picked":[],"picked":"Cloak And Dagger+1","floor":35},{"not_picked":[],"picked":"Finisher+1","floor":38},{"not_picked":[],"picked":"Backflip+1","floor":39},{"not_picked":[],"picked":"Catalyst+1","floor":41}],"player_experience":122563,"relics_obtained":[{"floor":9.0,"key":"Pantograph"},{"floor":26.0,"key":"War Paint"},{"floor":38,"key":"StoneCalendar"}],"event_choices":[{"event_name":"The Cleric","player_choice":"Leave","floor":2.0,"damage_taken":0.0},{"event_name":"Purifier","player_choice":"Skipped","floor":3.0,"damage_taken":0.0},{"event_name":"Liars Game","player_choice":"agreed","floor":12.0,"damage_taken":0.0},{"event_name":"Ghosts","player_choice":"Ignored","floor":30.0,"damage_taken":0.0},{"event_name":"Golden Shrine","player_choice":"Desecrate","floor":37,"damage_taken":0},{"event_name":"MindBloom","player_choice":"Fight","floor":38,"damage_taken":0}],"is_beta":false,"boss_relics":[{"not_picked":["Lizard Tail","Velvet Choker"],"picked":"Astrolabe"},{"not_picked":["White Beast Statue","Black Star"],"picked":"Busted Crown"}],"items_purged_floors":[14],"is_endless":false,"potions_floor_spawned":[1,5,10,18,25,28,33,35,41],"killed_by":"Reptomancer","ascension_level":4}