{"gold_per_floor":[114,129,144,159,0,30,60,60,60,75,37,37,52,82,82,82],"floor_reached":16,"playtime":1172,"items_purged":[],"score":147,"play_id":"36865807-8663-4ddd-9540-b3ac8088ded7","local_time":"20190303122341","daily_mods":["Cursed Run","Flight","DeadlyEvents"],"is_ascension_mode":false,"campfire_choices":[{"floor":8,"key":"REST"},{"floor":15,"key":"REST"}],"neow_cost":"","seed_source_timestamp":0,"circlet_count":0,"master_deck":["Strike_B","Strike_B","Strike_B","Strike_B","Defend_B","Defend_B","Defend_B","Defend_B","Zap","Dualcast","Rebound","Undo","Sweeping Beam","Turbo","Mind Blast","Chill","Rebound","Rainbow","Normality","Ball Lightning","Doom and Gloom","Genetic Algorithm","Creative AI"],"special_seed":17958,"relics":["Cursed Key","Darkstone Periapt","Du-Vu Doll","Question Card","Bag of Preparation","Pear","Bottled Flame"],"potions_floor_usage":[16,16],"damage_taken":[{"damage":1,"enemies":"Cultist","floor":1,"turns":4},{"damage":0,"enemies":"2 Louse","floor":2,"turns":3},{"damage":0,"enemies":"Small Slimes","floor":3,"turns":3},{"damage":11,"enemies":"Red Slaver","floor":4,"turns":3},{"damage":6,"enemies":"3 Sentries","floor":6,"turns":8},{"damage":52,"enemies":"Gremlin Nob","floor":7,"turns":5},{"damage":1,"enemies":"2 Fungi Beasts","floor":10,"turns":3},{"damage":14,"enemies":"Exordium Thugs","floor":13,"turns":4},{"damage":21,"enemies":"Lagavulin","floor":14,"turns":6},{"damage":35,"enemies":"The Guardian","floor":16,"turns":4}],"seed_played":"-270384257363861475","potions_obtained":[{"floor":3,"key":"Dexterity Potion"},{"floor":6,"key":"Energy Potion"},{"floor":10,"key":"AttackPotion"},{"floor":12,"key":"Swift Potion"},{"floor":12,"key":"Energy Potion"}],"is_trial":false,"path_per_floor":["M","M","M","M","$","E","E","R","T","M","$","?","M","E","R","B"],"character_chosen":"DEFECT","items_purchased":["Mind Blast","Chill","Doom and Gloom"],"campfire_rested":2,"item_purchase_floors":[5,5,11],"current_hp_per_floor":[74,74,74,63,63,57,5,27,43,42,42,42,28,7,34,0],"gold":82,"neow_bonus":"","is_prod":false,"is_daily":true,"chose_seed":false,"campfire_upgraded":0,"win_rate":0.0,"timestamp":1551637421,"path_taken":["M","?","M","M","$","E","E","R","T","M","$","?","M","?","R","BOSS"],"build_version":"2019-01-23","purchased_purges":0,"victory":false,"max_hp_per_floor":[75,75,75,75,75,75,75,75,91,91,91,91,91,91,91,91],"card_choices":[{"not_picked":["Cold Snap","Hologram"],"picked":"Rebound","floor":1},{"not_picked":["Streamline","Ball Lightning"],"picked":"Undo","floor":2},{"not_picked":["Steam","Chill"],"picked":"Sweeping Beam","floor":3},{"not_picked":["Blizzard","Stack"],"picked":"Turbo","floor":4},{"not_picked":["Conserve Battery","Beam Cell"],"picked":"Rebound","floor":6},{"not_picked":["Sunder","Sweeping Beam","Undo"],"picked":"Rainbow","floor":7},{"not_picked":["Turbo","Go for the Eyes","Cold Snap"],"picked":"Ball Lightning","floor":10},{"not_picked":["Conserve Battery","Rebound","Compile Driver"],"picked":"Genetic Algorithm","floor":13},{"not_picked":["Coolheaded","Lockon","Cold Snap"],"picked":"Creative AI","floor":14}],"player_experience":85991,"relics_obtained":[{"floor":6,"key":"Question Card"},{"floor":7,"key":"Bag of Preparation"},{"floor":9,"key":"Pear"},{"floor":14,"key":"Bottled Flame"}],"event_choices":[{"damage_healed":0,"gold_gain":0,"player_choice":"Got Potions","damage_taken":0,"max_hp_gain":0,"max_hp_loss":0,"event_name":"Lab","floor":12,"gold_loss":0}],"is_beta":false,"boss_relics":[],"items_purged_floors":[],"is_endless":false,"potions_floor_spawned":[3,6,10],"killed_by":"The Guardian","ascension_level":0}