{"gold_per_floor":[20,195,211,211,12,43,55,55,55,71,146,179,242,277,277,376,376,388,488,77,77,89,117,117,144,144,194,207,207,224,241,241,345,345,357,410,428,133,144,144,171,188,215,249,264,364,378,378,378,378,378,378,5,40,40],"floor_reached":56,"playtime":2887,"items_purged":["Doubt","Searing Blow"],"score":1514,"play_id":"f7ba6f11-c1b9-4ba0-8df2-396f0eb1ea24","local_time":"20190526155720","is_ascension_mode":true,"campfire_choices":[{"floor":8,"key":"REST"},{"floor":15,"key":"REST"},{"floor":24,"key":"REST"},{"floor":29,"key":"RECALL"},{"floor":32,"key":"REST"},{"floor":40,"key":"REST"},{"floor":49,"key":"REST"},{"floor":52,"key":"REST"}],"neow_cost":"NO_GOLD","seed_source_timestamp":376217223733932,"circlet_count":0,"master_deck":["Bash+1","Feel No Pain","Armaments+1","Hemokinesis","Heavy Blade","Metallicize","Offering","Clothesline","Demon Form","True Grit+1","Infernal Blade+1","Shockwave+1","True Grit+1","Seeing Red+1","Sever Soul+1","Impervious+1","Spot Weakness+1","Juggernaut","Whirlwind","Shockwave+1","Shockwave+1","Combust","Rage+1","Immolate","Iron Wave","Immolate+1","Infernal Blade+1","Ghostly Armor+1","Body Slam+1","Body Slam+1","Offering+1","Spot Weakness+1","Brutality","Pommel Strike+1","Warcry+1","Pummel","Sword Boomerang","Infernal Blade+1","Intimidate+1","Pummel"],"relics":["Burning Blood","Red Skull","Membership Card","Bottled Lightning","Paper Frog","Bird Faced Urn","Thread and Needle","Fusion Hammer","Ice Cream","Meat on the Bone","Incense Burner","Toxic Egg 2","ClockworkSouvenir","Pen Nib","Art of War","Gremlin Horn","Regal Pillow","Pandora\u0027s Box","Prayer Wheel","Lee\u0027s Waffle","Bag of Preparation","War Paint","Whetstone","Strawberry","Unceasing Top","Pantograph","Brimstone","Anchor","Oddly Smooth Stone"],"potions_floor_usage":[10,12,12,23,25,25,39,42,50,55,55],"damage_taken":[{"damage":11,"enemies":"Small Slimes","floor":1,"turns":4},{"damage":7,"enemies":"Jaw Worm","floor":3,"turns":3},{"damage":57,"enemies":"Lagavulin","floor":6,"turns":8},{"damage":1,"enemies":"Cultist","floor":7,"turns":3},{"damage":17,"enemies":"3 Louse","floor":10,"turns":3},{"damage":5,"enemies":"Gremlin Nob","floor":12,"turns":3},{"damage":14,"enemies":"3 Sentries","floor":13,"turns":9},{"damage":20,"enemies":"3 Sentries","floor":14,"turns":7},{"damage":30,"enemies":"Hexaghost","floor":16,"turns":9},{"damage":13,"enemies":"Chosen","floor":18,"turns":4},{"damage":27,"enemies":"Colosseum Slavers","floor":19,"turns":5},{"damage":32,"enemies":"Colosseum Nobs","floor":19,"turns":5},{"damage":9,"enemies":"Spheric Guardian","floor":22,"turns":4},{"damage":23,"enemies":"Book of Stabbing","floor":23,"turns":5},{"damage":12,"enemies":"Gremlin Leader","floor":25,"turns":5},{"damage":7,"enemies":"Centurion and Healer","floor":28,"turns":3},{"damage":3,"enemies":"Snake Plant","floor":30,"turns":5},{"damage":12,"enemies":"Sentry and Sphere","floor":31,"turns":4},{"damage":29,"enemies":"Automaton","floor":33,"turns":9},{"damage":11,"enemies":"3 Darklings","floor":35,"turns":4},{"damage":26,"enemies":"2 Orb Walkers","floor":36,"turns":3},{"damage":6,"enemies":"Orb Walker","floor":37,"turns":3},{"damage":15,"enemies":"Transient","floor":39,"turns":5},{"damage":8,"enemies":"Giant Head","floor":41,"turns":4},{"damage":2,"enemies":"Jaw Worm Horde","floor":42,"turns":3},{"damage":17,"enemies":"Reptomancer","floor":44,"turns":3},{"damage":11,"enemies":"3 Darklings","floor":45,"turns":2},{"damage":17,"enemies":"Mind Bloom Boss Battle","floor":46,"turns":3},{"damage":0,"enemies":"4 Shapes","floor":47,"turns":1},{"damage":30,"enemies":"Donu and Deca","floor":50,"turns":4},{"damage":67,"enemies":"Shield and Spear","floor":54,"turns":4},{"damage":37,"enemies":"The Heart","floor":55,"turns":6}],"seed_played":"-3260419358325049017","potions_obtained":[{"floor":3,"key":"Fire Potion"},{"floor":6,"key":"Swift Potion"},{"floor":10,"key":"Block Potion"},{"floor":12,"key":"Energy Potion"},{"floor":22,"key":"SpeedPotion"},{"floor":23,"key":"SkillPotion"},{"floor":25,"key":"Block Potion"},{"floor":35,"key":"Energy Potion"},{"floor":39,"key":"Fruit Juice"},{"floor":42,"key":"EssenceOfSteel"}],"is_trial":false,"path_per_floor":["M","?","M","T","$","E","M","R","T","M","?","E","?","E","R","B",null,"M","?","$","?","M","E","R","E","T","T","M","R","M","M","R","B",null,"M","?","M","$","M","R","E","M","T","E","M","?","M","?","R","B",null,"R","$","E","B",null],"character_chosen":"IRONCLAD","items_purchased":["Membership Card","Incense Burner","Toxic Egg 2","ClockworkSouvenir","Lee\u0027s Waffle","Bag of Preparation","Offering+1","Pantograph","Brimstone","Anchor","Intimidate+1","Weak Potion"],"campfire_rested":7,"item_purchase_floors":[5,20,20,20,38,38,38,53,53,53,53,53],"current_hp_per_floor":[91,91,90,90,90,39,44,72,72,61,50,51,43,33,61,41,96,91,52,52,52,63,62,90,90,90,90,93,93,96,92,96,77,96,95,77,81,103,105,108,108,108,108,111,108,105,111,111,115,99,115,115,115,70,74],"gold":40,"neow_bonus":"TWENTY_PERCENT_HP_BONUS","is_prod":false,"is_daily":false,"chose_seed":false,"campfire_upgraded":0,"win_rate":0,"timestamp":1558904240,"path_taken":["M","?","M","?","$","E","M","R","T","?","?","E","?","E","R","BOSS","M","?","$","?","M","E","R","E","T","?","M","R","M","M","R","BOSS","M","?","M","$","M","R","E","M","T","E","M","?","M","?","R","BOSS","R","$","E","BOSS"],"build_version":"2019-01-23","purchased_purges":2,"victory":true,"max_hp_per_floor":[96,96,96,96,96,96,96,96,96,96,96,96,96,96,96,96,96,96,96,96,96,96,96,96,96,96,96,96,96,96,96,96,96,96,96,96,96,103,108,108,108,108,108,115,115,115,115,115,115,115,115,115,115,115,115],"card_choices":[{"not_picked":["Iron Wave","Headbutt"],"picked":"Reckless Charge","floor":1},{"not_picked":["Metallicize","Whirlwind"],"picked":"Feel No Pain","floor":3},{"not_picked":["Searing Blow","Fire Breathing"],"picked":"Armaments","floor":6},{"not_picked":["Body Slam","Cleave"],"picked":"Hemokinesis","floor":7},{"not_picked":["Armaments","Clash"],"picked":"Heavy Blade","floor":10},{"not_picked":["Armaments","Fire Breathing"],"picked":"Metallicize","floor":12},{"not_picked":["Twin Strike","Warcry"],"picked":"Offering","floor":13},{"not_picked":["Sever Soul","Fire Breathing"],"picked":"Clothesline","floor":14},{"not_picked":["Impervious","Limit Break"],"picked":"Demon Form","floor":16},{"not_picked":["Sword Boomerang","Fire Breathing"],"picked":"True Grit","floor":18},{"not_picked":["Body Slam","Rage+1"],"picked":"Infernal Blade+1","floor":19},{"not_picked":["Fire Breathing","Headbutt"],"picked":"Shockwave+1","floor":22},{"not_picked":["Rage+1","Wild Strike"],"picked":"True Grit+1","floor":23},{"not_picked":["Shockwave+1","Evolve"],"picked":"Seeing Red+1","floor":25},{"not_picked":["Warcry+1","Shockwave+1"],"picked":"Sever Soul+1","floor":28},{"not_picked":["Dropkick","Shockwave+1"],"picked":"Impervious+1","floor":30},{"not_picked":["Heavy Blade","Inflame+1"],"picked":"Spot Weakness+1","floor":31},{"not_picked":["Bludgeon","Berserk"],"picked":"Juggernaut","floor":33},{"not_picked":["Twin Strike","Inflame+1"],"picked":"Infernal Blade+1","floor":35},{"not_picked":["Body Slam","True Grit+1"],"picked":"Ghostly Armor+1","floor":36},{"not_picked":["Cleave+1","Thunderclap"],"picked":"Body Slam+1","floor":37},{"not_picked":["Clash","Anger+1"],"picked":"Body Slam+1","floor":37},{"not_picked":["Pommel Strike+1","Intimidate+1"],"picked":"Spot Weakness+1","floor":39},{"not_picked":["Wild Strike+1","Havoc+1","Flex+1"],"picked":"SKIP","floor":39},{"not_picked":["Seeing Red+1","Armaments+1"],"picked":"Brutality","floor":41},{"not_picked":["Anger","Flex+1"],"picked":"Pommel Strike+1","floor":42},{"not_picked":["Headbutt","Body Slam+1","Twin Strike"],"picked":"SKIP","floor":42},{"not_picked":["Demon Form","True Grit+1","Warcry+1"],"picked":"SKIP","floor":44},{"not_picked":["Demon Form","True Grit+1"],"picked":"Warcry+1","floor":44},{"not_picked":["Twin Strike","Thunderclap+1"],"picked":"Pummel","floor":45},{"not_picked":["True Grit+1","Inflame+1"],"picked":"Sword Boomerang","floor":45},{"not_picked":["Pommel Strike","Searing Blow+1"],"picked":"Infernal Blade+1","floor":47},{"not_picked":["Sword Boomerang","Reckless Charge+1","Headbutt"],"picked":"SKIP","floor":47},{"not_picked":["Carnage+1","Thunderclap+1"],"picked":"Pummel","floor":54}],"player_experience":20495,"relics_obtained":[{"floor":4,"key":"Red Skull"},{"floor":6,"key":"Bottled Lightning"},{"floor":12,"key":"Paper Frog"},{"floor":13,"key":"Bird Faced Urn"},{"floor":14,"key":"Thread and Needle"},{"floor":19,"key":"Ice Cream"},{"floor":19,"key":"Meat on the Bone"},{"floor":23,"key":"Pen Nib"},{"floor":25,"key":"Art of War"},{"floor":26,"key":"Gremlin Horn"},{"floor":27,"key":"Regal Pillow"},{"floor":36,"key":"Prayer Wheel"},{"floor":41,"key":"War Paint"},{"floor":43,"key":"Whetstone"},{"floor":44,"key":"Strawberry"},{"floor":46,"key":"Unceasing Top"},{"floor":54,"key":"Oddly Smooth Stone"}],"event_choices":[{"damage_healed":0,"gold_gain":175,"player_choice":"AGREE","damage_taken":0,"max_hp_gain":0,"max_hp_loss":0,"event_name":"Liars Game","floor":2,"gold_loss":0,"cards_obtained":["Doubt"]},{"damage_healed":0,"gold_gain":75,"player_choice":"Gather Gold","damage_taken":11,"max_hp_gain":0,"max_hp_loss":0,"event_name":"World of Goop","floor":11,"gold_loss":0},{"damage_healed":0,"gold_gain":30,"player_choice":"Searched \u00273\u0027 times","damage_taken":0,"max_hp_gain":0,"max_hp_loss":0,"event_name":"Dead Adventurer","floor":13,"gold_loss":0},{"damage_healed":0,"gold_gain":0,"player_choice":"Fight","damage_taken":0,"max_hp_gain":0,"max_hp_loss":0,"event_name":"Colosseum","floor":19,"gold_loss":0},{"damage_healed":0,"gold_gain":0,"player_choice":"Fought Nobs","damage_taken":0,"max_hp_gain":0,"max_hp_loss":0,"event_name":"Colosseum","floor":19,"gold_loss":0},{"damage_healed":0,"gold_gain":0,"player_choice":"Ignored","damage_taken":0,"max_hp_gain":0,"max_hp_loss":0,"event_name":"Ghosts","floor":21,"gold_loss":0},{"damage_healed":0,"gold_gain":0,"player_choice":"Fight","damage_taken":0,"max_hp_gain":0,"max_hp_loss":0,"event_name":"Mysterious Sphere","floor":36,"gold_loss":0},{"damage_healed":0,"gold_gain":0,"player_choice":"Fight","damage_taken":0,"max_hp_gain":0,"max_hp_loss":0,"event_name":"MindBloom","floor":46,"gold_loss":0},{"cards_removed":["Reckless Charge"],"damage_healed":0,"gold_gain":0,"player_choice":"Removed Attack","damage_taken":0,"max_hp_gain":0,"max_hp_loss":0,"event_name":"Falling","floor":48,"gold_loss":0}],"is_beta":false,"boss_relics":[{"not_picked":["Velvet Choker","Orrery"],"picked":"Fusion Hammer"},{"not_picked":["Calling Bell","Snecko Eye"],"picked":"Pandora\u0027s Box"}],"items_purged_floors":[20,38],"is_endless":false,"potions_floor_spawned":[3,6,10,12,19,22,23,25,35,39,42],"ascension_level":2}