{"gold_per_floor":[119,136,136,136,9,52,64,76,139,174,186,198,233,268,280,292],"floor_reached":16,"playtime":543,"items_purged":[],"score":175,"play_id":"9c71dda8-a2f5-447e-a6aa-12f7c17c2472","local_time":"20190522154825","is_ascension_mode":true,"campfire_choices":[{"data":"Predator","floor":7,"key":"SMITH"},{"data":"Dagger Throw","floor":11,"key":"SMITH"},{"floor":15,"key":"REST"}],"neow_cost":"CURSE","seed_source_timestamp":227291025407129,"circlet_count":0,"master_deck":["AscendersBane","Defend_G","Defend_G","Defend_G","Defend_G","Defend_G","Strike_G","Strike_G","Strike_G","Strike_G","Strike_G","Survivor","Neutralize+1","Underhanded Strike","Footwork","Backstab","Predator+1","Dagger Throw+1","Prepared","Noxious Fumes"],"relics":["Ring of the Snake","Tough Bandages","Golden Idol","MawBank"],"potions_floor_usage":[6],"damage_taken":[{"damage":0,"enemies":"2 Louse","floor":1,"turns":4},{"damage":3,"enemies":"Small Slimes","floor":2,"turns":3},{"damage":27,"enemies":"3 Sentries","floor":6,"turns":12},{"damage":0,"enemies":"Cultist","floor":10,"turns":3},{"damage":0,"enemies":"Large Slime","floor":13,"turns":4},{"damage":5,"enemies":"Blue Slaver","floor":14,"turns":3},{"damage":51,"enemies":"Slime Boss","floor":16,"turns":10}],"seed_played":"43131253558093552","potions_obtained":[{"floor":1,"key":"Poison Potion"},{"floor":6,"key":"LiquidBronze"}],"is_trial":false,"path_per_floor":["M","M","?","?","$","E","R","?","T","M","R","?","M","M","R","B"],"character_chosen":"THE_SILENT","items_purchased":["Backstab","AttackPotion"],"campfire_rested":1,"item_purchase_floors":[5,5],"current_hp_per_floor":[59,56,56,61,61,34,34,34,34,34,34,34,34,29,48,0],"gold":292,"neow_bonus":"ONE_RARE_RELIC","is_prod":false,"is_daily":false,"chose_seed":false,"campfire_upgraded":2,"win_rate":0,"timestamp":1558554505,"path_taken":["M","M","?","?","$","E","R","?","T","M","R","?","M","?","R","BOSS"],"build_version":"2019-01-23","purchased_purges":0,"victory":false,"max_hp_per_floor":[66,66,60,65,65,65,65,65,65,65,65,65,65,65,65,65],"card_choices":[{"not_picked":["Blade Dance","Setup"],"picked":"Underhanded Strike","floor":1},{"not_picked":["Dagger Spray","Cloak And Dagger"],"picked":"Footwork","floor":2},{"not_picked":["Distraction","Blade Dance"],"picked":"Predator","floor":6},{"not_picked":["Prepared","Expertise"],"picked":"Dagger Throw","floor":10},{"not_picked":["Reflex","Dodge and Roll"],"picked":"Prepared","floor":13},{"not_picked":["Terror","Acrobatics"],"picked":"Noxious Fumes","floor":14}],"player_experience":1286756,"relics_obtained":[{"floor":6,"key":"MawBank"}],"event_choices":[{"damage_healed":0,"gold_gain":0,"player_choice":"Lose Max HP","damage_taken":0,"relics_obtained":["Golden Idol"],"max_hp_gain":0,"max_hp_loss":6,"event_name":"Golden Idol","floor":3,"gold_loss":0},{"damage_healed":0,"gold_gain":0,"player_choice":"Donut","damage_taken":0,"max_hp_gain":5,"max_hp_loss":0,"event_name":"Big Fish","floor":4,"gold_loss":0},{"cards_removed":["Regret"],"damage_healed":0,"gold_gain":0,"player_choice":"Forget","damage_taken":0,"max_hp_gain":0,"max_hp_loss":0,"event_name":"Living Wall","floor":8,"gold_loss":0},{"damage_healed":0,"gold_gain":0,"player_choice":"Upgraded","damage_taken":0,"max_hp_gain":0,"max_hp_loss":0,"event_name":"Upgrade Shrine","floor":12,"gold_loss":0,"cards_upgraded":["Neutralize"]}],"is_beta":false,"boss_relics":[],"items_purged_floors":[],"is_endless":false,"potions_floor_spawned":[1,6,13],"killed_by":"Slime Boss","ascension_level":15}