{"path_per_floor":["M","$","M","M","M","E","M","R","T","$","E","R","M","E","R","B",null,"M","?","?","M","M","E"],"character_chosen":"DEFECT","items_purchased":["Leap","Sunder"],"gold_per_floor":[110,65,85,96,112,146,160,160,233,125,155,155,170,201,201,299,299,313,363,363,381,401,434,434],"floor_reached":24,"campfire_rested":0,"playtime":1333,"current_hp_per_floor":[74,74,74,74,74,54,36,36,36,36,31,31,31,25,25,25,75,75,75,59,59,35,19,0],"items_purged":["Strike_B"],"gold":434,"score":288,"play_id":"175cb65a-65f2-44e7-8685-1234564af4ac","local_time":"20180427164602","is_prod":false,"is_daily":false,"chose_seed":false,"is_ascension_mode":false,"campfire_upgraded":3,"timestamp":1524861962,"path_taken":["M","?","M","M","M","E","M","R","T","$","E","R","M","E","R","BOSS","M","?","?","M","M","E","M"],"build_version":"2018-04-26v2","seed_source_timestamp":4404261509549877,"purchased_purges":1,"victory":false,"master_deck":["Strike_B","Strike_B","Strike_B","Defend_B","Defend_B","Defend_B","Defend_B","Zap+1","Dualcast+1","Barrage+1","Leap","Skim","Leap","Glacier","Double Energy","Sunder+1","Go for the Eyes+1","Echo Form+1","Machine Learning","Capacitor","Necronomicurse","Stack+1","Go for the Eyes+1","Capacitor+1"],"max_hp_per_floor":[75,75,75,75,75,75,75,75,75,75,75,75,75,75,75,75,75,75,75,75,75,75,75,75],"relics":["Cracked Core","Dream Catcher","Molten Egg 2","Unceasing Top","Oddly Smooth Stone","Necronomicon","Frozen Egg 2"],"card_choices":[{"not_picked":["Hello World","Hologram"],"picked":"Barrage","floor":1},{"not_picked":["Aggregate","Self Repair"],"picked":"Skim","floor":3},{"not_picked":["Axe Kick","Hello World"],"picked":"Leap","floor":4},{"not_picked":["Auto Shields","Axe Kick"],"picked":"Glacier","floor":5},{"not_picked":["Turbo","Self Repair"],"picked":"Double Energy","floor":6},{"not_picked":["Force Field","FTL"],"picked":"Go for the Eyes","floor":11},{"not_picked":["Barrage","Capacitor"],"picked":"Echo Form","floor":13},{"not_picked":["Multi-Cast","Prime"],"picked":"Machine Learning","floor":16},{"not_picked":["Hologram","Loop"],"picked":"Capacitor","floor":18},{"not_picked":["Rebound","Cold Snap"],"picked":"Stack","floor":21},{"not_picked":["Tempest","Turbo"],"picked":"Go for the Eyes","floor":22},{"not_picked":["Darkness","Recycle"],"picked":"Capacitor","floor":23}],"player_experience":14213,"potions_floor_usage":[6,6,14,23,23,23],"damage_taken":[{"damage":1,"enemies":"Cultist","floor":1,"turns":4},{"damage":0,"enemies":"Small Slimes","floor":3,"turns":3},{"damage":0,"enemies":"Jaw Worm","floor":4,"turns":4},{"damage":0,"enemies":"2 Fungi Beasts","floor":5,"turns":4},{"damage":20,"enemies":"Gremlin Nob","floor":6,"turns":7},{"damage":18,"enemies":"Lots of Slimes","floor":7,"turns":7},{"damage":5,"enemies":"Lagavulin","floor":11,"turns":7},{"damage":0,"enemies":"Exordium Wildlife","floor":13,"turns":2},{"damage":6,"enemies":"Gremlin Nob","floor":14,"turns":5},{"damage":0,"enemies":"Hexaghost","floor":16,"turns":9},{"damage":0,"enemies":"Shell Parasite","floor":18,"turns":6},{"damage":0,"enemies":"2 Thieves","floor":21,"turns":3},{"damage":24,"enemies":"Snake Plant","floor":22,"turns":4},{"damage":16,"enemies":"Gremlin Leader","floor":23,"turns":10},{"damage":19,"enemies":"3 Cultists","floor":24,"turns":3}],"event_choices":[{"event_name":"The Joust","player_choice":"Bet on Murderer","floor":19,"damage_taken":0},{"event_name":"Cursed Tome","player_choice":"Obtained Book","floor":20,"damage_taken":0}],"boss_relics":[{"not_picked":["Velvet Choker","Calling Bell","Snecko Eye"]}],"potions_floor_spawned":[4,5,11,13,16,21,22],"seed_played":"-5343213716074355382","killed_by":"3 Cultists","ascension_level":0,"is_trial":false}