{"gold_per_floor":[116,134,209,179,197,197,225,237,261,261,261,21,54,74,74,179,179,195,65,65,76,76,76,110,122,145,155,155,169,189,189,189,292,342,353,373,26,46,59,59,72,72,149,162,8,8,21,21,21,21],"floor_reached":50,"playtime":8930,"items_purged":["Writhe"],"score":576,"play_id":"0bc863dc-8e63-4f1b-a290-6305d8df71e7","local_time":"20180927003123","is_ascension_mode":true,"campfire_choices":[{"data":"Cloak And Dagger","floor":6.0,"key":"SMITH"},{"data":"Venomology","floor":11.0,"key":"SMITH"},{"floor":15.0,"key":"REST"},{"data":"Catalyst","floor":23.0,"key":"SMITH"},{"data":"Distraction","floor":28.0,"key":"SMITH"},{"floor":32.0,"key":"REST"},{"data":"Cloak And Dagger","floor":40,"key":"SMITH"},{"data":"Well Laid Plans","floor":46,"key":"SMITH"},{"data":"Accuracy","floor":49,"key":"SMITH"}],"neow_cost":"NONE","seed_source_timestamp":0,"circlet_count":0,"master_deck":["Defend_G+1","Defend_G","Defend_G","Defend_G","Defend_G","Survivor+1","Neutralize","Cloak And Dagger+1","Accuracy+1","Catalyst+1","Venomology+1","Deflect+1","Distraction","Poisoned Stab","Distraction+1","Backstab","Venomology","Tactician","Well Laid Plans+1","Backstab","Dagger Spray","Backflip","Dodge and Roll","Cloak And Dagger+1","Outmaneuver","Bite","Bite","Bite","Bite","Bite","Bullet Time","Flechettes","Tactician+1","Prepared+1","Dagger Throw","Infinite Blades","Cloak And Dagger+1","Die Die Die","Poisoned Stab+1"],"special_seed":0,"relics":["Ring of the Snake","Bronze Scales","Anchor","Oddly Smooth Stone","Busted Crown","Letter Opener","Bag of Preparation","Tiny House","TwistedFunnel","War Paint","Paper Crane"],"potions_floor_usage":[36,38,38,38,39,39,39,39,41,44,44,47,48,50,50,50,50],"damage_taken":[{"damage":2.0,"enemies":"Jaw Worm","floor":1.0,"turns":5.0},{"damage":0.0,"enemies":"2 Louse","floor":2.0,"turns":2.0},{"damage":0.0,"enemies":"Cultist","floor":5.0,"turns":4.0},{"damage":37.0,"enemies":"3 Sentries","floor":7.0,"turns":12.0},{"damage":17.0,"enemies":"Lots of Slimes","floor":8.0,"turns":4.0},{"damage":17.0,"enemies":"Lagavulin","floor":13.0,"turns":4.0},{"damage":0.0,"enemies":"Red Slaver","floor":14.0,"turns":3.0},{"damage":56.0,"enemies":"Hexaghost","floor":16.0,"turns":9.0},{"damage":0.0,"enemies":"Chosen","floor":18.0,"turns":4.0},{"damage":13.0,"enemies":"Shell Parasite","floor":21.0,"turns":4.0},{"damage":10.0,"enemies":"Colosseum Slavers","floor":22.0,"turns":3.0},{"damage":12.0,"enemies":"Book of Stabbing","floor":24.0,"turns":5.0},{"damage":12.0,"enemies":"Shelled Parasite and Fungi","floor":25.0,"turns":5.0},{"damage":0.0,"enemies":"3 Cultists","floor":27.0,"turns":4.0},{"damage":18.0,"enemies":"Snecko","floor":29.0,"turns":7.0},{"damage":7.0,"enemies":"Snake Plant","floor":30.0,"turns":3.0},{"damage":49.0,"enemies":"Automaton","floor":33.0,"turns":15.0},{"damage":0.0,"enemies":"Orb Walker","floor":35.0,"turns":2.0},{"damage":0,"enemies":"3 Shapes","floor":36,"turns":3},{"damage":30,"enemies":"Sphere and 2 Shapes","floor":38,"turns":6},{"damage":0,"enemies":"Reptomancer","floor":39,"turns":4},{"damage":42,"enemies":"Spire Growth","floor":41,"turns":4},{"damage":0,"enemies":"3 Darklings","floor":44,"turns":3},{"damage":3,"enemies":"Reptomancer","floor":47,"turns":4},{"damage":0,"enemies":"Maw","floor":48,"turns":2},{"damage":91,"enemies":"Awakened One","floor":50,"turns":13}],"seed_played":"-1784965684510501666","potions_obtained":[{"floor":2.0,"key":"Regen Potion"},{"floor":4.0,"key":"LiquidBronze"},{"floor":4.0,"key":"FearPotion"},{"floor":5.0,"key":"Energy Potion"},{"floor":14.0,"key":"LiquidBronze"},{"floor":21.0,"key":"Regen Potion"},{"floor":29.0,"key":"Explosive Potion"},{"floor":30.0,"key":"Fire Potion"},{"floor":33.0,"key":"Poison Potion"},{"floor":34.0,"key":"Regen Potion"},{"floor":38,"key":"Regen Potion"},{"floor":39,"key":"SkillPotion"}],"is_trial":false,"path_per_floor":["M","M","?","?","M","R","E","M","T","?","R","$","E","M","R","B",null,"M","$","?","M","?","R","E","M","T","M","R","M","M","?","R","B",null,"M","M","$","M","M","R","M","?","T","M","$","R","M","M","R"],"character_chosen":"THE_SILENT","items_purchased":["Blood Vial","Distraction","Poisoned Stab","Well Laid Plans","SkillPotion","TwistedFunnel","War Paint","Die Die Die"],"campfire_rested":2,"item_purchase_floors":[12,12,12,19,19,37,37,45],"current_hp_per_floor":[75,75,64,64,64,64,42,25,25,50,50,50,35,37,60,6,77,77,77,77,64,68,68,68,58,58,60,60,44,39,39,62,48,82,82,82,82,61,80,80,40,61,61,65,65,65,68,70,70,0],"gold":21,"neow_bonus":"TEN_PERCENT_HP_BONUS","is_prod":false,"is_daily":false,"chose_seed":false,"campfire_upgraded":7,"win_rate":0,"timestamp":1538022683,"path_taken":["M","M","?","?","M","R","E","?","T","?","R","$","E","M","R","BOSS","M","$","?","M","?","R","E","M","T","M","R","M","?","?","R","BOSS","M","M","$","M","M","R","M","?","T","M","$","R","M","M","R","BOSS"],"build_version":"2018-09-20","purchased_purges":1,"victory":false,"max_hp_per_floor":[77,77,77,77,77,77,77,77,77,77,77,77,77,77,77,77,77,77,77,77,77,77,77,77,77,77,77,77,77,77,77,77,77,82,82,82,82,82,82,82,82,82,82,82,82,82,82,82,82,82],"card_choices":[{"not_picked":["Acrobatics","Flying Knee"],"picked":"Cloak And Dagger","floor":1.0},{"not_picked":["Dagger Throw","Poisoned Stab"],"picked":"Accuracy","floor":2.0},{"not_picked":["Outmaneuver","Slice"],"picked":"Catalyst","floor":5.0},{"not_picked":["Outmaneuver","Escape Plan"],"picked":"Venomology","floor":7.0},{"not_picked":["Choke","Expertise"],"picked":"Deflect","floor":8.0},{"not_picked":["Underhanded Strike","Dash"],"picked":"Distraction","floor":13.0},{"not_picked":["Tactician","Well Laid Plans"],"picked":"Backstab","floor":14.0},{"not_picked":["Phantasmal Killer","Glass Knife"],"picked":"Venomology","floor":16.0},{"not_picked":[],"picked":"Tactician","floor":18.0},{"not_picked":[],"picked":"Dagger Spray","floor":21.0},{"not_picked":[],"picked":"Backflip","floor":24.0},{"not_picked":["Acrobatics"],"picked":"SKIP","floor":25.0},{"not_picked":[],"picked":"Dodge and Roll","floor":27.0},{"not_picked":[],"picked":"Cloak And Dagger","floor":29.0},{"not_picked":[],"picked":"Outmaneuver","floor":30.0},{"not_picked":[],"picked":"Bullet Time","floor":33.0},{"not_picked":[],"picked":"Flechettes","floor":34.0},{"not_picked":[],"picked":"Tactician+1","floor":35},{"not_picked":[],"picked":"Prepared+1","floor":36},{"not_picked":[],"picked":"Dagger Throw","floor":38},{"not_picked":[],"picked":"Infinite Blades","floor":39},{"not_picked":[],"picked":"Cloak And Dagger+1","floor":41},{"not_picked":["Heel Hook"],"picked":"SKIP","floor":44},{"not_picked":[],"picked":"Poisoned Stab+1","floor":47}],"player_experience":88583,"relics_obtained":[{"floor":7.0,"key":"Bronze Scales"},{"floor":9.0,"key":"Anchor"},{"floor":13.0,"key":"Oddly Smooth Stone"},{"floor":24.0,"key":"Letter Opener"},{"floor":26.0,"key":"Bag of Preparation"},{"floor":43,"key":"Paper Crane"}],"event_choices":[{"event_name":"World of Goop","player_choice":"Gather Gold","floor":3.0,"damage_taken":0.0},{"event_name":"The Woman in Blue","player_choice":"Bought 2 Potions","floor":4.0,"damage_taken":0.0},{"event_name":"Big Fish","player_choice":"Banana","floor":10.0,"damage_taken":0.0},{"event_name":"The Library","player_choice":"Read","floor":20.0,"damage_taken":0.0},{"event_name":"Colosseum","player_choice":"Fight","floor":22.0,"damage_taken":0.0},{"event_name":"Colosseum","player_choice":"Fled From Nobs","floor":22.0,"damage_taken":0.0},{"event_name":"Vampires","player_choice":"Became a vampire (Vial)","floor":31.0,"damage_taken":0.0},{"event_name":"Winding Halls","player_choice":"Writhe","floor":42,"damage_taken":0}],"is_beta":false,"boss_relics":[{"not_picked":["Coffee Dripper","Empty Cage"],"picked":"Busted Crown"},{"not_picked":["Black Star","Sozu"],"picked":"Tiny House"}],"items_purged_floors":[45],"is_endless":false,"potions_floor_spawned":[2,5,14,21,22,29,30,33,36,38,39,48],"killed_by":"Awakened One","ascension_level":2}