{"gold_per_floor":[118,118,137,28,28,28,56,56,82,113,132,132,159,159,159,250,250,271,271,271,19,38,71,71,94,394,319,319,319,358,370,382,483,495,520,547,559,571,236,236,274,274,274,318,318,69,194,212,212,212],"floor_reached":51,"playtime":2978,"items_purged":["Strike_R"],"score":1398,"play_id":"408e2f21-ba58-465b-b649-aa22aa15a484","local_time":"20190525225340","is_ascension_mode":true,"campfire_choices":[{"data":"Bash","floor":6.0,"key":"SMITH"},{"data":"Feel No Pain","floor":8.0,"key":"SMITH"},{"data":"Barricade","floor":15.0,"key":"SMITH"},{"floor":24.0,"key":"REST"},{"floor":28.0,"key":"REST"},{"data":"Entrench","floor":29.0,"key":"SMITH"},{"data":"True Grit","floor":32.0,"key":"SMITH"},{"data":"Feel No Pain","floor":40.0,"key":"SMITH"},{"data":"Impervious","floor":42.0,"key":"SMITH"},{"data":"Battle Trance","floor":45,"key":"SMITH"},{"data":"Body Slam","floor":49,"key":"SMITH"}],"neow_cost":"NONE","seed_source_timestamp":5161120557422,"circlet_count":0,"master_deck":["AscendersBane","Strike_R","Strike_R","Strike_R","Defend_R","Defend_R","Defend_R","Defend_R","Bash+1","Pommel Strike","Pommel Strike","True Grit+1","Feel No Pain+1","Battle Trance+1","Spot Weakness","Armaments","Cleave","Barricade+1","Feed","Body Slam+1","Fiend Fire","Flame Barrier","Entrench+1","Impervious+1","Clumsy","Feel No Pain+1","Thinking Ahead","Purity","Panacea","Metallicize","Spot Weakness","Havoc+1","Feel No Pain+1","Headbutt+1"],"special_seed":0,"relics":["Burning Blood","WingedGreaves","Strawberry","Bronze Scales","Incense Burner","Golden Idol","Velvet Choker","MutagenicStrength","Enchiridion","Pantograph","Omamori","Old Coin","MawBank","Happy Flower","Calling Bell","Art of War","Bird Faced Urn","Molten Egg 2","Bag of Marbles","Ancient Tea Set","Darkstone Periapt","Red Skull","DollysMirror","Ice Cream"],"potions_floor_usage":[44,48],"damage_taken":[{"damage":2.0,"enemies":"2 Louse","floor":1.0,"turns":4.0},{"damage":6.0,"enemies":"Cultist","floor":3.0,"turns":4.0},{"damage":24.0,"enemies":"Gremlin Nob","floor":7.0,"turns":4.0},{"damage":16.0,"enemies":"3 Sentries","floor":10.0,"turns":8.0},{"damage":3.0,"enemies":"Jaw Worm","floor":11.0,"turns":4.0},{"damage":30.0,"enemies":"Gremlin Nob","floor":13.0,"turns":4.0},{"damage":14.0,"enemies":"The Guardian","floor":16.0,"turns":16.0},{"damage":22.0,"enemies":"Spheric Guardian","floor":18.0,"turns":6.0},{"damage":1.0,"enemies":"Shell Parasite","floor":22.0,"turns":4.0},{"damage":44.0,"enemies":"Gremlin Leader","floor":23.0,"turns":10.0},{"damage":19.0,"enemies":"Snake Plant","floor":25.0,"turns":3.0},{"damage":24.0,"enemies":"Slavers","floor":30.0,"turns":6.0},{"damage":15.0,"enemies":"Automaton","floor":33.0,"turns":12.0},{"damage":17.0,"enemies":"3 Darklings","floor":35.0,"turns":8.0},{"damage":0.0,"enemies":"Orb Walker","floor":36.0,"turns":5.0},{"damage":32.0,"enemies":"Reptomancer","floor":41.0,"turns":10.0},{"damage":29,"enemies":"Giant Head","floor":44,"turns":11},{"damage":0,"enemies":"Mind Bloom Boss Battle","floor":47,"turns":5},{"damage":14,"enemies":"Transient","floor":48,"turns":5},{"damage":0,"enemies":"Time Eater","floor":50,"turns":9}],"seed_played":"2209814078103004316","potions_obtained":[{"floor":3.0,"key":"Weak Potion"},{"floor":7.0,"key":"SpeedPotion"},{"floor":11.0,"key":"PowerPotion"},{"floor":16.0,"key":"SteroidPotion"},{"floor":18.0,"key":"PowerPotion"},{"floor":30.0,"key":"Ancient Potion"},{"floor":33.0,"key":"Block Potion"},{"floor":35.0,"key":"Weak Potion"},{"floor":36.0,"key":"BloodPotion"},{"floor":44,"key":"SkillPotion"}],"is_trial":false,"path_per_floor":["M","?","M","$","$","R","E","R","T","E","M","?","E","?","R","B",null,"M","?","?","$","M","E","R","M","T","?","R","R","E","T","R","B",null,"M","M","?","?","$","R","E","R","T","E","R","$","?","M","R","B",null],"character_chosen":"IRONCLAD","items_purchased":["Feel No Pain","Battle Trance","Pantograph","Metallicize","Bag of Marbles","SpeedPotion","DollysMirror","Energy Potion"],"campfire_rested":2,"item_purchase_floors":[4,4,21,39,39,39,46,46],"current_hp_per_floor":[72,72,72,72,72,72,54,54,61,51,54,54,30,30,30,22,67,55,55,39,39,48,10,37,24,24,24,51,51,36,36,36,56,87,85,99,89,89,89,89,76,76,76,63,63,63,103,101,101,103],"gold":212,"neow_bonus":"THREE_CARDS","is_prod":false,"is_daily":false,"chose_seed":false,"campfire_upgraded":9,"win_rate":0,"timestamp":1558817620,"path_taken":["M","?","M","?","$","R","E","R","T","E","M","?","E","?","R","BOSS","M","?","?","$","M","E","R","M","T","?","R","R","E","?","R","BOSS","M","M","?","?","$","R","E","R","T","E","R","$","?","M","R","BOSS"],"build_version":"2019-01-23","purchased_purges":1,"victory":true,"max_hp_per_floor":[75,75,75,75,75,75,75,75,82,82,82,82,82,82,82,82,82,86,86,86,86,90,90,90,90,90,90,90,90,93,93,93,97,97,100,100,100,100,100,100,103,103,103,103,103,103,103,103,103,103],"card_choices":[{"not_picked":["Anger","Warcry"],"picked":"Pommel Strike","floor":0.0},{"not_picked":["Warcry","Clash"],"picked":"Pommel Strike","floor":1.0},{"not_picked":["Pummel","Heavy Blade"],"picked":"True Grit","floor":3.0},{"not_picked":["Shrug It Off","Sentinel"],"picked":"Spot Weakness","floor":7.0},{"not_picked":["Pommel Strike","Shrug It Off"],"picked":"Armaments","floor":10.0},{"not_picked":["Spot Weakness","Sever Soul"],"picked":"Cleave","floor":11.0},{"not_picked":["Body Slam","Pummel"],"picked":"Barricade","floor":13.0},{"not_picked":["Exhume","Brutality"],"picked":"Feed","floor":16.0},{"not_picked":["Heavy Blade","Iron Wave"],"picked":"Body Slam","floor":18.0},{"not_picked":["Anger+1","True Grit"],"picked":"Fiend Fire","floor":22.0},{"not_picked":["Intimidate","Thunderclap+1"],"picked":"Flame Barrier","floor":23.0},{"not_picked":["Metallicize","Heavy Blade"],"picked":"Entrench","floor":25.0},{"not_picked":["Thunderclap","Carnage","Clash+1"],"picked":"SKIP","floor":30.0},{"not_picked":["Feed","Double Tap"],"picked":"Impervious","floor":33.0},{"not_picked":["Body Slam+1","Flex"],"picked":"Feel No Pain","floor":35.0},{"not_picked":["Searing Blow+1","Flex+1","Bloodletting"],"picked":"SKIP","floor":36.0},{"not_picked":["Bandage Up","PanicButton"],"picked":"Thinking Ahead","floor":37.0},{"not_picked":["Discovery","Flash of Steel+1"],"picked":"Purity","floor":37.0},{"not_picked":["Secret Weapon","Trip"],"picked":"Panacea","floor":37.0},{"not_picked":["Pommel Strike+1","Bloodletting"],"picked":"Spot Weakness","floor":41.0},{"not_picked":["Wild Strike+1","Infernal Blade+1"],"picked":"Havoc+1","floor":44},{"not_picked":["Body Slam+1","Infernal Blade+1"],"picked":"Headbutt+1","floor":48}],"player_experience":664012,"relics_obtained":[{"floor":7.0,"key":"WingedGreaves"},{"floor":9.0,"key":"Strawberry"},{"floor":10.0,"key":"Bronze Scales"},{"floor":13.0,"key":"Incense Burner"},{"floor":20.0,"key":"Enchiridion"},{"floor":23.0,"key":"Omamori"},{"floor":26.0,"key":"Old Coin"},{"floor":30.0,"key":"MawBank"},{"floor":31.0,"key":"Happy Flower"},{"floor":34.0,"key":"Art of War"},{"floor":34.0,"key":"Bird Faced Urn"},{"floor":34.0,"key":"Molten Egg 2"},{"floor":41.0,"key":"Ancient Tea Set"},{"floor":43.0,"key":"Darkstone Periapt"},{"floor":44,"key":"Red Skull"},{"floor":47,"key":"Ice Cream"}],"event_choices":[{"cards_removed":["Strike_R"],"damage_healed":0.0,"max_hp_gain":0.0,"max_hp_loss":0.0,"gold_gain":0.0,"event_name":"Purifier","player_choice":"Purged","floor":2.0,"gold_loss":0.0,"damage_taken":0.0},{"damage_healed":0.0,"max_hp_gain":0.0,"max_hp_loss":0.0,"gold_gain":0.0,"event_name":"Liars Game","player_choice":"Ignored","floor":12.0,"gold_loss":0.0,"damage_taken":0.0},{"damage_healed":0.0,"max_hp_gain":0.0,"max_hp_loss":0.0,"gold_gain":0.0,"event_name":"Golden Idol","player_choice":"Take Wound","floor":14.0,"gold_loss":0.0,"damage_taken":0.0,"relics_obtained":["Golden Idol"],"cards_obtained":["Injury"]},{"damage_healed":0.0,"max_hp_gain":0.0,"max_hp_loss":0.0,"gold_gain":0.0,"event_name":"Drug Dealer","player_choice":"Inject Mutagens","floor":19.0,"gold_loss":0.0,"damage_taken":0.0,"relics_obtained":["MutagenicStrength"]},{"damage_healed":0.0,"max_hp_gain":0.0,"max_hp_loss":0.0,"gold_gain":0.0,"event_name":"Cursed Tome","player_choice":"Obtained Book","floor":20.0,"gold_loss":0.0,"damage_taken":16.0},{"cards_removed":["Injury"],"damage_healed":0.0,"max_hp_gain":0.0,"max_hp_loss":0.0,"gold_gain":0.0,"event_name":"Beggar","player_choice":"Gave Gold","floor":27.0,"gold_loss":75.0,"damage_taken":0.0},{"damage_healed":0.0,"max_hp_gain":0.0,"max_hp_loss":0.0,"gold_gain":0.0,"event_name":"SensoryStone","player_choice":"Memory 3","floor":37.0,"gold_loss":0.0,"damage_taken":10.0},{"damage_healed":0.0,"max_hp_gain":0.0,"max_hp_loss":0.0,"gold_gain":0.0,"event_name":"Tomb of Lord Red Mask","player_choice":"Ignored","floor":38.0,"gold_loss":0.0,"damage_taken":0.0},{"damage_healed":0,"gold_gain":0,"player_choice":"Fight","damage_taken":0,"max_hp_gain":0,"max_hp_loss":0,"event_name":"MindBloom","floor":47,"gold_loss":0}],"is_beta":false,"boss_relics":[{"not_picked":["Ectoplasm","Astrolabe"],"picked":"Velvet Choker"},{"not_picked":["Tiny House","Runic Dome"],"picked":"Calling Bell"}],"items_purged_floors":[39],"is_endless":false,"potions_floor_spawned":[3,7,11,16,18,30,33,35,36,44],"ascension_level":14}