{"gold_per_floor":[109,126,126,139,151,151,182,30,30,30,50,50,80,100,100,179,179,195,45,45,62,81,110,110,186,186,202,222,196,211,245,245,316,316,330,182,182,196,209,209,220,245,294,312,331,254,265,5,5,5],"floor_reached":51,"playtime":5541,"items_purged":["Pain"],"score":1289,"play_id":"db8ffd60-1f49-43f2-849e-d785c53392c7","local_time":"20190505003419","is_ascension_mode":true,"campfire_choices":[{"data":"Neutralize","floor":6,"key":"SMITH"},{"data":"Well Laid Plans","floor":10,"key":"SMITH"},{"floor":15,"key":"REST"},{"data":"Footwork","floor":24,"key":"SMITH"},{"data":"Venomology","floor":32,"key":"SMITH"},{"data":"Glass Knife","floor":40,"key":"SMITH"},{"floor":49,"key":"REST"}],"neow_cost":"NONE","seed_source_timestamp":19173875257012,"circlet_count":0,"master_deck":["AscendersBane","Defend_G","Defend_G","Defend_G","Defend_G","Defend_G","Survivor","Neutralize+1","Escape Plan","Endless Agony","Flying Knee","Finisher","Venomology+1","Well Laid Plans+1","Backflip","Caltrops","Prepared+1","Glass Knife+1","Dagger Spray","Footwork+1","Bandage Up+1","Bite","Bite","Bite","Bite","Bite","Blade Dance+1","Malaise+1","Outmaneuver+1","Footwork+1","Blade Dance+1","Leg Sweep+1","Backflip+1","Corpse Explosion+1","Crippling Poison+1","Noxious Fumes+1","Blade Dance+1","Dodge and Roll+1","Apotheosis+1","Acrobatics+1","PiercingWail+1","Leg Sweep+1","Parasite","Calculated Gamble+1","Dodge and Roll+1","Accuracy+1","Backflip+1"],"relics":["Ring of the Snake","Boot","WarpedTongs","Darkstone Periapt","Toxic Egg 2","Black Star","Kunai","Question Card","Mummified Hand","Frozen Egg 2","Blue Candle","Potion Belt","Philosopher\u0027s Stone","Happy Flower","Regal Pillow","Bag of Preparation","Shuriken"],"potions_floor_usage":[7,11,13,16,16,22,22,23,23,27,28,31,31,38,38,41,42,42,42,42,45,47,47,50,50,50],"damage_taken":[{"damage":0,"enemies":"2 Louse","floor":1,"turns":3},{"damage":0,"enemies":"Cultist","floor":2,"turns":4},{"damage":5,"enemies":"Jaw Worm","floor":4,"turns":4},{"damage":0,"enemies":"Large Slime","floor":5,"turns":4},{"damage":19,"enemies":"Gremlin Nob","floor":7,"turns":4},{"damage":1,"enemies":"Exordium Thugs","floor":11,"turns":4},{"damage":13,"enemies":"Lagavulin","floor":13,"turns":8},{"damage":1,"enemies":"2 Fungi Beasts","floor":14,"turns":2},{"damage":12,"enemies":"Hexaghost","floor":16,"turns":12},{"damage":26,"enemies":"Spheric Guardian","floor":18,"turns":6},{"damage":1,"enemies":"3 Byrds","floor":21,"turns":5},{"damage":16,"enemies":"Snake Plant","floor":22,"turns":6},{"damage":36,"enemies":"Book of Stabbing","floor":23,"turns":7},{"damage":9,"enemies":"Shelled Parasite and Fungi","floor":27,"turns":7},{"damage":29,"enemies":"Sentry and Sphere","floor":28,"turns":7},{"damage":2,"enemies":"Chosen and Byrds","floor":30,"turns":6},{"damage":6,"enemies":"Slavers","floor":31,"turns":7},{"damage":4,"enemies":"Champ","floor":33,"turns":22},{"damage":8,"enemies":"3 Darklings","floor":35,"turns":4},{"damage":0,"enemies":"3 Shapes","floor":38,"turns":7},{"damage":5,"enemies":"Spire Growth","floor":39,"turns":6},{"damage":70,"enemies":"4 Shapes","floor":41,"turns":10},{"damage":50,"enemies":"Reptomancer","floor":42,"turns":8},{"damage":5,"enemies":"Writhing Mass","floor":44,"turns":10},{"damage":14,"enemies":"Maw","floor":45,"turns":11},{"damage":10,"enemies":"3 Darklings","floor":47,"turns":3},{"damage":23,"enemies":"Donu and Deca","floor":50,"turns":8}],"seed_played":"1417934867587676355","potions_obtained":[{"floor":2,"key":"SpeedPotion"},{"floor":5,"key":"GhostInAJar"},{"floor":13,"key":"Block Potion"},{"floor":14,"key":"SkillPotion"},{"floor":22,"key":"Poison Potion"},{"floor":23,"key":"Regen Potion"},{"floor":30,"key":"Fire Potion"},{"floor":33,"key":"Block Potion"},{"floor":35,"key":"PowerPotion"},{"floor":44,"key":"SteroidPotion"},{"floor":45,"key":"SpeedPotion"},{"floor":47,"key":"GhostInAJar"}],"is_trial":false,"path_per_floor":["M","M","?","M","M","R","E","$","T","R","M","$","E","M","R","B",null,"M","$","?","M","M","E","R","T","T","M","M","$","M","E","R","B",null,"M","$","?","M","M","R","M","E","T","M","M","$","M","$","R","B",null],"character_chosen":"THE_SILENT","items_purchased":["Well Laid Plans","Footwork","Bandage Up+1","Blade Dance+1","Noxious Fumes+1","Blade Dance+1","Dodge and Roll+1","Accuracy+1","Shuriken"],"campfire_rested":2,"item_purchase_floors":[8,19,19,29,36,36,36,46,48],"current_hp_per_floor":[59,59,59,54,54,54,35,35,35,35,36,36,25,26,45,35,58,34,34,34,48,50,30,30,30,30,62,49,49,60,66,66,66,66,60,60,60,66,66,66,44,18,18,43,52,52,50,50,72,56],"gold":5,"neow_bonus":"RANDOM_COMMON_RELIC","is_prod":false,"is_daily":false,"chose_seed":false,"campfire_upgraded":5,"win_rate":0,"timestamp":1557030859,"path_taken":["M","M","?","M","M","R","E","?","T","R","M","$","E","M","R","BOSS","M","$","?","M","M","E","R","?","T","M","M","$","M","E","R","BOSS","M","$","?","M","M","R","M","E","T","M","M","?","M","$","R","BOSS"],"build_version":"2019-01-23","purchased_purges":1,"victory":true,"max_hp_per_floor":[66,66,66,66,66,66,66,66,66,66,66,66,66,66,66,66,66,66,66,66,66,66,66,66,66,66,66,66,66,66,66,66,66,66,66,66,66,66,66,66,66,66,66,72,72,72,72,72,72,72],"card_choices":[{"not_picked":["Bane","Prepared"],"picked":"Escape Plan","floor":1},{"not_picked":["Bane","Setup"],"picked":"Endless Agony","floor":2},{"not_picked":["Quick Slash","Sucker Punch"],"picked":"Flying Knee","floor":4},{"not_picked":["Deadly Poison","Reflex"],"picked":"Finisher","floor":5},{"not_picked":["Outmaneuver","Poisoned Stab"],"picked":"Venomology","floor":7},{"not_picked":["Eviscerate","Dodge and Roll"],"picked":"Backflip","floor":11},{"not_picked":["Noxious Fumes","Dagger Spray"],"picked":"Caltrops","floor":13},{"not_picked":["Flechettes","Quick Slash"],"picked":"Prepared+1","floor":14},{"not_picked":["Bullet Time+1","Grand Finale"],"picked":"Glass Knife","floor":16},{"not_picked":["Masterful Stab","Dagger Throw"],"picked":"Dagger Spray","floor":18},{"not_picked":["Skewer","Flying Knee","Dagger Throw"],"picked":"SKIP","floor":21},{"not_picked":["Dash","PiercingWail+1"],"picked":"Blade Dance+1","floor":22},{"not_picked":["Envenom","Heel Hook"],"picked":"Malaise+1","floor":23},{"not_picked":["Dagger Spray","Eviscerate+1","Quick Slash"],"picked":"Outmaneuver+1","floor":27},{"not_picked":["Outmaneuver+1","Catalyst+1","Dagger Throw"],"picked":"Footwork+1","floor":28},{"not_picked":["Deadly Poison+1","PiercingWail+1","Catalyst+1"],"picked":"Leg Sweep+1","floor":30},{"not_picked":["Eviscerate","Choke","Catalyst+1"],"picked":"Backflip+1","floor":31},{"not_picked":["Glass Knife","Grand Finale","Die Die Die"],"picked":"Corpse Explosion+1","floor":33},{"not_picked":["Concentrate+1","Sucker Punch","Prepared+1"],"picked":"Crippling Poison+1","floor":35},{"not_picked":["Madness+1","Violence+1","Secret Weapon+1"],"picked":"Apotheosis+1","floor":37},{"not_picked":["Blade Dance+1","Deadly Poison+1","Flying Knee+1","Distraction+1"],"picked":"SKIP","floor":38},{"not_picked":["Bouncing Flask+1","Sucker Punch","Slice"],"picked":"Acrobatics+1","floor":39},{"not_picked":["Sucker Punch","Flying Knee","Dagger Spray+1"],"picked":"PiercingWail+1","floor":41},{"not_picked":["Prepared+1","Grand Finale","Quick Slash"],"picked":"Leg Sweep+1","floor":42},{"not_picked":["Reflex+1","Dagger Spray","Dagger Throw"],"picked":"Calculated Gamble+1","floor":44},{"not_picked":["Sucker Punch","Crippling Poison+1","Quick Slash"],"picked":"Dodge and Roll+1","floor":45},{"not_picked":["Choke","Setup+1","Eviscerate"],"picked":"Backflip+1","floor":47}],"player_experience":320890,"relics_obtained":[{"floor":7,"key":"Blood Vial"},{"floor":9,"key":"Darkstone Periapt"},{"floor":13,"key":"Toxic Egg 2"},{"floor":23,"key":"Kunai"},{"floor":23,"key":"Question Card"},{"floor":25,"key":"Mummified Hand"},{"floor":26,"key":"Frozen Egg 2"},{"floor":31,"key":"Blue Candle"},{"floor":31,"key":"Potion Belt"},{"floor":42,"key":"Happy Flower"},{"floor":42,"key":"Regal Pillow"},{"floor":43,"key":"Bag of Preparation"}],"event_choices":[{"damage_healed":0,"gold_gain":0,"player_choice":"Rummage","damage_taken":0,"relics_obtained":["WarpedTongs"],"max_hp_gain":0,"max_hp_loss":0,"event_name":"Accursed Blacksmith","floor":3,"gold_loss":0,"cards_obtained":["Pain"]},{"damage_healed":0,"gold_gain":0,"player_choice":"Became a vampire (Vial)","damage_taken":0,"max_hp_gain":0,"max_hp_loss":0,"event_name":"Vampires","floor":20,"relics_lost":["Blood Vial"],"gold_loss":0,"cards_obtained":["Bite","Bite","Bite","Bite","Bite"]},{"damage_healed":0,"gold_gain":0,"player_choice":"Memory 1","damage_taken":0,"max_hp_gain":0,"max_hp_loss":0,"event_name":"SensoryStone","floor":37,"gold_loss":0}],"is_beta":false,"boss_relics":[{"not_picked":["Snecko Eye","HoveringKite"],"picked":"Black Star"},{"not_picked":["Calling Bell","White Beast Statue"],"picked":"Philosopher\u0027s Stone"}],"items_purged_floors":[8],"is_endless":false,"potions_floor_spawned":[2,5,13,14,21,22,23,30,33,35,39,44,45,47],"ascension_level":15}