{"gold_per_floor":[144,33,208,253,298,388,388,71,71,161,161],"floor_reached":11,"playtime":802,"items_purged":["Strike_G","Doubt"],"score":81,"play_id":"6cfe0960-9be9-4c35-a84d-bcad720f78e1","local_time":"20190426202833","daily_mods":["Allstar","Colorless Cards","Midas"],"is_ascension_mode":false,"campfire_choices":[{"floor":7,"key":"REST"}],"neow_cost":"","seed_source_timestamp":4510164626593701,"circlet_count":0,"master_deck":["Defend_G","Defend_G","Defend_G","Defend_G","Defend_G","Strike_G","Strike_G","Strike_G","Strike_G","Survivor","Neutralize","Swift Strike","Purity","Enlightenment","Panache","Trip","Swift Strike","Leg Sweep","Deflect","Caltrops","Blade Dance"],"special_seed":18013,"relics":["Ring of the Snake","Lantern","Art of War","Snake Skull","Nunchaku"],"potions_floor_usage":[6,6],"damage_taken":[{"damage":10,"enemies":"Small Slimes","floor":1,"turns":5},{"damage":0,"enemies":"2 Louse","floor":4,"turns":2},{"damage":0,"enemies":"Jaw Worm","floor":5,"turns":4},{"damage":40,"enemies":"Gremlin Nob","floor":6,"turns":7},{"damage":17,"enemies":"Lagavulin","floor":10,"turns":9},{"damage":28,"enemies":"Lagavulin Event","floor":11,"turns":5}],"seed_played":"3295322973360831123","potions_obtained":[{"floor":1,"key":"Block Potion"},{"floor":5,"key":"Explosive Potion"}],"is_trial":false,"path_per_floor":["M","$","?","M","M","E","R","$","T","E","?"],"character_chosen":"THE_SILENT","items_purchased":["Leg Sweep","Caltrops","Art of War"],"campfire_rested":1,"item_purchase_floors":[2,8,8],"current_hp_per_floor":[60,60,60,60,60,20,41,41,41,24,0],"gold":161,"neow_bonus":"","is_prod":false,"is_daily":true,"chose_seed":false,"campfire_upgraded":0,"win_rate":0,"timestamp":1556324913,"path_taken":["M","$","?","M","M","E","R","$","T","E","?"],"build_version":"2019-01-23","purchased_purges":2,"victory":false,"max_hp_per_floor":[70,70,70,70,70,70,70,70,70,70,70],"card_choices":[{"not_picked":["Expertise","Enlightenment"],"picked":"Swift Strike","floor":1},{"not_picked":["Dagger Throw","All Out Attack","Sucker Punch"],"picked":"SKIP","floor":4},{"not_picked":["Blade Dance","Purity","Dagger Throw"],"picked":"SKIP","floor":5},{"not_picked":["PanicButton","Enlightenment"],"picked":"Deflect","floor":6},{"not_picked":["Flying Knee","Dagger Spray"],"picked":"Blade Dance","floor":10}],"player_experience":172972,"relics_obtained":[{"floor":6,"key":"Lantern"},{"floor":9,"key":"Snake Skull"},{"floor":10,"key":"Nunchaku"}],"event_choices":[{"damage_healed":0,"gold_gain":175,"player_choice":"AGREE","damage_taken":0,"max_hp_gain":0,"max_hp_loss":0,"event_name":"Liars Game","floor":3,"gold_loss":0,"cards_obtained":["Doubt"]},{"damage_healed":0,"gold_gain":0,"player_choice":"Searched \u00272\u0027 times","damage_taken":0,"max_hp_gain":0,"max_hp_loss":0,"event_name":"Dead Adventurer","floor":11,"gold_loss":0}],"is_beta":false,"boss_relics":[],"items_purged_floors":[2,8],"is_endless":false,"potions_floor_spawned":[1,5],"killed_by":"Lagavulin Event","ascension_level":0}