{"gold_per_floor":[119,130,148,159,178,178,7,34,34,59,73,38,38,68,68,144,144,160,160,173,173,187,219,219,219,272,272],"floor_reached":27,"playtime":1694,"items_purged":["Strike_R"],"score":542,"play_id":"246173ea-e2f3-4874-a3b6-15a42cf65c64","local_time":"20190510001058","is_ascension_mode":true,"campfire_choices":[{"data":"Uppercut","floor":6,"key":"SMITH"},{"data":"Bash","floor":13,"key":"SMITH"},{"floor":15,"key":"REST"},{"floor":25,"key":"REST"}],"neow_cost":"NONE","seed_source_timestamp":453612560545581,"circlet_count":0,"master_deck":["AscendersBane","Strike_R","Strike_R","Strike_R","Strike_R","Defend_R","Defend_R","Defend_R","Defend_R","Bash+1","Battle Trance","True Grit","Uppercut+1","Seeing Red","Carnage","Shrug It Off","Sever Soul","Carnage","Reaper","Barricade","Clothesline","Flame Barrier","Searing Blow+1","Clothesline","Ghostly Armor","Writhe"],"relics":["Snecko Eye","Pantograph","Charon\u0027s Ashes","Sundial","Unceasing Top","Black Star","The Courier","Calipers","Letter Opener","Juzu Bracelet"],"potions_floor_usage":[8,23],"damage_taken":[{"damage":0,"enemies":"Cultist","floor":1,"turns":2},{"damage":2,"enemies":"Jaw Worm","floor":2,"turns":2},{"damage":1,"enemies":"2 Louse","floor":3,"turns":2},{"damage":16,"enemies":"Large Slime","floor":4,"turns":6},{"damage":10,"enemies":"Red Slaver","floor":5,"turns":5},{"damage":17,"enemies":"3 Sentries","floor":8,"turns":6},{"damage":0,"enemies":"Gremlin Nob","floor":10,"turns":2},{"damage":4,"enemies":"Exordium Thugs","floor":11,"turns":3},{"damage":18,"enemies":"Lagavulin","floor":14,"turns":5},{"damage":30,"enemies":"Hexaghost","floor":16,"turns":6},{"damage":17,"enemies":"2 Thieves","floor":18,"turns":3},{"damage":3,"enemies":"3 Byrds","floor":20,"turns":3},{"damage":13,"enemies":"Snake Plant","floor":22,"turns":3},{"damage":24,"enemies":"Slavers","floor":23,"turns":5},{"damage":36,"enemies":"Shelled Parasite and Fungi","floor":27,"turns":3}],"seed_played":"8211549417461296442","potions_obtained":[{"floor":5,"key":"Swift Potion"},{"floor":8,"key":"SpeedPotion"},{"floor":10,"key":"Ancient Potion"},{"floor":16,"key":"Swift Potion"}],"is_trial":false,"path_per_floor":["M","M","M","M","M","R","$","E","T","E","M","?","R","E","R","B",null,"M","?","M","?","M","E","?","R","T","M"],"character_chosen":"IRONCLAD","items_purchased":["Carnage","Shrug It Off"],"campfire_rested":2,"item_purchase_floors":[7,7],"current_hp_per_floor":[68,66,65,49,39,39,39,22,22,22,18,36,36,18,40,41,67,50,50,54,47,34,10,10,32,32,0],"gold":272,"neow_bonus":"BOSS_RELIC","is_prod":false,"is_daily":false,"chose_seed":false,"campfire_upgraded":2,"win_rate":0,"timestamp":1557461458,"path_taken":["M","M","M","?","M","R","$","E","T","E","M","?","R","E","R","BOSS","M","?","M","?","?","E","?","R","T","M"],"build_version":"2019-01-23","purchased_purges":1,"victory":false,"max_hp_per_floor":[75,75,75,75,75,75,75,75,75,75,75,75,75,75,75,75,75,75,75,75,75,75,75,75,75,75,75],"card_choices":[{"not_picked":["Clash","Wild Strike","Body Slam"],"picked":"SKIP","floor":1},{"not_picked":["Headbutt","Sentinel"],"picked":"Battle Trance","floor":2},{"not_picked":["Thunderclap","Warcry"],"picked":"True Grit","floor":3},{"not_picked":["Feel No Pain","Shrug It Off"],"picked":"Uppercut","floor":4},{"not_picked":["Burning Pact","Entrench"],"picked":"Seeing Red","floor":5},{"not_picked":["Thunderclap","Dropkick"],"picked":"Sever Soul","floor":8},{"not_picked":["True Grit","Body Slam","Combust"],"picked":"SKIP","floor":10},{"not_picked":["Pommel Strike","Sever Soul"],"picked":"Carnage","floor":11},{"not_picked":["Dropkick","Corruption"],"picked":"Reaper","floor":14},{"not_picked":["Brutality","Berserk"],"picked":"Barricade","floor":16},{"not_picked":["Disarm","Iron Wave+1"],"picked":"Clothesline","floor":18},{"not_picked":["Spot Weakness","Cleave"],"picked":"Searing Blow+1","floor":20},{"not_picked":["Armaments","Perfected Strike"],"picked":"Clothesline","floor":22},{"not_picked":["Body Slam","Flex"],"picked":"Ghostly Armor","floor":23}],"player_experience":487541,"relics_obtained":[{"floor":8,"key":"Pantograph"},{"floor":9,"key":"Charon\u0027s Ashes"},{"floor":10,"key":"Sundial"},{"floor":14,"key":"Unceasing Top"},{"floor":23,"key":"The Courier"},{"floor":23,"key":"Calipers"},{"floor":26,"key":"Juzu Bracelet"}],"event_choices":[{"damage_healed":18,"gold_gain":0,"player_choice":"Healed","damage_taken":0,"max_hp_gain":0,"max_hp_loss":0,"event_name":"The Cleric","floor":12,"gold_loss":35},{"damage_healed":0,"gold_gain":0,"player_choice":"Read","damage_taken":0,"max_hp_gain":0,"max_hp_loss":0,"event_name":"The Library","floor":19,"gold_loss":0,"cards_obtained":["Flame Barrier"]},{"damage_healed":0,"gold_gain":0,"player_choice":"","damage_taken":7,"max_hp_gain":0,"max_hp_loss":0,"event_name":"Knowing Skull","floor":21,"potions_obtained":[],"gold_loss":0,"cards_obtained":[]},{"damage_healed":0,"gold_gain":0,"player_choice":"Opened","damage_taken":0,"relics_obtained":["Letter Opener"],"max_hp_gain":0,"max_hp_loss":0,"event_name":"The Mausoleum","floor":24,"gold_loss":0,"cards_obtained":["Writhe"]}],"is_beta":false,"boss_relics":[{"not_picked":["Coffee Dripper","Orrery"],"picked":"Black Star"}],"items_purged_floors":[7],"is_endless":false,"potions_floor_spawned":[5,8,10,16,20],"killed_by":"Shelled Parasite and Fungi","ascension_level":19}