{"gold_per_floor":[114,64,64,13,31,31,63,63,63,94,94,105,119,153,165,177],"floor_reached":16,"playtime":1010,"items_purged":[],"score":229,"play_id":"18755615-2e18-4ad4-8d52-157f193d77d9","local_time":"20190503005536","is_ascension_mode":true,"campfire_choices":[{"data":"Neutralize","floor":6,"key":"SMITH"},{"floor":8,"key":"REST"},{"floor":15,"key":"REST"}],"neow_cost":"NONE","seed_source_timestamp":5053598344464968,"circlet_count":0,"master_deck":["AscendersBane","Defend_G","Defend_G","Defend_G","Defend_G","Strike_G","Strike_G","Strike_G","Strike_G","Strike_G","Survivor","Neutralize+1","Cloak And Dagger+1","PiercingWail","Envenom","Cloak And Dagger","Backflip"],"relics":["Ring of the Snake","NeowsBlessing","Matryoshka","PreservedInsect","Regal Pillow","Tough Bandages","Smiling Mask","MawBank"],"potions_floor_usage":[7,14,16],"damage_taken":[{"damage":0,"enemies":"Small Slimes","floor":1,"turns":1},{"damage":0,"enemies":"2 Louse","floor":5,"turns":1},{"damage":0,"enemies":"Gremlin Nob","floor":7,"turns":1},{"damage":9,"enemies":"3 Sentries","floor":10,"turns":9},{"damage":1,"enemies":"Jaw Worm","floor":12,"turns":4},{"damage":10,"enemies":"2 Fungi Beasts","floor":13,"turns":4},{"damage":5,"enemies":"Lagavulin","floor":14,"turns":7},{"damage":72,"enemies":"Slime Boss","floor":16,"turns":18}],"seed_played":"37497349406832620","potions_obtained":[{"floor":5,"key":"Regen Potion"},{"floor":10,"key":"EssenceOfSteel"},{"floor":13,"key":"Strength Potion"}],"is_trial":false,"path_per_floor":["M","?","?","$","M","R","E","R","T","E","?","M","M","E","R","B"],"character_chosen":"THE_SILENT","items_purchased":["PiercingWail"],"campfire_rested":2,"item_purchase_floors":[4],"current_hp_per_floor":[63,63,45,45,45,45,45,66,66,57,57,56,46,41,70,0],"gold":177,"neow_bonus":"THREE_ENEMY_KILL","is_prod":false,"is_daily":false,"chose_seed":false,"campfire_upgraded":1,"win_rate":0,"timestamp":1556859336,"path_taken":["M","?","?","$","M","R","E","R","T","E","?","M","M","E","R","BOSS"],"build_version":"2019-01-23","purchased_purges":0,"victory":false,"max_hp_per_floor":[70,70,70,70,70,70,70,70,70,70,70,70,70,70,70,70],"card_choices":[{"not_picked":["Slice","Bane"],"picked":"Cloak And Dagger","floor":1},{"not_picked":["Predator","Choke","Outmaneuver"],"picked":"SKIP","floor":5},{"not_picked":["Dagger Throw","Bane","Dagger Spray"],"picked":"SKIP","floor":7},{"not_picked":["Sucker Punch","Riddle With Holes","All Out Attack"],"picked":"SKIP","floor":10},{"not_picked":["Acrobatics","Concentrate"],"picked":"Envenom","floor":12},{"not_picked":["Poisoned Stab","Eviscerate"],"picked":"Cloak And Dagger","floor":13},{"not_picked":["Crippling Poison","PiercingWail"],"picked":"Backflip","floor":14}],"player_experience":258148,"relics_obtained":[{"floor":7,"key":"PreservedInsect"},{"floor":9,"key":"Regal Pillow"},{"floor":9,"key":"Tough Bandages"},{"floor":10,"key":"Smiling Mask"},{"floor":14,"key":"MawBank"}],"event_choices":[{"cards_removed":["Defend_G"],"damage_healed":0,"gold_gain":0,"player_choice":"Card Removal","damage_taken":0,"max_hp_gain":0,"max_hp_loss":0,"event_name":"The Cleric","floor":2,"gold_loss":50},{"damage_healed":0,"gold_gain":0,"player_choice":"Success","damage_taken":18,"relics_obtained":["Matryoshka"],"max_hp_gain":0,"max_hp_loss":0,"event_name":"Scrap Ooze","floor":3,"gold_loss":0},{"damage_healed":0,"gold_gain":0,"player_choice":"Grow","damage_taken":0,"max_hp_gain":0,"max_hp_loss":0,"event_name":"Living Wall","floor":11,"gold_loss":0,"cards_upgraded":["Cloak And Dagger"]}],"is_beta":false,"boss_relics":[],"items_purged_floors":[],"is_endless":false,"potions_floor_spawned":[5,10,13],"killed_by":"Slime Boss","ascension_level":12}