{"gold_per_floor":[109,30,41,41,53,53,82,82,105,64,90,104,124,135,135,211,241,259,259,259,140,160,160],"floor_reached":23,"playtime":968,"items_purged":["Regret"],"score":372,"play_id":"36e08b1b-df14-45b9-bdf8-bec138d04412","local_time":"20190509190249","is_ascension_mode":true,"campfire_choices":[{"data":"Armaments","floor":6,"key":"SMITH"},{"floor":8,"key":"REST"},{"data":"Bludgeon","floor":15,"key":"SMITH"}],"neow_cost":"NONE","seed_source_timestamp":435848483577009,"circlet_count":0,"master_deck":["AscendersBane","Strike_R","Strike_R","Strike_R+1","Strike_R+1","Strike_R","Defend_R","Defend_R","Defend_R","Defend_R","Bash","Twin Strike","Whirlwind","Armaments+1","Bludgeon+1","Pommel Strike","Anger","Headbutt","Warcry","Impervious","True Grit","Writhe","Spot Weakness","Battle Trance+1"],"relics":["Burning Blood","Red Skull","Boot","Omamori","Calling Bell","Tiny Chest","Frozen Egg 2","Unceasing Top","Bag of Marbles"],"potions_floor_usage":[7,18],"damage_taken":[{"damage":11,"enemies":"Jaw Worm","floor":1,"turns":6},{"damage":7,"enemies":"Small Slimes","floor":3,"turns":4},{"damage":6,"enemies":"2 Louse","floor":5,"turns":3},{"damage":30,"enemies":"Lagavulin","floor":7,"turns":5},{"damage":23,"enemies":"Gremlin Nob","floor":11,"turns":4},{"damage":7,"enemies":"Exordium Thugs","floor":12,"turns":4},{"damage":0,"enemies":"Gremlin Gang","floor":13,"turns":2},{"damage":1,"enemies":"Red Slaver","floor":14,"turns":3},{"damage":32,"enemies":"Hexaghost","floor":16,"turns":7},{"damage":13,"enemies":"3 Byrds","floor":18,"turns":4},{"damage":0,"enemies":"Chosen","floor":22,"turns":3},{"damage":44,"enemies":"Book of Stabbing","floor":23,"turns":5}],"seed_played":"-2671580353746749244","potions_obtained":[{"floor":1,"key":"SkillPotion"},{"floor":12,"key":"Explosive Potion"},{"floor":13,"key":"Fire Potion"},{"floor":16,"key":"Ancient Potion"},{"floor":22,"key":"Ancient Potion"}],"is_trial":false,"path_per_floor":["M","$","M","?","M","R","E","R","T","?","E","M","M","M","R","B",null,"M","?","?","$","M","E"],"character_chosen":"IRONCLAD","items_purchased":["Whirlwind","Spot Weakness"],"campfire_rested":1,"item_purchase_floors":[2,21],"current_hp_per_floor":[70,70,69,44,44,44,20,44,44,44,27,26,32,37,37,11,64,57,57,57,57,63,19],"gold":160,"neow_bonus":"TEN_PERCENT_HP_BONUS","is_prod":false,"is_daily":false,"chose_seed":false,"campfire_upgraded":2,"win_rate":0,"timestamp":1557442969,"path_taken":["M","$","M","?","M","R","E","R","T","?","E","M","M","M","R","BOSS","M","?","?","$","?","E"],"build_version":"2019-01-23","purchased_purges":1,"victory":false,"max_hp_per_floor":[82,82,82,82,82,82,82,82,82,82,82,82,82,82,82,82,82,82,82,82,82,82,82],"card_choices":[{"not_picked":["Corruption","Body Slam"],"picked":"Twin Strike","floor":1},{"not_picked":["Heavy Blade","Headbutt"],"picked":"Armaments","floor":3},{"not_picked":["Sword Boomerang","Infernal Blade","Cleave"],"picked":"SKIP","floor":5},{"not_picked":["Anger","Rupture"],"picked":"Bludgeon","floor":7},{"not_picked":["Perfected Strike","Searing Blow"],"picked":"Pommel Strike","floor":11},{"not_picked":["Wild Strike","Sword Boomerang"],"picked":"Anger","floor":12},{"not_picked":["Rage","Battle Trance"],"picked":"Headbutt","floor":13},{"not_picked":["Cleave","Flex"],"picked":"Warcry","floor":14},{"not_picked":["Feed","Exhume"],"picked":"Impervious","floor":16},{"not_picked":["Rupture+1","Perfected Strike"],"picked":"True Grit","floor":18},{"not_picked":["Shrug It Off","Sword Boomerang"],"picked":"Battle Trance+1","floor":22}],"player_experience":472581,"relics_obtained":[{"floor":7,"key":"Red Skull"},{"floor":9,"key":"Boot"},{"floor":11,"key":"Omamori"},{"floor":17,"key":"Tiny Chest"},{"floor":17,"key":"Frozen Egg 2"},{"floor":17,"key":"Unceasing Top"}],"event_choices":[{"damage_healed":0,"gold_gain":0,"player_choice":"Entered Light","damage_taken":25,"max_hp_gain":0,"max_hp_loss":0,"event_name":"Shining Light","floor":4,"gold_loss":0,"cards_upgraded":["Strike_R","Strike_R"]},{"damage_healed":0,"gold_gain":0,"player_choice":"Left Gold","damage_taken":0,"max_hp_gain":0,"max_hp_loss":0,"event_name":"World of Goop","floor":10,"gold_loss":41},{"damage_healed":0,"gold_gain":0,"player_choice":"Opened","damage_taken":0,"relics_obtained":["Bag of Marbles"],"max_hp_gain":0,"max_hp_loss":0,"event_name":"The Mausoleum","floor":19,"gold_loss":0,"cards_obtained":["Writhe"]},{"damage_healed":0,"gold_gain":0,"player_choice":"Ignored","damage_taken":0,"max_hp_gain":0,"max_hp_loss":0,"event_name":"Vampires","floor":20,"gold_loss":0}],"is_beta":false,"boss_relics":[{"not_picked":["Empty Cage","White Beast Statue"],"picked":"Calling Bell"}],"items_purged_floors":[21],"is_endless":false,"potions_floor_spawned":[1,12,13,16,22],"killed_by":"Book of Stabbing","ascension_level":17}