{"gold_per_floor":[119,137,150,163,177,204,204,204,204,204,224,237,262,57,57,150,150,175,175,193,93,93,93,112,112,112,112],"floor_reached":27,"playtime":1827,"items_purged":["Strike_R","Strike_R"],"score":467,"play_id":"97bc04a2-d6e2-4b65-a474-03032687d025","local_time":"20190509004512","is_ascension_mode":true,"campfire_choices":[{"data":"Armaments","floor":8,"key":"SMITH"},{"data":"Whirlwind","floor":15,"key":"SMITH"},{"data":"Pommel Strike","floor":23,"key":"SMITH"}],"neow_cost":"NONE","seed_source_timestamp":369132229362619,"circlet_count":0,"master_deck":["AscendersBane","Strike_R","Strike_R","Strike_R","Defend_R","Defend_R","Defend_R","Defend_R","Bash","Demon Form","Iron Wave","Twin Strike","Armaments+1","Anger","Headbutt","Pummel","Feed","Iron Wave","Whirlwind+1","Shrug It Off","Impervious","Corruption+1","Shrug It Off","Clothesline","Flex","Body Slam","Pommel Strike+1","RitualDagger","Headbutt","Dark Embrace"],"relics":["Burning Blood","Ancient Tea Set","Golden Idol","Meat on the Bone","Orrery","Ice Cream","Self Forming Clay"],"potions_floor_usage":[6,6,16,24],"damage_taken":[{"damage":1,"enemies":"Cultist","floor":1,"turns":4},{"damage":4,"enemies":"Small Slimes","floor":2,"turns":3},{"damage":6,"enemies":"2 Louse","floor":3,"turns":3},{"damage":18,"enemies":"Gremlin Gang","floor":4,"turns":12},{"damage":16,"enemies":"Exordium Thugs","floor":5,"turns":4},{"damage":10,"enemies":"3 Sentries","floor":6,"turns":8},{"damage":16,"enemies":"Lots of Slimes","floor":11,"turns":5},{"damage":9,"enemies":"Blue Slaver","floor":12,"turns":3},{"damage":9,"enemies":"3 Louse","floor":13,"turns":8},{"damage":0,"enemies":"Slime Boss","floor":16,"turns":4},{"damage":17,"enemies":"Chosen","floor":18,"turns":6},{"damage":30,"enemies":"2 Thieves","floor":20,"turns":5},{"damage":6,"enemies":"Centurion and Healer","floor":24,"turns":9},{"damage":68,"enemies":"Gremlin Leader","floor":27,"turns":4}],"seed_played":"-2487482010349664574","potions_obtained":[{"floor":1,"key":"Explosive Potion"},{"floor":3,"key":"GamblersBrew"},{"floor":13,"key":"AttackPotion"},{"floor":20,"key":"AttackPotion"}],"is_trial":false,"path_per_floor":["M","M","M","M","M","E","?","R","T","?","M","M","M","$","R","B",null,"M","?","M","$","?","R","M","T","T","E"],"character_chosen":"IRONCLAD","items_purchased":["Whirlwind","Shrug It Off"],"campfire_rested":0,"item_purchase_floors":[14,14],"current_hp_per_floor":[73,75,75,63,53,49,49,49,49,54,44,53,54,54,54,60,73,62,56,44,44,44,44,56,56,56,0],"gold":112,"neow_bonus":"ONE_RANDOM_RARE_CARD","is_prod":false,"is_daily":false,"chose_seed":false,"campfire_upgraded":3,"win_rate":0,"timestamp":1557377112,"path_taken":["M","?","M","M","M","E","?","R","T","?","M","M","M","$","R","BOSS","M","?","M","$","?","R","?","?","T","E"],"build_version":"2019-01-23","purchased_purges":2,"victory":false,"max_hp_per_floor":[75,75,75,75,75,75,68,68,68,73,73,73,77,77,77,77,77,77,77,77,77,77,77,77,77,77,77],"card_choices":[{"not_picked":["Warcry","Rampage"],"picked":"Iron Wave","floor":1},{"not_picked":["Warcry","Havoc"],"picked":"Twin Strike","floor":2},{"not_picked":["Reckless Charge","Anger"],"picked":"Armaments","floor":3},{"not_picked":["Wild Strike","Berserk","Clash"],"picked":"SKIP","floor":4},{"not_picked":["Havoc","Armaments"],"picked":"Anger","floor":5},{"not_picked":["Anger","Sword Boomerang"],"picked":"Headbutt","floor":6},{"not_picked":["Thunderclap","Twin Strike"],"picked":"Pummel","floor":11},{"not_picked":["Evolve","Fire Breathing"],"picked":"Feed","floor":12},{"not_picked":["Armaments","Wild Strike"],"picked":"Iron Wave","floor":13},{"not_picked":["Limit Break","Double Tap"],"picked":"Impervious","floor":16},{"not_picked":["Disarm","Flex"],"picked":"Corruption","floor":17},{"not_picked":["Armaments","True Grit"],"picked":"Shrug It Off","floor":17},{"not_picked":["Twin Strike","Warcry"],"picked":"Clothesline","floor":17},{"not_picked":["Thunderclap","Twin Strike"],"picked":"Flex","floor":17},{"not_picked":["Sword Boomerang","Sever Soul"],"picked":"Body Slam","floor":17},{"not_picked":["True Grit","Warcry"],"picked":"Pommel Strike","floor":18},{"not_picked":["Sentinel","Clash"],"picked":"Headbutt","floor":20},{"not_picked":["Clash","Anger"],"picked":"Dark Embrace","floor":24}],"player_experience":443153,"relics_obtained":[{"floor":6,"key":"Ancient Tea Set"},{"floor":9,"key":"Meat on the Bone"},{"floor":25,"key":"Ice Cream"},{"floor":26,"key":"Self Forming Clay"}],"event_choices":[{"damage_healed":0,"gold_gain":0,"player_choice":"Lose Max HP","damage_taken":0,"relics_obtained":["Golden Idol"],"max_hp_gain":0,"max_hp_loss":7,"event_name":"Golden Idol","floor":7,"gold_loss":0},{"damage_healed":0,"gold_gain":0,"player_choice":"Donut","damage_taken":0,"max_hp_gain":5,"max_hp_loss":0,"event_name":"Big Fish","floor":10,"gold_loss":0},{"damage_healed":0,"gold_gain":0,"player_choice":"Joined the Cult","damage_taken":6,"max_hp_gain":0,"max_hp_loss":0,"event_name":"Nest","floor":19,"gold_loss":0,"cards_obtained":["RitualDagger"]},{"damage_healed":0,"gold_gain":0,"player_choice":"Upgraded","damage_taken":0,"max_hp_gain":0,"max_hp_loss":0,"event_name":"Upgrade Shrine","floor":22,"gold_loss":0,"cards_upgraded":["Corruption"]}],"is_beta":false,"boss_relics":[{"not_picked":["Pandora\u0027s Box","Black Blood"],"picked":"Orrery"}],"items_purged_floors":[14,21],"is_endless":false,"potions_floor_spawned":[1,3,13,20],"killed_by":"Gremlin Leader","ascension_level":15}