{"gold_per_floor":[115,165,179,67,78,106,56,56,56,71,103,114,114,133,133,133],"floor_reached":16,"playtime":1280,"items_purged":[],"score":112,"play_id":"3e98073f-2c14-4d60-b05e-1537cec01a7f","local_time":"20190407142004","is_ascension_mode":false,"campfire_choices":[{"data":"Offering","floor":8,"key":"SMITH"},{"data":"Rage","floor":15,"key":"SMITH"}],"neow_cost":"NONE","seed_source_timestamp":2855233671774531,"circlet_count":0,"master_deck":["Strike_R","Strike_R","Strike_R","Strike_R+1","Defend_R","Defend_R","Defend_R","Defend_R","Bash","Purity+1","Clothesline","Dual Wield","Fire Breathing","Carnage","Offering+1","Pommel Strike","Flame Barrier","Reaper","Metallicize","Rage+1"],"relics":["Burning Blood","Sundial","Blood Vial","PreservedInsect"],"potions_floor_usage":[3,11,16,16],"damage_taken":[{"damage":5,"enemies":"Cultist","floor":1,"turns":5},{"damage":4,"enemies":"2 Louse","floor":3,"turns":3},{"damage":3,"enemies":"Jaw Worm","floor":5,"turns":3},{"damage":28,"enemies":"Gremlin Nob","floor":6,"turns":5},{"damage":15,"enemies":"Looter","floor":10,"turns":3},{"damage":22,"enemies":"Lagavulin","floor":11,"turns":6},{"damage":16,"enemies":"Exordium Wildlife","floor":12,"turns":6},{"damage":12,"enemies":"2 Fungi Beasts","floor":14,"turns":4},{"damage":32,"enemies":"Slime Boss","floor":16,"turns":3}],"seed_played":"5517059241786433647","potions_obtained":[{"floor":1,"key":"Ancient Potion"},{"floor":5,"key":"Block Potion"},{"floor":12,"key":"SteroidPotion"},{"floor":14,"key":"LiquidBronze"}],"is_trial":false,"path_per_floor":["M","?","M","$","M","E","?","R","T","M","E","M","?","M","R","B"],"character_chosen":"IRONCLAD","items_purchased":["Fire Breathing","Carnage"],"campfire_rested":0,"item_purchase_floors":[4,4],"current_hp_per_floor":[80,80,80,80,80,58,58,58,58,51,37,32,16,20,20,0],"gold":133,"neow_bonus":"RANDOM_COLORLESS","is_prod":false,"is_daily":false,"chose_seed":false,"campfire_upgraded":2,"win_rate":0.0,"timestamp":1554661204,"path_taken":["M","?","M","$","M","E","?","R","T","M","E","M","?","M","R","BOSS"],"build_version":"2019-01-23","purchased_purges":0,"victory":false,"max_hp_per_floor":[80,80,80,80,80,80,80,80,80,80,80,80,80,80,80,80],"card_choices":[{"not_picked":["Flex","Clash"],"picked":"Clothesline","floor":1},{"not_picked":["Pummel","Clothesline"],"picked":"Dual Wield","floor":3},{"not_picked":["Thunderclap","Heavy Blade"],"picked":"Offering","floor":5},{"not_picked":["Headbutt","Body Slam"],"picked":"Pommel Strike","floor":6},{"not_picked":["Flex","Thunderclap"],"picked":"Flame Barrier","floor":10},{"not_picked":["Body Slam","Limit Break"],"picked":"Reaper","floor":11},{"not_picked":["Perfected Strike","Pummel"],"picked":"Metallicize","floor":12},{"not_picked":["Warcry","Clash"],"picked":"Rage","floor":14}],"player_experience":7538,"relics_obtained":[{"floor":6,"key":"Sundial"},{"floor":9,"key":"Blood Vial"},{"floor":11,"key":"PreservedInsect"}],"event_choices":[{"damage_healed":0,"gold_gain":50,"player_choice":"Gained Gold","damage_taken":0,"max_hp_gain":0,"max_hp_loss":0,"event_name":"Golden Wing","floor":2,"gold_loss":0},{"cards_removed":["Strike_R"],"damage_healed":0,"gold_gain":0,"player_choice":"Card Removal","damage_taken":0,"max_hp_gain":0,"max_hp_loss":0,"event_name":"The Cleric","floor":7,"gold_loss":50},{"damage_healed":0,"gold_gain":0,"player_choice":"Entered Light","damage_taken":16,"max_hp_gain":0,"max_hp_loss":0,"event_name":"Shining Light","floor":13,"gold_loss":0,"cards_upgraded":["Purity","Strike_R"]}],"is_beta":false,"boss_relics":[],"items_purged_floors":[],"is_endless":false,"potions_floor_spawned":[1,5,12,14],"killed_by":"Slime Boss","ascension_level":0}