{"gold_per_floor":[118,118,130,146,146,146,159,159,184,184,217,217,244,255,255,332,332,350,275,306,319,319,319,319],"floor_reached":24,"playtime":1370,"items_purged":[],"score":347,"play_id":"fcead074-693a-4e04-984d-5656eb496eec","local_time":"20190508224206","is_ascension_mode":true,"campfire_choices":[{"data":"True Grit","floor":6.0,"key":"SMITH"},{"data":"Bash","floor":8.0,"key":"SMITH"},{"floor":10.0,"key":"REST"},{"floor":15.0,"key":"REST"},{"floor":23,"key":"REST"}],"neow_cost":"NONE","seed_source_timestamp":362047103451324,"circlet_count":0,"master_deck":["AscendersBane","Strike_R","Strike_R","Strike_R","Defend_R","Defend_R","Defend_R","Defend_R","Bash+1","Dropkick","True Grit+1","Headbutt","Metallicize","Rampage","Battle Trance","Thunderclap","Demon Form","Heavy Blade+1","Entrench","Cleave"],"special_seed":0,"relics":["Burning Blood","Bronze Scales","Smiling Mask","WarpedTongs","Bottled Tornado","Runic Cube","Red Mask"],"potions_floor_usage":[],"damage_taken":[{"damage":12.0,"enemies":"Small Slimes","floor":1.0,"turns":4.0},{"damage":6.0,"enemies":"Cultist","floor":3.0,"turns":4.0},{"damage":3.0,"enemies":"2 Louse","floor":4.0,"turns":4.0},{"damage":47.0,"enemies":"Exordium Thugs","floor":7.0,"turns":6.0},{"damage":29.0,"enemies":"Gremlin Nob","floor":11.0,"turns":4.0},{"damage":11.0,"enemies":"3 Sentries","floor":13.0,"turns":10.0},{"damage":13.0,"enemies":"Large Slime","floor":14.0,"turns":6.0},{"damage":29.0,"enemies":"Hexaghost","floor":16.0,"turns":8.0},{"damage":11.0,"enemies":"Chosen","floor":18.0,"turns":6.0},{"damage":36.0,"enemies":"Masked Bandits","floor":20.0,"turns":5.0},{"damage":3,"enemies":"Shell Parasite","floor":21,"turns":9},{"damage":60,"enemies":"Book of Stabbing","floor":24,"turns":7}],"seed_played":"587559084964585383","potions_obtained":[{"floor":1.0,"key":"Energy Potion"},{"floor":4.0,"key":"Dexterity Potion"},{"floor":16.0,"key":"LiquidBronze"},{"floor":20.0,"key":"Ancient Potion"}],"is_trial":false,"path_per_floor":["M","?","M","M","?","R","M","R","T","R","E","?","E","M","R","B",null,"M","?","?","M","?","R","E"],"character_chosen":"IRONCLAD","items_purchased":[],"campfire_rested":3,"item_purchase_floors":[],"current_hp_per_floor":[69,62,62,65,65,65,24,24,24,48,25,25,20,13,37,14,65,60,60,30,33,33,57,0],"gold":319,"neow_bonus":"TEN_PERCENT_HP_BONUS","is_prod":false,"is_daily":false,"chose_seed":false,"campfire_upgraded":2,"win_rate":0,"timestamp":1557369726,"path_taken":["M","?","M","M","?","R","?","R","T","R","E","?","E","M","R","BOSS","M","?","?","M","?","R","E"],"build_version":"2019-01-23","purchased_purges":0,"victory":false,"max_hp_per_floor":[82,82,82,82,82,82,82,82,82,82,82,82,82,82,82,82,82,82,82,82,82,82,82,82],"card_choices":[{"not_picked":["Entrench","Body Slam"],"picked":"Dropkick","floor":1.0},{"not_picked":["Hemokinesis","Armaments"],"picked":"True Grit","floor":3.0},{"not_picked":["Clash","Perfected Strike"],"picked":"Headbutt","floor":4.0},{"not_picked":["Dropkick","Body Slam"],"picked":"Metallicize","floor":7.0},{"not_picked":["Infernal Blade","Clash"],"picked":"Rampage","floor":11.0},{"not_picked":["Seeing Red","Wild Strike"],"picked":"Battle Trance","floor":13.0},{"not_picked":["Sword Boomerang","Body Slam"],"picked":"Thunderclap","floor":14.0},{"not_picked":["Fiend Fire","Limit Break"],"picked":"Demon Form","floor":16.0},{"not_picked":["Clash","Flame Barrier"],"picked":"Heavy Blade+1","floor":18.0},{"not_picked":["Rupture","Fire Breathing"],"picked":"Entrench","floor":20.0},{"not_picked":["Twin Strike","Shockwave"],"picked":"Cleave","floor":21}],"player_experience":437244,"relics_obtained":[{"floor":9.0,"key":"Bronze Scales"},{"floor":11.0,"key":"Smiling Mask"},{"floor":13.0,"key":"Bottled Tornado"},{"floor":20.0,"key":"Red Mask"}],"event_choices":[{"cards_removed":["Strike_R"],"damage_healed":0.0,"max_hp_gain":0.0,"max_hp_loss":0.0,"gold_gain":0.0,"event_name":"Golden Wing","player_choice":"Card Removal","floor":2.0,"gold_loss":0.0,"damage_taken":7.0},{"damage_healed":0.0,"max_hp_gain":0.0,"max_hp_loss":0.0,"gold_gain":0.0,"event_name":"The Woman in Blue","player_choice":"Bought 0 Potions","floor":5.0,"gold_loss":0.0,"damage_taken":0.0},{"damage_healed":0.0,"max_hp_gain":0.0,"max_hp_loss":0.0,"gold_gain":0.0,"event_name":"Accursed Blacksmith","player_choice":"Rummage","floor":12.0,"gold_loss":0.0,"damage_taken":0.0,"relics_obtained":["WarpedTongs"],"cards_obtained":["Pain"]},{"cards_removed":["Pain"],"damage_healed":0.0,"max_hp_gain":0.0,"max_hp_loss":0.0,"gold_gain":0.0,"event_name":"Beggar","player_choice":"Gave Gold","floor":19.0,"gold_loss":75.0,"damage_taken":0.0},{"damage_healed":0.0,"max_hp_gain":0.0,"max_hp_loss":0.0,"gold_gain":0.0,"event_name":"Masked Bandits","player_choice":"Fought Bandits","floor":20.0,"gold_loss":0.0,"damage_taken":0.0},{"cards_removed":["Strike_R"],"damage_healed":0,"gold_gain":0,"player_choice":"Purged","damage_taken":0,"max_hp_gain":0,"max_hp_loss":0,"event_name":"Purifier","floor":22,"gold_loss":0}],"is_beta":false,"boss_relics":[{"not_picked":["Lizard Tail","White Beast Statue"],"picked":"Runic Cube"}],"items_purged_floors":[],"is_endless":false,"potions_floor_spawned":[1,4,16,20],"killed_by":"Book of Stabbing","ascension_level":14}