{"gold_per_floor":[113,113,113,127,18,18,41,41,41,41,67,94,94,112,112,209,209,223,242,256,9,284,310,310,310,335,363,380,380,400,435,435,533,533,545,598,615,615,632,666,666,698,722,769,881,893,931,123,123,123],"floor_reached":51,"playtime":5398,"items_purged":["Regret","Strike_G","Normality"],"score":1258,"play_id":"f50307cb-fb2b-4024-9ab1-c67a1c417cf1","local_time":"20190430220857","is_ascension_mode":true,"campfire_choices":[{"data":"Neutralize","floor":6,"key":"SMITH"},{"data":"Noxious Fumes","floor":8,"key":"SMITH"},{"data":"Caltrops","floor":10,"key":"SMITH"},{"data":"After Image","floor":13,"key":"SMITH"},{"data":"Backstab","floor":15,"key":"SMITH"},{"data":"Footwork","floor":24,"key":"SMITH"},{"data":"Infinite Blades","floor":29,"key":"SMITH"},{"data":"Adrenaline","floor":32,"key":"SMITH"},{"data":"After Image","floor":41,"key":"SMITH"},{"data":"After Image","floor":46,"key":"SMITH"},{"data":"Night Terror","floor":49,"key":"SMITH"}],"neow_cost":"NONE","seed_source_timestamp":4866401167381251,"circlet_count":0,"master_deck":["Defend_G","Defend_G","Defend_G","Defend_G","Defend_G","Strike_G","Strike_G","Strike_G","Strike_G","Survivor","Neutralize+1","Caltrops+1","Backstab+1","Noxious Fumes+1","After Image+1","Escape Plan","Adrenaline+1","Footwork+1","Bane","Leg Sweep","Infinite Blades+1","Blur","After Image+1","Blade Dance+1","Finisher+1","Writhe","After Image+1","Backstab+1","Accuracy","Pain","Night Terror+1","Blade Dance","Cloak And Dagger","Accuracy","Cloak And Dagger","Dark Shackles","Secret Technique"],"relics":["Ring of the Snake","Bird Faced Urn","Blue Candle","Juzu Bracelet","WingedGreaves","Strawberry","Ancient Tea Set","Cursed Key","Snake Skull","Happy Flower","PreservedInsect","Tough Bandages","Nunchaku","Black Star","Gambling Chip","Dodecahedron","Lantern","Dream Catcher","Vajra","MawBank","Prayer Wheel","Blood Vial","Unceasing Top","Pen Nib","Anchor","Bottled Tornado"],"potions_floor_usage":[12,19,19,19,23,23,27,30,33,33,36,36,40,50,50,50],"damage_taken":[{"damage":0,"enemies":"Jaw Worm","floor":1,"turns":5},{"damage":1,"enemies":"2 Louse","floor":4,"turns":3},{"damage":18,"enemies":"Lagavulin","floor":11,"turns":7},{"damage":25,"enemies":"Gremlin Nob","floor":12,"turns":5},{"damage":0,"enemies":"Small Slimes","floor":14,"turns":4},{"damage":10,"enemies":"Hexaghost","floor":16,"turns":10},{"damage":1,"enemies":"Shell Parasite","floor":18,"turns":6},{"damage":7,"enemies":"2 Thieves","floor":19,"turns":4},{"damage":26,"enemies":"Sentry and Sphere","floor":20,"turns":7},{"damage":16,"enemies":"Slavers","floor":23,"turns":5},{"damage":10,"enemies":"Gremlin Leader","floor":27,"turns":7},{"damage":1,"enemies":"Centurion and Healer","floor":28,"turns":7},{"damage":10,"enemies":"Cultist and Chosen","floor":30,"turns":6},{"damage":1,"enemies":"Book of Stabbing","floor":31,"turns":5},{"damage":69,"enemies":"Automaton","floor":33,"turns":15},{"damage":1,"enemies":"3 Shapes","floor":35,"turns":7},{"damage":53,"enemies":"2 Orb Walkers","floor":36,"turns":7},{"damage":10,"enemies":"3 Darklings","floor":37,"turns":5},{"damage":8,"enemies":"Spire Growth","floor":39,"turns":6},{"damage":18,"enemies":"Reptomancer","floor":40,"turns":7},{"damage":17,"enemies":"Nemesis","floor":42,"turns":9},{"damage":11,"enemies":"Giant Head","floor":44,"turns":8},{"damage":3,"enemies":"Mind Bloom Boss Battle","floor":45,"turns":7},{"damage":3,"enemies":"Nemesis","floor":47,"turns":7},{"damage":12,"enemies":"Time Eater","floor":50,"turns":11}],"seed_played":"1140785441108140253","potions_obtained":[{"floor":1,"key":"Explosive Potion"},{"floor":14,"key":"Explosive Potion"},{"floor":16,"key":"EntropicBrew"},{"floor":23,"key":"Energy Potion"},{"floor":27,"key":"LiquidBronze"},{"floor":28,"key":"Explosive Potion"},{"floor":30,"key":"Swift Potion"},{"floor":33,"key":"PowerPotion"},{"floor":35,"key":"Regen Potion"},{"floor":36,"key":"LiquidBronze"},{"floor":40,"key":"LiquidBronze"},{"floor":44,"key":"Dexterity Potion"},{"floor":47,"key":"Explosive Potion"}],"is_trial":false,"path_per_floor":["M","?","?","M","$","R","T","R","T","R","E","E","R","M","R","B",null,"M","M","M","$","?","E","R","?","T","E","M","R","M","E","R","B",null,"M","?","M","?","M","E","R","E","T","E","?","R","E","$","R","B",null],"character_chosen":"THE_SILENT","items_purchased":["Noxious Fumes","Snake Skull","Bottled Tornado","Accuracy","Cloak And Dagger","Dark Shackles","Secret Technique","Dexterity Potion"],"campfire_rested":0,"item_purchase_floors":[5,21,48,48,48,48,48,48],"current_hp_per_floor":[70,67,67,68,68,68,68,68,68,68,61,42,42,48,48,44,74,79,80,58,58,58,50,50,50,50,48,57,57,57,66,66,7,65,76,49,51,72,76,70,70,67,67,72,84,84,84,84,84,80],"gold":123,"neow_bonus":"TEN_PERCENT_HP_BONUS","is_prod":false,"is_daily":false,"chose_seed":false,"campfire_upgraded":11,"win_rate":0,"timestamp":1556676537,"path_taken":["M","?","?","M","$","R","?","R","T","R","E","E","R","M","R","BOSS","M","M","M","$","?","E","R","?","T","E","M","R","M","E","R","BOSS","M","?","M","?","M","E","R","E","T","E","?","R","E","$","R","BOSS"],"build_version":"2019-01-23","purchased_purges":3,"victory":true,"max_hp_per_floor":[77,77,77,77,77,77,77,77,77,77,84,84,84,84,84,84,84,84,84,84,84,84,84,84,84,84,84,84,84,84,84,84,84,84,84,84,84,84,84,84,84,84,84,84,84,84,84,84,84,84],"card_choices":[{"not_picked":["Flechettes","Bouncing Flask"],"picked":"Caltrops","floor":1},{"not_picked":["Expertise","Deflect"],"picked":"Backstab","floor":4},{"not_picked":["Quick Slash","Flying Knee"],"picked":"After Image","floor":11},{"not_picked":["Reflex","Sucker Punch"],"picked":"Escape Plan","floor":12},{"not_picked":["Flying Knee","Quick Slash","Outmaneuver"],"picked":"SKIP","floor":14},{"not_picked":["Wraith Form v2","Unload"],"picked":"Adrenaline","floor":16},{"not_picked":["Blade Dance+1","Dagger Throw+1"],"picked":"Footwork","floor":18},{"not_picked":["Flechettes+1","Dagger Spray","Finisher"],"picked":"SKIP","floor":19},{"not_picked":["Dagger Throw","Deflect"],"picked":"Bane","floor":20},{"not_picked":["Terror","Skewer"],"picked":"Leg Sweep","floor":23},{"not_picked":["Distraction","Backstab"],"picked":"Infinite Blades","floor":27},{"not_picked":["Concentrate","Flying Knee","Slice"],"picked":"SKIP","floor":28},{"not_picked":["Catalyst","Masterful Stab+1","Flying Knee"],"picked":"SKIP","floor":30},{"not_picked":["Poisoned Stab","Quick Slash"],"picked":"Blur","floor":31},{"not_picked":["Grand Finale","Glass Knife"],"picked":"After Image","floor":33},{"not_picked":["Bane+1","Dagger Spray+1"],"picked":"Blade Dance+1","floor":35},{"not_picked":["Blade Dance","Dagger Throw+1"],"picked":"Finisher+1","floor":37},{"not_picked":["Flying Knee+1","Masterful Stab"],"picked":"After Image","floor":39},{"not_picked":["Acrobatics","Unload"],"picked":"Backstab+1","floor":40},{"not_picked":["Flechettes","Dash"],"picked":"Accuracy","floor":42},{"not_picked":["Deflect+1","Finisher+1"],"picked":"Night Terror","floor":44},{"not_picked":["Outmaneuver+1","Distraction+1"],"picked":"Blade Dance","floor":45},{"not_picked":["Slice+1","Flechettes+1"],"picked":"Cloak And Dagger","floor":47}],"player_experience":218201,"relics_obtained":[{"floor":7,"key":"Juzu Bracelet"},{"floor":9,"key":"WingedGreaves"},{"floor":11,"key":"Strawberry"},{"floor":12,"key":"Ancient Tea Set"},{"floor":23,"key":"Happy Flower"},{"floor":26,"key":"PreservedInsect"},{"floor":27,"key":"Tough Bandages"},{"floor":31,"key":"Nunchaku"},{"floor":36,"key":"Gambling Chip"},{"floor":40,"key":"Dodecahedron"},{"floor":40,"key":"Lantern"},{"floor":42,"key":"Dream Catcher"},{"floor":42,"key":"Vajra"},{"floor":43,"key":"MawBank"},{"floor":44,"key":"Prayer Wheel"},{"floor":44,"key":"Blood Vial"},{"floor":45,"key":"Unceasing Top"},{"floor":47,"key":"Pen Nib"},{"floor":47,"key":"Anchor"}],"event_choices":[{"damage_healed":0,"gold_gain":0,"player_choice":"Success","damage_taken":3,"relics_obtained":["Bird Faced Urn"],"max_hp_gain":0,"max_hp_loss":0,"event_name":"Scrap Ooze","floor":2,"gold_loss":0},{"damage_healed":0,"gold_gain":0,"player_choice":"Box","damage_taken":0,"relics_obtained":["Blue Candle"],"max_hp_gain":0,"max_hp_loss":0,"event_name":"Big Fish","floor":3,"gold_loss":0,"cards_obtained":["Regret"]},{"damage_healed":0,"gold_gain":275,"player_choice":"Desecrate","damage_taken":0,"max_hp_gain":0,"max_hp_loss":0,"event_name":"Golden Shrine","floor":22,"gold_loss":0,"cards_obtained":["Regret"]},{"cards_removed":["Regret"],"damage_healed":0,"gold_gain":0,"player_choice":"Removed Curses","damage_taken":0,"max_hp_gain":0,"max_hp_loss":0,"event_name":"Fountain of Cleansing","floor":25,"gold_loss":0},{"damage_healed":0,"gold_gain":0,"player_choice":"Fight","damage_taken":0,"max_hp_gain":0,"max_hp_loss":0,"event_name":"Mysterious Sphere","floor":36,"gold_loss":0},{"damage_healed":21,"gold_gain":0,"player_choice":"Writhe","damage_taken":0,"max_hp_gain":0,"max_hp_loss":0,"event_name":"Winding Halls","floor":38,"gold_loss":0,"cards_obtained":["Writhe"]},{"damage_healed":0,"gold_gain":0,"player_choice":"Fight","damage_taken":0,"max_hp_gain":0,"max_hp_loss":0,"event_name":"MindBloom","floor":45,"gold_loss":0}],"is_beta":false,"boss_relics":[{"not_picked":["Coffee Dripper","WristBlade"],"picked":"Cursed Key"},{"not_picked":["White Beast Statue","Lizard Tail"],"picked":"Black Star"}],"items_purged_floors":[5,21,48],"is_endless":false,"potions_floor_spawned":[1,14,16,23,27,28,30,33,35,36,40,44,47],"ascension_level":8}