{"gold_per_floor":[117,42,42,59,72,100,100,128,128,128,141,159,184,134,134,134],"floor_reached":16,"playtime":1139,"items_purged":["Injury"],"score":150,"play_id":"0581ae76-5ca9-49b4-bf40-c658f6153a6c","local_time":"20190415221355","is_ascension_mode":true,"campfire_choices":[{"data":"Fiend Fire","floor":7,"key":"SMITH"},{"data":"Whirlwind","floor":10,"key":"SMITH"},{"data":"Shockwave","floor":15,"key":"SMITH"}],"neow_cost":"CURSE","seed_source_timestamp":3574996827579097,"circlet_count":0,"master_deck":["Strike_R","Strike_R","Strike_R","Strike_R","Defend_R","Defend_R","Defend_R","Bash","Fiend Fire+1","Shrug It Off","Shrug It Off","Seeing Red","Whirlwind+1","Seeing Red","Limit Break","Shockwave+1"],"relics":["Burning Blood","Incense Burner","Paper Frog","Peace Pipe"],"potions_floor_usage":[8,13,16],"damage_taken":[{"damage":6,"enemies":"2 Louse","floor":1,"turns":2},{"damage":0,"enemies":"Cultist","floor":4,"turns":2},{"damage":7,"enemies":"Jaw Worm","floor":5,"turns":4},{"damage":26,"enemies":"Gremlin Nob","floor":6,"turns":4},{"damage":30,"enemies":"3 Sentries","floor":8,"turns":10},{"damage":6,"enemies":"2 Fungi Beasts","floor":11,"turns":2},{"damage":3,"enemies":"Looter","floor":12,"turns":2},{"damage":32,"enemies":"Lagavulin","floor":13,"turns":4},{"damage":16,"enemies":"Hexaghost","floor":16,"turns":9}],"seed_played":"-2370103676765891689","potions_obtained":[{"floor":6,"key":"SkillPotion"},{"floor":11,"key":"Poison Potion"},{"floor":13,"key":"Block Potion"}],"is_trial":false,"path_per_floor":["M","$","?","M","M","E","R","E","T","R","M","M","E","?","R","B"],"character_chosen":"IRONCLAD","items_purchased":[],"campfire_rested":0,"item_purchase_floors":[],"current_hp_per_floor":[80,80,80,80,79,59,59,35,35,35,35,38,12,12,12,0],"gold":134,"neow_bonus":"THREE_RARE_CARDS","is_prod":false,"is_daily":false,"chose_seed":false,"campfire_upgraded":3,"win_rate":0,"timestamp":1555380835,"path_taken":["M","$","?","?","M","E","R","E","T","R","?","M","E","?","R","BOSS"],"build_version":"2019-01-23","purchased_purges":1,"victory":false,"max_hp_per_floor":[80,80,80,80,80,80,80,80,80,80,80,80,80,80,80,80],"card_choices":[{"not_picked":["Impervious","Double Tap"],"picked":"Fiend Fire","floor":0},{"not_picked":["Hemokinesis","Perfected Strike"],"picked":"Shrug It Off","floor":1},{"not_picked":["Carnage","Twin Strike","Reckless Charge"],"picked":"SKIP","floor":4},{"not_picked":["Perfected Strike","Wild Strike"],"picked":"Shrug It Off","floor":5},{"not_picked":["Shrug It Off","Anger"],"picked":"Seeing Red","floor":6},{"not_picked":["Body Slam","Wild Strike"],"picked":"Whirlwind","floor":8},{"not_picked":["Infernal Blade","Sword Boomerang"],"picked":"Seeing Red","floor":11},{"not_picked":["Shrug It Off","Infernal Blade"],"picked":"Limit Break","floor":12},{"not_picked":["Rupture","Havoc"],"picked":"Shockwave","floor":13}],"player_experience":112090,"relics_obtained":[{"floor":6,"key":"Incense Burner"},{"floor":8,"key":"Paper Frog"},{"floor":13,"key":"Peace Pipe"}],"event_choices":[{"cards_removed":["Defend_R"],"damage_healed":0,"gold_gain":0,"player_choice":"Purged","damage_taken":0,"max_hp_gain":0,"max_hp_loss":0,"event_name":"Purifier","floor":3,"gold_loss":0},{"cards_removed":["Strike_R"],"damage_healed":0,"gold_gain":0,"player_choice":"Card Removal","damage_taken":0,"max_hp_gain":0,"max_hp_loss":0,"event_name":"The Cleric","floor":14,"gold_loss":50}],"is_beta":false,"boss_relics":[],"items_purged_floors":[2],"is_endless":false,"potions_floor_spawned":[6,11,13],"killed_by":"Hexaghost","ascension_level":5}