{"gold_per_floor":[119,69,69,22,35,65,65,75,375,387,418,436,465,208,208,307,307,317,329,150,150,150,175,75,75,124,124,224,224,253,272,272,374,374,387,387,402,74,74,74,93,93,93,93,45,76,87,106,106,106],"floor_reached":50,"playtime":3111,"items_purged":["Strike_R","Perfected Strike","Anger"],"score":679,"play_id":"4877dd5e-3ac7-416f-bc48-93218311184a","local_time":"20190316185337","is_ascension_mode":true,"campfire_choices":[{"data":"Limit Break","floor":7.0,"key":"SMITH"},{"floor":15.0,"key":"REST"},{"floor":25.0,"key":"RECALL"},{"floor":27,"key":"REST"},{"floor":29,"key":"REST"},{"floor":32,"key":"REST"},{"floor":40,"key":"REST"},{"floor":42,"key":"REST"},{"floor":44,"key":"REST"},{"floor":49,"key":"REST"}],"neow_cost":"NONE","seed_source_timestamp":0,"circlet_count":0,"master_deck":["Defend_R+1","Defend_R+1","Defend_R+1","Defend_R+1","Bash","Limit Break+1","Shrug It Off","Headbutt","Flex","Heavy Blade","Ghostly Armor","Clash","Double Tap","Battle Trance","Heavy Blade","Double Tap","Twin Strike+1","Heavy Blade","Inflame","Shrug It Off","Bite","Bite","Bite","Bite","Bite","Berserk","Heavy Blade+1","Cleave+1","Limit Break","Flex","Madness","Madness","Twin Strike","Headbutt","Trip","Flex","Sword Boomerang","Shockwave+1","Ghostly Armor+1"],"special_seed":0,"relics":["Burning Blood","Mango","Old Coin","Boot","Orichalcum","Red Skull","Fusion Hammer","Shuriken","Lantern","Champion Belt","Gremlin Horn","Pantograph","Runic Dome","PreservedInsect","Frozen Egg 2"],"potions_floor_usage":[30],"damage_taken":[{"damage":0.0,"enemies":"2 Louse","floor":1.0,"turns":2.0},{"damage":1.0,"enemies":"Cultist","floor":5.0,"turns":3.0},{"damage":44.0,"enemies":"Gremlin Nob","floor":6.0,"turns":5.0},{"damage":11.0,"enemies":"Small Slimes","floor":8.0,"turns":3.0},{"damage":11.0,"enemies":"Exordium Thugs","floor":10.0,"turns":5.0},{"damage":21.0,"enemies":"Lagavulin","floor":11.0,"turns":5.0},{"damage":10.0,"enemies":"Looter","floor":12.0,"turns":2.0},{"damage":30.0,"enemies":"Gremlin Nob","floor":13.0,"turns":4.0},{"damage":25.0,"enemies":"The Guardian","floor":16.0,"turns":6.0},{"damage":9.0,"enemies":"2 Thieves","floor":18.0,"turns":4.0},{"damage":5.0,"enemies":"Chosen","floor":19.0,"turns":4.0},{"damage":31.0,"enemies":"Book of Stabbing","floor":23.0,"turns":4.0},{"damage":7,"enemies":"Colosseum Slavers","floor":28,"turns":3},{"damage":41,"enemies":"Colosseum Nobs","floor":28,"turns":5},{"damage":19,"enemies":"Slavers","floor":30,"turns":4},{"damage":0,"enemies":"Centurion and Healer","floor":31,"turns":3},{"damage":67,"enemies":"Automaton","floor":33,"turns":8},{"damage":13,"enemies":"3 Darklings","floor":35,"turns":4},{"damage":18,"enemies":"3 Shapes","floor":37,"turns":3},{"damage":10,"enemies":"Maw","floor":41,"turns":6},{"damage":10,"enemies":"Nemesis","floor":46,"turns":3},{"damage":0,"enemies":"Transient","floor":47,"turns":5},{"damage":34,"enemies":"Spire Growth","floor":48,"turns":4},{"damage":99,"enemies":"Awakened One","floor":50,"turns":7}],"seed_played":"7173081702147099450","potions_obtained":[{"floor":6.0,"key":"Strength Potion"},{"floor":8.0,"key":"BloodPotion"},{"floor":11.0,"key":"Fire Potion"},{"floor":19.0,"key":"BloodPotion"},{"floor":23.0,"key":"SteroidPotion"},{"floor":30,"key":"Explosive Potion"},{"floor":46,"key":"Fire Potion"}],"is_trial":false,"path_per_floor":["M","$","?","$","M","E","R","M","T","M","E","M","E","$","R","B",null,"M","M","$","?","?","E","$","R","T","R","?","R","E","M","R","B",null,"M","?","M","$","?","R","M","R","T","R","$","E","M","M","R","B"],"character_chosen":"IRONCLAD","items_purchased":["Headbutt","Flex","Heavy Blade","Red Skull","SteroidPotion","Inflame","Shrug It Off","Headbutt","PreservedInsect","Flex"],"campfire_rested":8,"item_purchase_floors":[2,4,14,14,14,20,20,38,38,45],"current_hp_per_floor":[80,80,72,72,77,53,53,48,48,43,37,33,9,9,37,18,94,91,92,92,92,65,48,48,48,48,65,38,57,60,65,65,8,65,58,50,46,46,46,65,65,65,65,65,65,61,65,41,60,0],"gold":106,"neow_bonus":"ONE_RANDOM_RARE_CARD","is_prod":false,"is_daily":false,"chose_seed":false,"campfire_upgraded":1,"win_rate":0,"timestamp":1552780417,"path_taken":["M","$","?","$","M","E","R","M","T","M","E","M","E","?","R","BOSS","M","M","$","?","?","E","$","R","T","R","?","R","E","?","R","BOSS","M","?","M","$","?","R","M","R","T","R","$","E","M","M","R","BOSS"],"build_version":"2019-01-23","purchased_purges":3,"victory":false,"max_hp_per_floor":[80,80,80,80,80,94,94,94,94,94,94,94,94,94,94,94,94,94,94,94,94,65,65,65,65,65,65,65,65,65,65,65,65,65,65,65,65,65,65,65,65,65,65,65,65,65,65,65,65,65],"card_choices":[{"not_picked":["Havoc","Sentinel"],"picked":"Shrug It Off","floor":1.0},{"not_picked":["Cleave","Armaments"],"picked":"Heavy Blade","floor":5.0},{"not_picked":["Power Through","True Grit"],"picked":"Anger","floor":6.0},{"not_picked":["Uppercut","Pommel Strike"],"picked":"Ghostly Armor","floor":8.0},{"not_picked":["Armaments","Warcry"],"picked":"Clash","floor":10.0},{"not_picked":["Entrench","Clothesline"],"picked":"Perfected Strike","floor":11.0},{"not_picked":["Thunderclap","Evolve"],"picked":"Double Tap","floor":12.0},{"not_picked":["Anger","Dropkick"],"picked":"Battle Trance","floor":13.0},{"not_picked":["Fiend Fire","Barricade"],"picked":"Double Tap","floor":16.0},{"not_picked":["Headbutt","Flex"],"picked":"Twin Strike+1","floor":18.0},{"not_picked":["Warcry+1","Thunderclap"],"picked":"Heavy Blade","floor":19.0},{"not_picked":["Fire Breathing+1","Infernal Blade+1"],"picked":"Berserk","floor":23.0},{"not_picked":["Iron Wave+1","Perfected Strike"],"picked":"Heavy Blade+1","floor":28},{"not_picked":["Clothesline","Reaper"],"picked":"Cleave+1","floor":30},{"not_picked":["Fire Breathing","Cleave","Clash"],"picked":"SKIP","floor":31},{"not_picked":["Impervious","Feed"],"picked":"Limit Break","floor":33},{"not_picked":["Ghostly Armor","Blood for Blood+1"],"picked":"Flex","floor":35},{"not_picked":["Shockwave","True Grit"],"picked":"Twin Strike","floor":37},{"not_picked":["Mayhem","Forethought"],"picked":"Trip","floor":39},{"not_picked":["True Grit","Reckless Charge","Blood for Blood"],"picked":"SKIP","floor":41},{"not_picked":["Thunderclap","Heavy Blade"],"picked":"Sword Boomerang","floor":46},{"not_picked":["Spot Weakness","Dark Embrace+1"],"picked":"Shockwave+1","floor":47},{"not_picked":["Heavy Blade","True Grit"],"picked":"Ghostly Armor+1","floor":48}],"player_experience":140758,"relics_obtained":[{"floor":6.0,"key":"Mango"},{"floor":9.0,"key":"Old Coin"},{"floor":11.0,"key":"Boot"},{"floor":13.0,"key":"Orichalcum"},{"floor":23.0,"key":"Shuriken"},{"floor":26,"key":"Lantern"},{"floor":28,"key":"Champion Belt"},{"floor":28,"key":"Gremlin Horn"},{"floor":30,"key":"Pantograph"},{"floor":46,"key":"Frozen Egg 2"}],"event_choices":[{"damage_healed":0.0,"max_hp_gain":0.0,"max_hp_loss":0.0,"gold_gain":0.0,"event_name":"Wheel of Change","player_choice":"Damaged","floor":3.0,"gold_loss":0.0,"damage_taken":8.0},{"damage_healed":0.0,"max_hp_gain":0.0,"max_hp_loss":0.0,"gold_gain":0.0,"event_name":"Back to Basics","player_choice":"Simplicity","floor":21.0,"gold_loss":0.0,"damage_taken":0.0,"cards_upgraded":["Strike_R","Strike_R","Strike_R","Strike_R","Defend_R","Defend_R","Defend_R","Defend_R"]},{"damage_healed":0.0,"max_hp_gain":0.0,"max_hp_loss":29.0,"gold_gain":0.0,"event_name":"Vampires","player_choice":"Became a vampire","floor":22.0,"gold_loss":0.0,"damage_taken":0.0,"cards_obtained":["Bite","Bite","Bite","Bite","Bite"]},{"damage_healed":0,"gold_gain":0,"player_choice":"Fight","damage_taken":0,"max_hp_gain":0,"max_hp_loss":0,"event_name":"Colosseum","floor":28,"gold_loss":0},{"damage_healed":0,"gold_gain":0,"player_choice":"Fought Nobs","damage_taken":0,"max_hp_gain":0,"max_hp_loss":0,"event_name":"Colosseum","floor":28,"gold_loss":0},{"damage_healed":0,"gold_gain":0,"player_choice":"Embrace Madness","damage_taken":8,"max_hp_gain":0,"max_hp_loss":0,"event_name":"Winding Halls","floor":36,"gold_loss":0,"cards_obtained":["Madness","Madness"]},{"damage_healed":0,"gold_gain":0,"player_choice":"Memory 1","damage_taken":0,"max_hp_gain":0,"max_hp_loss":0,"event_name":"SensoryStone","floor":39,"gold_loss":0}],"is_beta":false,"boss_relics":[{"not_picked":["Tiny House","Calling Bell"],"picked":"Fusion Hammer"},{"not_picked":["Black Blood","Eternal Feather"],"picked":"Runic Dome"}],"items_purged_floors":[20,24,38],"is_endless":false,"potions_floor_spawned":[6,8,11,19,23,30,33,41,46,48],"killed_by":"Awakened One","ascension_level":1}