{"path_per_floor":["M","M","M","M","?","E","$","M","T","M","M","?","R","M","R","B",null,"M","M","?","M","M","R","?","R","T","?","M","E","R","M","R","B",null,"M","M","?","?","?","R","?","R","T","$","E","M","M","M","R","B"],"character_chosen":"DEFECT","items_purchased":["Leap","Self Repair","Capacitor"],"gold_per_floor":[119,130,143,161,161,188,25,44,98,111,129,129,129,148,148,247,247,247,247,247,247,247,247,172,172,172,172,172,172,172,172,172,172,172,172,172,172,172,172,172,172,172,172,118,118,118,118,118,118,118],"floor_reached":51,"campfire_rested":0,"playtime":2395,"current_hp_per_floor":[75,75,74,67,60,48,48,50,50,57,64,64,64,64,64,63,75,75,75,75,72,71,71,71,71,71,71,75,75,75,75,75,52,75,75,61,51,51,51,51,51,51,51,51,52,62,72,63,63,47],"items_purged":["Defend_B"],"gold":118,"score":728,"play_id":"d546c332-eed0-495d-8dc8-69380be0e7ab","local_time":"20180428095844","is_prod":false,"is_daily":false,"chose_seed":false,"is_ascension_mode":false,"campfire_upgraded":6,"timestamp":1524923924,"path_taken":["M","M","M","M","?","E","$","M","T","M","M","?","R","M","R","BOSS","M","M","?","M","M","R","?","R","T","?","?","E","R","?","R","BOSS","M","M","?","?","?","R","?","R","T","?","E","M","?","M","R","BOSS"],"build_version":"2018-04-27v3","seed_source_timestamp":4465154118440363,"purchased_purges":1,"victory":true,"master_deck":["Strike_B","Defend_B","Defend_B","Defend_B","Zap+1","Dualcast","Sweeping Beam","Turbo","Go for the Eyes+1","Auto Shields+1","Reprogram","Leap","Self Repair","Gash+1","White Noise+1","Defragment+1","Leap","Seek","Glacier","Barrage+1","Streamline","Ball Lightning","Skim","Barrage+1","Ball Lightning","Creative AI","Defragment+1","Axe Kick+1","Apotheosis+1","Mind Blast+1","Mind Blast+1","Capacitor","Go for the Eyes","Gash+1","Barrage+1","Gash+1"],"max_hp_per_floor":[75,75,75,75,75,75,75,75,75,75,75,75,75,75,75,75,75,75,75,75,75,75,75,75,75,75,75,75,75,75,75,75,75,75,75,75,75,75,75,75,75,75,75,75,75,75,75,75,75,75],"relics":["Cracked Core","Girya","Whetstone","Ectoplasm","Old Coin","Kunai","Lizard Tail","Happy Flower","Bronze Scales"],"card_choices":[{"not_picked":["Static Discharge","Barrage"],"picked":"Sweeping Beam","floor":1},{"not_picked":["Hologram","Impulse"],"picked":"Turbo","floor":2},{"not_picked":["Ball Lightning","Meteor Strike"],"picked":"Go for the Eyes","floor":3},{"not_picked":["Flux Capacitor","Self Repair"],"picked":"Auto Shields","floor":4},{"not_picked":["Fission","Chill"],"picked":"Reprogram","floor":6},{"not_picked":["Hologram","Static Discharge"],"picked":"Gash","floor":8},{"not_picked":["Hello World","Storm"],"picked":"White Noise","floor":10},{"not_picked":["Glacier","Conserve Battery"],"picked":"Defragment","floor":11},{"not_picked":["Heatsinks","Impulse"],"picked":"Leap","floor":14},{"not_picked":["Nova","Rainbow"],"picked":"Seek","floor":16},{"not_picked":["Coolheaded","Recycle"],"picked":"Glacier","floor":18},{"not_picked":["Skim","Double Energy"],"picked":"Barrage","floor":19},{"not_picked":["Impulse","Flux Capacitor"],"picked":"Streamline","floor":21},{"not_picked":["Melter","Turbo"],"picked":"Ball Lightning","floor":22},{"not_picked":["Blizzard","Self Repair"],"picked":"Skim","floor":28},{"not_picked":["Turbo","Beam Cell"],"picked":"Barrage","floor":29},{"not_picked":["Sweeping Beam","Genetic Algorithm"],"picked":"Ball Lightning","floor":31},{"not_picked":["Thunder Strike","Nova"],"picked":"Creative AI","floor":33},{"not_picked":["Chaos","Axe Kick"],"picked":"Defragment","floor":35},{"not_picked":["Ball Lightning","Cold Snap"],"picked":"Axe Kick","floor":36},{"not_picked":["Dark Shackles","Panache"],"picked":"Apotheosis","floor":37},{"not_picked":["Dramatic Entrance","Bandage Up"],"picked":"Mind Blast","floor":37},{"not_picked":["Rebound","Hello World"],"picked":"Go for the Eyes","floor":45},{"not_picked":["Cold Snap","Coolheaded"],"picked":"Gash","floor":46},{"not_picked":["Streamline","Capacitor"],"picked":"Barrage","floor":47},{"not_picked":["Hologram","Turbo"],"picked":"Gash","floor":48}],"player_experience":23361,"potions_floor_usage":[16,22,29,50,50,50],"damage_taken":[{"damage":0,"enemies":"2 Louse","floor":1,"turns":3},{"damage":0,"enemies":"Small Slimes","floor":2,"turns":3},{"damage":1,"enemies":"Cultist","floor":3,"turns":3},{"damage":7,"enemies":"Blue Slaver","floor":4,"turns":3},{"damage":12,"enemies":"3 Sentries","floor":6,"turns":7},{"damage":5,"enemies":"Looter","floor":8,"turns":3},{"damage":0,"enemies":"Exordium Thugs","floor":10,"turns":5},{"damage":0,"enemies":"2 Fungi Beasts","floor":11,"turns":3},{"damage":0,"enemies":"3 Louse","floor":14,"turns":2},{"damage":8,"enemies":"The Guardian","floor":16,"turns":12},{"damage":6,"enemies":"Shell Parasite","floor":18,"turns":6},{"damage":0,"enemies":"Spheric Guardian","floor":19,"turns":6},{"damage":10,"enemies":"3 Cultists","floor":21,"turns":5},{"damage":8,"enemies":"Chosen and Byrds","floor":22,"turns":6},{"damage":0,"enemies":"Centurion and Healer","floor":28,"turns":5},{"damage":7,"enemies":"Book of Stabbing","floor":29,"turns":5},{"damage":0,"enemies":"Sentry and Sphere","floor":31,"turns":3},{"damage":23,"enemies":"Collector","floor":33,"turns":9},{"damage":0,"enemies":"Orb Walker","floor":35,"turns":3},{"damage":21,"enemies":"3 Darklings","floor":36,"turns":5},{"damage":9,"enemies":"2 Orb Walkers","floor":45,"turns":4},{"damage":0,"enemies":"Flame Bruiser 2 Orb","floor":46,"turns":4},{"damage":0,"enemies":"Maw","floor":47,"turns":6},{"damage":16,"enemies":"Spire Growth","floor":48,"turns":3},{"damage":63,"enemies":"Donu and Deca","floor":50,"turns":9}],"event_choices":[{"event_name":"Golden Wing","player_choice":"Card Removal","floor":5,"damage_taken":0},{"event_name":"Living Wall","player_choice":"Grow","floor":12,"damage_taken":0},{"event_name":"Drug Dealer","player_choice":"Ignored","floor":20,"damage_taken":0},{"event_name":"Beggar","player_choice":"Gave Gold","floor":24,"damage_taken":0},{"event_name":"Golden Shrine","player_choice":"Skipped","floor":27,"damage_taken":0},{"event_name":"SensoryStone","player_choice":"Memory 3","floor":37,"damage_taken":0},{"event_name":"Mysterious Sphere","player_choice":"Ignore","floor":38,"damage_taken":0},{"event_name":"Purifier","player_choice":"One Purge","floor":39,"damage_taken":0},{"event_name":"Duplicator","player_choice":"One dupe","floor":41,"damage_taken":0}],"boss_relics":[{"not_picked":["Snecko Eye","Runic Pyramid"],"picked":"Ectoplasm"},{"not_picked":["White Beast Statue","Velvet Choker"],"picked":"Lizard Tail"}],"potions_floor_spawned":[1,10,11,16,28,29,31,33,35,36,45,46],"seed_played":"8833753518032816028","ascension_level":0,"is_trial":false}