{"gold_per_floor":[114,114,64,79,94,94,124,124,124,124,139,139,169,244,244,344,344,359,359,169,184,199,199,214,214,214,139,63,93,108,123,123,123],"floor_reached":33,"playtime":1857,"items_purged":[],"score":300,"play_id":"84a354bf-7c4f-484f-b46b-32cd6cdb4a70","local_time":"20190304213625","daily_mods":["Chimera","Hoarder","Terminal"],"is_ascension_mode":false,"campfire_choices":[{"data":"Twin Strike","floor":6,"key":"SMITH"},{"data":"Twin Strike","floor":8,"key":"SMITH"},{"data":"Twin Strike","floor":12,"key":"SMITH"},{"data":"Bash","floor":15,"key":"SMITH"},{"data":"Pummel","floor":23,"key":"SMITH"},{"data":"Rampage","floor":25,"key":"SMITH"},{"data":"Rampage","floor":32,"key":"SMITH"}],"neow_cost":"","seed_source_timestamp":0,"circlet_count":0,"master_deck":["Bash+1","Survivor","Strike_R","Strike_G","Strike_B+1","Defend_R","Defend_G","Defend_B","Pummel+1","Pummel","Pummel","Twin Strike+1","Twin Strike+1","Twin Strike+1","Pummel","Pummel","Pummel+1","Shrug It Off","Shrug It Off","Shrug It Off","Impervious","Impervious","Impervious","Rampage","Rampage+1","Rampage+1","Rage","Rage","Carnage","Carnage","Carnage"],"special_seed":17960,"relics":["Burning Blood","Omamori","Whetstone","Magic Flower","Mark of Pain","CultistMask","Blood Vial","Question Card","Orichalcum"],"potions_floor_usage":[16,16,29],"damage_taken":[{"damage":0,"enemies":"Small Slimes","floor":1,"turns":4},{"damage":0,"enemies":"2 Louse","floor":4,"turns":2},{"damage":1,"enemies":"Cultist","floor":5,"turns":3},{"damage":1,"enemies":"Gremlin Nob","floor":7,"turns":3},{"damage":4,"enemies":"Large Slime","floor":11,"turns":4},{"damage":19,"enemies":"Lagavulin","floor":13,"turns":4},{"damage":31,"enemies":"Slime Boss","floor":16,"turns":12},{"damage":4,"enemies":"3 Byrds","floor":18,"turns":5},{"damage":3,"enemies":"2 Thieves","floor":21,"turns":4},{"damage":12,"enemies":"Chosen and Byrds","floor":22,"turns":7},{"damage":0,"enemies":"Centurion and Healer","floor":24,"turns":7},{"damage":34,"enemies":"Book of Stabbing","floor":29,"turns":6},{"damage":0,"enemies":"Shelled Parasite and Fungi","floor":30,"turns":5},{"damage":2,"enemies":"Chosen and Byrds","floor":31,"turns":4},{"damage":55,"enemies":"Automaton","floor":33,"turns":6}],"seed_played":"-7796585460280550823","potions_obtained":[{"floor":1,"key":"Block Potion"},{"floor":7,"key":"LiquidBronze"},{"floor":11,"key":"Strength Potion"},{"floor":16,"key":"Regen Potion"},{"floor":29,"key":"SkillPotion"},{"floor":30,"key":"Fire Potion"},{"floor":31,"key":"Regen Potion"}],"is_trial":false,"path_per_floor":["M","?","?","M","M","R","E","R","T","?","M","R","E","?","R","B",null,"M","?","$","M","M","R","M","R","T","?","$","E","M","M","R","B"],"character_chosen":"IRONCLAD","items_purchased":["Rampage","Blood Vial","Carnage"],"campfire_rested":0,"item_purchase_floors":[20,20,28],"current_hp_per_floor":[78,77,76,75,74,73,72,71,70,69,68,67,54,43,43,21,62,61,60,59,58,55,55,55,54,53,52,51,26,38,48,47,0],"gold":123,"neow_bonus":"","is_prod":false,"is_daily":true,"chose_seed":false,"campfire_upgraded":7,"win_rate":0,"timestamp":1551756985,"path_taken":["M","?","?","M","M","R","E","R","T","?","M","R","E","?","R","BOSS","M","?","$","M","M","R","?","R","T","?","$","E","M","M","R","BOSS"],"build_version":"2019-01-23","purchased_purges":0,"victory":false,"max_hp_per_floor":[78,77,76,75,74,73,72,71,70,69,68,67,66,65,64,63,62,61,60,59,58,57,56,55,54,53,52,51,50,49,48,47,47],"card_choices":[{"not_picked":["Heavy Blade","Clothesline"],"picked":"Pummel","floor":1},{"not_picked":["Ghostly Armor","Rupture"],"picked":"Twin Strike","floor":4},{"not_picked":["Armaments","Pommel Strike","Anger"],"picked":"SKIP","floor":5},{"not_picked":["Headbutt","Entrench","Second Wind"],"picked":"SKIP","floor":7},{"not_picked":["True Grit","Ghostly Armor"],"picked":"Pummel","floor":11},{"not_picked":["Blood for Blood","True Grit"],"picked":"Shrug It Off","floor":13},{"not_picked":["Exhume","Fiend Fire"],"picked":"Impervious","floor":16},{"not_picked":["Clothesline","Blood for Blood","Sword Boomerang"],"picked":"SKIP","floor":18},{"not_picked":["Pommel Strike","Wild Strike"],"picked":"Rage","floor":21},{"not_picked":["Metallicize","Thunderclap","Corruption"],"picked":"SKIP","floor":22},{"not_picked":["Thunderclap","Feel No Pain+1","Fire Breathing"],"picked":"SKIP","floor":24},{"not_picked":["Dark Embrace","Anger","Power Through+1","Pommel Strike"],"picked":"SKIP","floor":29},{"not_picked":["Evolve","Burning Pact","Cleave","Clash"],"picked":"SKIP","floor":30},{"not_picked":["Heavy Blade","Anger","Pommel Strike","Warcry"],"picked":"SKIP","floor":31}],"player_experience":90778,"relics_obtained":[{"floor":7,"key":"Omamori"},{"floor":9,"key":"Whetstone"},{"floor":13,"key":"Magic Flower"},{"floor":26,"key":"Question Card"},{"floor":29,"key":"Orichalcum"}],"event_choices":[{"damage_healed":0,"gold_gain":0,"player_choice":"Ignored","damage_taken":0,"max_hp_gain":0,"max_hp_loss":0,"event_name":"Liars Game","floor":2,"gold_loss":0},{"cards_removed":["Zap"],"damage_healed":0,"gold_gain":0,"player_choice":"Card Removal","damage_taken":0,"max_hp_gain":0,"max_hp_loss":0,"event_name":"The Cleric","floor":3,"gold_loss":50},{"damage_healed":0,"gold_gain":0,"player_choice":"Fled","damage_taken":0,"max_hp_gain":0,"max_hp_loss":0,"event_name":"Scrap Ooze","floor":10,"gold_loss":0},{"damage_healed":0,"gold_gain":75,"player_choice":"Gather Gold","damage_taken":11,"max_hp_gain":0,"max_hp_loss":0,"event_name":"World of Goop","floor":14,"gold_loss":0},{"damage_healed":0,"gold_gain":0,"player_choice":"Trade","damage_taken":0,"relics_obtained":["CultistMask"],"max_hp_gain":0,"max_hp_loss":0,"event_name":"FaceTrader","floor":19,"gold_loss":0},{"cards_removed":["Rage"],"damage_healed":0,"gold_gain":0,"player_choice":"Gave Gold","damage_taken":0,"max_hp_gain":0,"max_hp_loss":0,"event_name":"Beggar","floor":27,"gold_loss":75}],"is_beta":false,"boss_relics":[{"not_picked":["Coffee Dripper","Empty Cage"],"picked":"Mark of Pain"}],"items_purged_floors":[],"is_endless":false,"potions_floor_spawned":[1,7,11,16,29,30,31],"killed_by":"Automaton","ascension_level":0}