{"gold_per_floor":[110,110,110,110,130,173,198,232,232,268,284,302,346,346,346,346],"floor_reached":16,"playtime":1251,"items_purged":[],"score":137,"play_id":"55b9fe77-f12e-4802-8bd3-b5f36ba7b9d6","local_time":"20180912012812","is_ascension_mode":true,"campfire_choices":[{"floor":15,"key":"REST"}],"neow_cost":"NONE","seed_source_timestamp":270232605714634,"circlet_count":0,"master_deck":["Strike_R+1","Strike_R","Strike_R","Strike_R","Strike_R","Defend_R","Defend_R","Defend_R","Defend_R","Bash","Cleave","Flex","Shockwave","Thunderclap","Dual Wield","Disarm","Anger","Shrug It Off","Armaments"],"relics":["Burning Blood","Omamori","Golden Idol","Orichalcum","Darkstone Periapt","Lantern","Centennial Puzzle","Blood Vial"],"potions_floor_usage":[7,7,10],"damage_taken":[{"damage":0,"enemies":"2 Louse","floor":1,"turns":3},{"damage":1,"enemies":"Cultist","floor":5,"turns":3},{"damage":49,"enemies":"Lagavulin","floor":6,"turns":6},{"damage":4,"enemies":"Jaw Worm","floor":7,"turns":3},{"damage":22,"enemies":"3 Sentries","floor":8,"turns":6},{"damage":22,"enemies":"Lagavulin","floor":10,"turns":6},{"damage":0,"enemies":"3 Louse","floor":11,"turns":2},{"damage":2,"enemies":"Looter","floor":12,"turns":3},{"damage":4,"enemies":"3 Sentries","floor":13,"turns":7},{"damage":47,"enemies":"Slime Boss","floor":16,"turns":8}],"seed_played":"-2550297025550229461","potions_obtained":[{"floor":5,"key":"Dexterity Potion"},{"floor":6,"key":"AttackPotion"},{"floor":8,"key":"Explosive Potion"}],"is_trial":false,"path_per_floor":["M","?","?","?","M","E","M","E","T","E","M","M","E","?","R"],"character_chosen":"IRONCLAD","items_purchased":[],"campfire_rested":1,"item_purchase_floors":[],"current_hp_per_floor":[80,80,80,80,80,37,39,23,23,7,13,17,19,19,43,0],"gold":346,"neow_bonus":"RANDOM_COMMON_RELIC","is_prod":false,"is_daily":false,"chose_seed":false,"campfire_upgraded":0,"win_rate":0,"timestamp":1536730092,"path_taken":["M","?","?","?","?","E","M","E","T","E","M","M","E","?","R","BOSS"],"build_version":"2018-09-06","purchased_purges":0,"victory":false,"max_hp_per_floor":[80,80,80,80,80,80,80,80,80,80,80,80,80,80,80,80],"card_choices":[{"not_picked":["Flex","Shrug It Off"],"picked":"Cleave","floor":1},{"not_picked":["Cleave","Warcry"],"picked":"Flex","floor":5},{"not_picked":["Clothesline","Power Through"],"picked":"Shockwave","floor":6},{"not_picked":["Clash","Body Slam"],"picked":"Thunderclap","floor":7},{"not_picked":["Spot Weakness","Seeing Red"],"picked":"Dual Wield","floor":8},{"not_picked":["Rage","Fire Breathing"],"picked":"Disarm","floor":10},{"not_picked":["Fiend Fire","Spot Weakness"],"picked":"Anger","floor":11},{"not_picked":["True Grit","Disarm"],"picked":"Shrug It Off","floor":12},{"not_picked":["Clash","Barricade"],"picked":"Armaments","floor":13}],"player_experience":65077,"relics_obtained":[{"floor":6,"key":"Orichalcum"},{"floor":8,"key":"Darkstone Periapt"},{"floor":9,"key":"Lantern"},{"floor":10,"key":"Centennial Puzzle"},{"floor":13,"key":"Blood Vial"}],"event_choices":[{"event_name":"Upgrade Shrine","player_choice":"Upgraded","floor":2,"damage_taken":0},{"event_name":"Golden Idol","player_choice":"Take Wound","floor":3,"damage_taken":0},{"event_name":"Purifier","player_choice":"Skipped","floor":4,"damage_taken":0},{"event_name":"Dead Adventurer","player_choice":"Searched \u00270\u0027 times","floor":14,"damage_taken":0}],"is_beta":false,"boss_relics":[],"items_purged_floors":[],"is_endless":false,"potions_floor_spawned":[5,6,8],"killed_by":"Slime Boss","ascension_level":1}