{"gold_per_floor":[114,128,128,128,53,79,79,107,134,166,179,179,179,198,198,319,319,340,364,389,389,15,53,72,112,135,235,235,251,289,302,302,430,430,450,464,479,479,15,58,70,118,179,232,244,275,287,323,335,347],"floor_reached":51,"playtime":3305,"items_purged":["Strike_R","Strike_R"],"score":1461,"play_id":"16c2e369-1cbe-494d-8f1d-31186450ebd1","local_time":"20190507193328","is_ascension_mode":true,"campfire_choices":[{"data":"Uppercut","floor":7.0,"key":"SMITH"},{"data":"Heavy Blade","floor":13.0,"key":"SMITH"},{"data":"Whirlwind","floor":15.0,"key":"SMITH"},{"data":"True Grit","floor":28.0,"key":"SMITH"},{"data":"Corruption","floor":32.0,"key":"SMITH"},{"floor":41.0,"key":"REST"},{"data":"Battle Trance","floor":45.0,"key":"SMITH"},{"data":"Limit Break","floor":47.0,"key":"SMITH"},{"floor":49.0,"key":"REST"}],"neow_cost":"NONE","seed_source_timestamp":262286703393125,"circlet_count":0,"master_deck":["Defend_R","Defend_R","Defend_R","Defend_R","Bash+1","Uppercut+1","Corruption+1","Whirlwind+1","Wild Strike","Heavy Blade+1","Impervious","Limit Break+1","Metallicize","Intimidate+1","Iron Wave+1","RitualDagger","Limit Break","Flex","True Grit+1","Spot Weakness","Inflame+1","Inflame+1","Feed","Feed+1","True Grit+1","Impervious+1","Sword Boomerang+1","Battle Trance+1","Exhume","Armaments+1","Havoc+1","Rupture+1","Juggernaut+1","Seeing Red+1","Inflame+1","Clothesline+1"],"special_seed":0,"relics":["Burning Blood","NeowsBlessing","Nunchaku","Incense Burner","Dream Catcher","Bag of Marbles","Anchor","PreservedInsect","Golden Idol","Snecko Eye","DollysMirror","Oddly Smooth Stone","Smiling Mask","Charon\u0027s Ashes","Red Skull","Ancient Tea Set","Astrolabe","Frozen Egg 2","MawBank","Mummified Hand","Whetstone","Omamori"],"potions_floor_usage":[50,50],"damage_taken":[{"damage":0.0,"enemies":"Cultist","floor":1.0,"turns":1.0},{"damage":0.0,"enemies":"Small Slimes","floor":2.0,"turns":1.0},{"damage":0.0,"enemies":"Gremlin Nob","floor":6.0,"turns":1.0},{"damage":36.0,"enemies":"3 Sentries","floor":8.0,"turns":7.0},{"damage":12.0,"enemies":"Gremlin Nob","floor":10.0,"turns":4.0},{"damage":0.0,"enemies":"Jaw Worm","floor":11.0,"turns":2.0},{"damage":0.0,"enemies":"Looter","floor":14.0,"turns":2.0},{"damage":0.0,"enemies":"Slime Boss","floor":16.0,"turns":9.0},{"damage":0.0,"enemies":"2 Thieves","floor":18.0,"turns":3.0},{"damage":0.0,"enemies":"Spheric Guardian","floor":19.0,"turns":2.0},{"damage":0.0,"enemies":"Chosen and Byrds","floor":20.0,"turns":5.0},{"damage":0.0,"enemies":"Slavers","floor":23.0,"turns":1.0},{"damage":25.0,"enemies":"Centurion and Healer","floor":24.0,"turns":6.0},{"damage":20.0,"enemies":"Gremlin Leader","floor":25.0,"turns":5.0},{"damage":14.0,"enemies":"Snake Plant","floor":29.0,"turns":4.0},{"damage":0.0,"enemies":"Book of Stabbing","floor":30.0,"turns":3.0},{"damage":0.0,"enemies":"Cultist and Chosen","floor":31.0,"turns":4.0},{"damage":0.0,"enemies":"Collector","floor":33.0,"turns":5.0},{"damage":19.0,"enemies":"3 Darklings","floor":35.0,"turns":5.0},{"damage":12.0,"enemies":"Orb Walker","floor":36.0,"turns":3.0},{"damage":0.0,"enemies":"Maw","floor":37.0,"turns":4.0},{"damage":47.0,"enemies":"Giant Head","floor":40.0,"turns":6.0},{"damage":0.0,"enemies":"Reptomancer","floor":42.0,"turns":3.0},{"damage":26.0,"enemies":"Nemesis","floor":44.0,"turns":5.0},{"damage":0.0,"enemies":"Transient","floor":46.0,"turns":5.0},{"damage":2.0,"enemies":"Spire Growth","floor":48.0,"turns":3.0},{"damage":24,"enemies":"Donu and Deca","floor":50,"turns":4}],"seed_played":"859521926768960023","potions_obtained":[{"floor":1.0,"key":"Regen Potion"},{"floor":8.0,"key":"SkillPotion"},{"floor":11.0,"key":"Strength Potion"},{"floor":16.0,"key":"Fire Potion"},{"floor":20.0,"key":"Explosive Potion"},{"floor":25.0,"key":"SpeedPotion"},{"floor":29.0,"key":"SkillPotion"},{"floor":31.0,"key":"EssenceOfSteel"},{"floor":33.0,"key":"Weak Potion"},{"floor":35.0,"key":"Swift Potion"},{"floor":36.0,"key":"EssenceOfSteel"},{"floor":46.0,"key":"Swift Potion"},{"floor":48.0,"key":"SteroidPotion"}],"is_trial":false,"path_per_floor":["M","M","T","?","$","E","R","E","T","E","M","?","R","M","R","B",null,"M","M","M","?","$","E","M","E","T","?","R","M","E","M","R","B",null,"M","M","M","?","$","E","R","E","T","E","R","M","R","M","R","B",null],"character_chosen":"IRONCLAD","items_purchased":["DollysMirror","Oddly Smooth Stone","Flex","Frozen Egg 2","Exhume"],"campfire_rested":2,"item_purchase_floors":[22,22,22,39,39],"current_hp_per_floor":[78,80,80,80,80,80,80,50,50,44,50,30,30,36,36,42,71,77,80,80,74,74,80,61,47,47,47,47,39,45,51,51,57,74,61,59,65,65,65,28,53,59,59,42,42,48,48,56,83,68],"gold":359,"neow_bonus":"THREE_ENEMY_KILL","is_prod":false,"is_daily":false,"chose_seed":false,"campfire_upgraded":7,"win_rate":0,"timestamp":1557272008,"path_taken":["M","M","?","?","$","E","R","E","T","E","?","?","R","M","R","BOSS","M","M","M","?","$","E","M","E","T","?","R","?","E","M","R","BOSS","M","M","M","?","$","E","R","E","T","E","R","M","R","M","R","BOSS"],"build_version":"2019-01-23","purchased_purges":2,"victory":true,"max_hp_per_floor":[80,80,80,80,80,80,80,80,80,80,80,80,80,80,80,80,80,80,80,80,80,80,80,80,80,80,80,80,80,80,80,80,80,80,80,84,84,80,80,84,84,84,84,87,87,87,87,91,91,94],"card_choices":[{"not_picked":["Pommel Strike","Wild Strike"],"picked":"Uppercut","floor":1.0},{"not_picked":["Shockwave","Anger"],"picked":"Corruption","floor":2.0},{"not_picked":["Warcry","Anger"],"picked":"Whirlwind","floor":6.0},{"not_picked":["Cleave","Clothesline"],"picked":"Wild Strike","floor":8.0},{"not_picked":["True Grit","Twin Strike"],"picked":"Heavy Blade","floor":10.0},{"not_picked":["Sword Boomerang","Combust"],"picked":"Impervious","floor":11.0},{"not_picked":["Ghostly Armor","Havoc","Wild Strike"],"picked":"SKIP","floor":14.0},{"not_picked":["Exhume","Juggernaut"],"picked":"Limit Break","floor":16.0},{"not_picked":["Fire Breathing","Clothesline"],"picked":"Metallicize","floor":18.0},{"not_picked":["Sword Boomerang+1","Corruption"],"picked":"Intimidate+1","floor":19.0},{"not_picked":["Second Wind","Body Slam"],"picked":"Iron Wave","floor":20.0},{"not_picked":["Intimidate","Offering","Reckless Charge"],"picked":"SKIP","floor":23.0},{"not_picked":["Clash","Sentinel+1"],"picked":"True Grit","floor":24.0},{"not_picked":["Anger+1","Sword Boomerang"],"picked":"Spot Weakness","floor":25.0},{"not_picked":["Havoc","Clash","Wild Strike"],"picked":"SKIP","floor":29.0},{"not_picked":["Rampage+1","Shockwave"],"picked":"Inflame+1","floor":30.0},{"not_picked":["Havoc","Hemokinesis"],"picked":"Inflame+1","floor":31.0},{"not_picked":["Juggernaut","Berserk"],"picked":"Feed","floor":33.0},{"not_picked":["True Grit","Infernal Blade+1"],"picked":"Sword Boomerang+1","floor":35.0},{"not_picked":["Shockwave","Fire Breathing+1"],"picked":"Battle Trance","floor":36.0},{"not_picked":["Body Slam","Sentinel","Havoc"],"picked":"SKIP","floor":37.0},{"not_picked":["Entrench","Feel No Pain+1"],"picked":"Armaments+1","floor":40.0},{"not_picked":["Armaments","Fiend Fire"],"picked":"Havoc+1","floor":41.0},{"not_picked":["Blood for Blood","Second Wind"],"picked":"Rupture+1","floor":42.0},{"not_picked":["Ghostly Armor+1","Reaper"],"picked":"Juggernaut+1","floor":44.0},{"not_picked":["Sword Boomerang","Rage"],"picked":"Seeing Red+1","floor":46.0},{"not_picked":["Thunderclap","Pommel Strike"],"picked":"Inflame+1","floor":48.0},{"not_picked":["Flex","Thunderclap+1"],"picked":"Clothesline+1","floor":49.0}],"player_experience":407337,"relics_obtained":[{"floor":3.0,"key":"Nunchaku"},{"floor":6.0,"key":"Dream Catcher"},{"floor":8.0,"key":"Bag of Marbles"},{"floor":9.0,"key":"Anchor"},{"floor":10.0,"key":"PreservedInsect"},{"floor":23.0,"key":"Smiling Mask"},{"floor":25.0,"key":"Charon\u0027s Ashes"},{"floor":26.0,"key":"Red Skull"},{"floor":30.0,"key":"Ancient Tea Set"},{"floor":40.0,"key":"MawBank"},{"floor":42.0,"key":"Mummified Hand"},{"floor":43.0,"key":"Whetstone"},{"floor":44.0,"key":"Omamori"}],"event_choices":[{"damage_healed":0.0,"max_hp_gain":0.0,"max_hp_loss":0.0,"gold_gain":0.0,"event_name":"WeMeetAgain","player_choice":"Gave Potion","floor":4.0,"gold_loss":0.0,"damage_taken":0.0,"relics_obtained":["Incense Burner"]},{"damage_healed":0.0,"max_hp_gain":0.0,"max_hp_loss":0.0,"gold_gain":0.0,"event_name":"Golden Idol","player_choice":"Take Damage","floor":12.0,"gold_loss":0.0,"damage_taken":20.0,"relics_obtained":["Golden Idol"]},{"damage_healed":0.0,"max_hp_gain":0.0,"max_hp_loss":0.0,"gold_gain":0.0,"event_name":"Nest","player_choice":"Joined the Cult","floor":21.0,"gold_loss":0.0,"damage_taken":6.0,"cards_obtained":["RitualDagger"]},{"damage_healed":0.0,"max_hp_gain":0.0,"max_hp_loss":0.0,"gold_gain":100.0,"event_name":"Golden Shrine","player_choice":"Pray","floor":27.0,"gold_loss":0.0,"damage_taken":0.0},{"damage_healed":0.0,"max_hp_gain":0.0,"max_hp_loss":4.0,"gold_gain":0.0,"event_name":"Winding Halls","player_choice":"Max HP","floor":38.0,"gold_loss":0.0,"damage_taken":0.0}],"is_beta":false,"boss_relics":[{"not_picked":["Lizard Tail","Tiny House"],"picked":"Snecko Eye"},{"not_picked":["Orrery","Black Star"],"picked":"Astrolabe"}],"items_purged_floors":[5,39],"is_endless":false,"potions_floor_spawned":[1,8,11,16,20,25,29,31,33,35,36,40,46,48],"ascension_level":8}