{"gold_per_floor":[113,113,113,413,424,424,452,452,531,548,566,586,604,639,639,735,735,746,762,327,327,337,367,367,367,394,394,427,427,445,445,445,445],"floor_reached":33,"playtime":3394,"items_purged":["Regret"],"score":320,"play_id":"acda5a31-b315-47e5-aa3e-c2d637cffeec","local_time":"20190407222321","is_ascension_mode":false,"campfire_choices":[{"data":"Rampage","floor":6,"key":"SMITH"},{"data":"Evolve","floor":8,"key":"SMITH"},{"data":"Rampage","floor":15,"key":"SMITH"},{"data":"Shockwave","floor":24,"key":"SMITH"},{"data":"Armaments","floor":27,"key":"SMITH"},{"data":"Pommel Strike","floor":32,"key":"SMITH"}],"neow_cost":"NONE","seed_source_timestamp":2882081470744425,"circlet_count":0,"master_deck":["Defend_R+1","Defend_R","Defend_R+1","Defend_R","Bash","Flex","Rampage+1","Pummel","Evolve+1","Headbutt","Rampage+1","Shrug It Off","Headbutt","Iron Wave+1","Pommel Strike","Shockwave+1","Bite","Bite","Bite","Bite","Bite","Armaments+1","Rage+1","Pommel Strike+1"],"relics":["Burning Blood","Anchor","Old Coin","Vajra","Bottled Tornado","Torii","Runic Pyramid","Meat on the Bone","Letter Opener","Potion Belt","Orichalcum","Bronze Scales","NlothsMask"],"potions_floor_usage":[10,16,18,28,33],"damage_taken":[{"damage":15,"enemies":"Jaw Worm","floor":1,"turns":4},{"damage":3,"enemies":"Cultist","floor":5,"turns":3},{"damage":25,"enemies":"Gremlin Nob","floor":7,"turns":4},{"damage":3,"enemies":"Small Slimes","floor":10,"turns":4},{"damage":4,"enemies":"Blue Slaver","floor":11,"turns":4},{"damage":2,"enemies":"Red Slaver","floor":12,"turns":3},{"damage":0,"enemies":"Exordium Wildlife","floor":13,"turns":2},{"damage":28,"enemies":"3 Sentries","floor":14,"turns":6},{"damage":24,"enemies":"Hexaghost","floor":16,"turns":8},{"damage":15,"enemies":"Spheric Guardian","floor":18,"turns":4},{"damage":3,"enemies":"Chosen","floor":19,"turns":4},{"damage":39,"enemies":"Shelled Parasite and Fungi","floor":22,"turns":7},{"damage":44,"enemies":"Book of Stabbing","floor":23,"turns":8},{"damage":23,"enemies":"Slavers","floor":28,"turns":6},{"damage":2,"enemies":"3 Cultists","floor":30,"turns":5},{"damage":76,"enemies":"Automaton","floor":33,"turns":12}],"seed_played":"-4807932528438364034","potions_obtained":[{"floor":1,"key":"Swift Potion"},{"floor":7,"key":"Fruit Juice"},{"floor":13,"key":"Poison Potion"},{"floor":16,"key":"Energy Potion"},{"floor":18,"key":"Dexterity Potion"},{"floor":19,"key":"Poison Potion"}],"is_trial":false,"path_per_floor":["M","?","?","?","M","R","E","R","T","M","M","M","M","E","R","B",null,"M","M","$","?","M","E","R","?","T","R","E","?","M","?","R","B"],"character_chosen":"IRONCLAD","items_purchased":["Pommel Strike","Shockwave","Meat on the Bone"],"campfire_rested":0,"item_purchase_floors":[20,20,20],"current_hp_per_floor":[71,71,55,48,51,51,32,32,32,40,42,46,52,30,30,12,85,76,79,79,59,46,36,36,36,36,36,41,41,53,53,53,0],"gold":445,"neow_bonus":"THREE_CARDS","is_prod":false,"is_daily":false,"chose_seed":false,"campfire_upgraded":6,"win_rate":0.0,"timestamp":1554690201,"path_taken":["M","?","?","?","M","R","E","R","T","M","?","M","M","E","R","BOSS","M","M","$","?","M","E","R","?","T","R","E","?","?","?","R","BOSS"],"build_version":"2019-01-23","purchased_purges":1,"victory":false,"max_hp_per_floor":[80,80,80,80,80,80,80,80,80,85,85,85,85,85,85,85,85,85,85,85,59,59,59,59,59,59,59,59,59,59,59,59,59],"card_choices":[{"not_picked":["Perfected Strike","Ghostly Armor"],"picked":"Flex","floor":0},{"not_picked":["Feel No Pain","Clash"],"picked":"Rampage","floor":1},{"not_picked":["Flex","Burning Pact"],"picked":"Pummel","floor":5},{"not_picked":["Body Slam","Heavy Blade"],"picked":"Evolve","floor":7},{"not_picked":["Dual Wield","Pummel"],"picked":"Headbutt","floor":10},{"not_picked":["Perfected Strike","True Grit"],"picked":"Rampage","floor":11},{"not_picked":["Seeing Red","Armaments","Thunderclap"],"picked":"SKIP","floor":12},{"not_picked":["Seeing Red","Armaments","Thunderclap"],"picked":"SKIP","floor":12},{"not_picked":["Carnage","Reckless Charge"],"picked":"Shrug It Off","floor":13},{"not_picked":["Spot Weakness","Clothesline"],"picked":"Headbutt","floor":14},{"not_picked":["Sword Boomerang","Carnage","Hemokinesis+1"],"picked":"SKIP","floor":18},{"not_picked":["Inflame","Perfected Strike"],"picked":"Iron Wave+1","floor":19},{"not_picked":["Clash","Disarm"],"picked":"Armaments","floor":22},{"not_picked":["Body Slam","Spot Weakness"],"picked":"Rage+1","floor":23},{"not_picked":["Reckless Charge","True Grit","Dual Wield"],"picked":"SKIP","floor":28},{"not_picked":["Dual Wield","Cleave","Anger+1"],"picked":"SKIP","floor":30}],"player_experience":33855,"relics_obtained":[{"floor":7,"key":"Vajra"},{"floor":9,"key":"Bottled Tornado"},{"floor":14,"key":"Torii"},{"floor":23,"key":"Letter Opener"},{"floor":26,"key":"Orichalcum"},{"floor":28,"key":"Bronze Scales"}],"event_choices":[{"damage_healed":0,"gold_gain":0,"player_choice":"Box","damage_taken":0,"relics_obtained":["Anchor"],"max_hp_gain":0,"max_hp_loss":0,"event_name":"Big Fish","floor":2,"gold_loss":0,"cards_obtained":["Regret"]},{"damage_healed":0,"gold_gain":0,"player_choice":"Entered Light","damage_taken":16,"max_hp_gain":0,"max_hp_loss":0,"event_name":"Shining Light","floor":3,"gold_loss":0,"cards_upgraded":["Defend_R","Defend_R"]},{"damage_healed":0,"gold_gain":0,"player_choice":"Success","damage_taken":7,"relics_obtained":["Old Coin"],"max_hp_gain":0,"max_hp_loss":0,"event_name":"Scrap Ooze","floor":4,"gold_loss":0},{"damage_healed":0,"gold_gain":0,"player_choice":"Became a vampire","damage_taken":0,"max_hp_gain":0,"max_hp_loss":26,"event_name":"Vampires","floor":21,"gold_loss":0,"cards_obtained":["Bite","Bite","Bite","Bite","Bite"]},{"damage_healed":0,"gold_gain":0,"player_choice":"Opened","damage_taken":0,"relics_obtained":["Potion Belt"],"max_hp_gain":0,"max_hp_loss":0,"event_name":"The Mausoleum","floor":25,"gold_loss":0},{"damage_healed":0,"gold_gain":0,"player_choice":"Trade","damage_taken":0,"relics_obtained":["NlothsMask"],"max_hp_gain":0,"max_hp_loss":0,"event_name":"FaceTrader","floor":29,"gold_loss":0},{"damage_healed":0,"gold_gain":0,"player_choice":"Read","damage_taken":0,"max_hp_gain":0,"max_hp_loss":0,"event_name":"The Library","floor":31,"gold_loss":0,"cards_obtained":["Pommel Strike"]}],"is_beta":false,"boss_relics":[{"not_picked":["Coffee Dripper","Cursed Key"],"picked":"Runic Pyramid"}],"items_purged_floors":[20],"is_endless":false,"potions_floor_spawned":[1,7,13,16,18,19],"killed_by":"Automaton","ascension_level":0}