{"gold_per_floor":[360,360,376,376,125,136,166,166,166,178,178,189,202,220,220,322,322,339,339,351,351],"floor_reached":21,"playtime":1730,"items_purged":[],"score":293,"play_id":"fba18f6a-3f1b-4660-a52c-17b4894127a0","local_time":"20190503012450","is_ascension_mode":true,"campfire_choices":[{"data":"Neutralize","floor":8,"key":"SMITH"},{"data":"Neutralize","floor":11,"key":"SMITH"},{"data":"Infinite Blades","floor":15,"key":"SMITH"}],"neow_cost":"TEN_PERCENT_HP_LOSS","seed_source_timestamp":5054624521646279,"circlet_count":0,"master_deck":["AscendersBane","Defend_G","Defend_G","Defend_G","Defend_G","Defend_G","Strike_G","Strike_G","Strike_G","Strike_G","Strike_G","Survivor","Neutralize+1","Escape Plan","Neutralize+1","Noxious Fumes","Backstab","Bouncing Flask","Dash","Backflip","Infinite Blades+1","A Thousand Cuts","Catalyst","J.A.X."],"relics":["Ring of the Snake","Shuriken","Matryoshka","Pantograph","Pen Nib","Bottled Lightning","Busted Crown"],"potions_floor_usage":[7,7,16],"damage_taken":[{"damage":0,"enemies":"2 Louse","floor":1,"turns":3},{"damage":0,"enemies":"Cultist","floor":3,"turns":5},{"damage":0,"enemies":"Jaw Worm","floor":6,"turns":6},{"damage":22,"enemies":"Lagavulin","floor":7,"turns":6},{"damage":0,"enemies":"2 Fungi Beasts","floor":10,"turns":3},{"damage":5,"enemies":"3 Louse","floor":12,"turns":4},{"damage":0,"enemies":"Exordium Wildlife","floor":13,"turns":3},{"damage":5,"enemies":"Red Slaver","floor":14,"turns":4},{"damage":35,"enemies":"The Guardian","floor":16,"turns":9},{"damage":7,"enemies":"3 Byrds","floor":18,"turns":5},{"damage":33,"enemies":"Shell Parasite","floor":20,"turns":6},{"damage":6,"enemies":"3 Cultists","floor":21,"turns":3}],"seed_played":"-3295748184107349591","potions_obtained":[{"floor":3,"key":"AttackPotion"},{"floor":6,"key":"Dexterity Potion"},{"floor":7,"key":"Regen Potion"},{"floor":20,"key":"Dexterity Potion"}],"is_trial":false,"path_per_floor":["M","?","M","T","$","M","E","R","T","M","R","M","M","M","R","B",null,"M","?","M","M"],"character_chosen":"THE_SILENT","items_purchased":["Matryoshka"],"campfire_rested":0,"item_purchase_floors":[5],"current_hp_per_floor":[63,63,63,63,63,63,41,41,41,41,41,36,36,31,31,34,56,49,49,16,10],"gold":351,"neow_bonus":"TWO_FIFTY_GOLD","is_prod":false,"is_daily":false,"chose_seed":false,"campfire_upgraded":3,"win_rate":0,"timestamp":1556861090,"path_taken":["M","?","?","?","$","M","E","R","T","M","R","M","M","M","R","BOSS","M","?","M","M"],"build_version":"2019-01-23","purchased_purges":0,"victory":false,"max_hp_per_floor":[63,63,63,63,63,63,63,63,63,63,63,63,63,63,63,63,63,63,63,63,63],"card_choices":[{"not_picked":["Outmaneuver","Deflect"],"picked":"Escape Plan","floor":1},{"not_picked":["Prepared","Quick Slash"],"picked":"Noxious Fumes","floor":3},{"not_picked":["Setup","Expertise"],"picked":"Backstab","floor":6},{"not_picked":["Flying Knee","Accuracy"],"picked":"Bouncing Flask","floor":7},{"not_picked":["Dodge and Roll","Dagger Throw"],"picked":"Dash","floor":10},{"not_picked":["Acrobatics","Bouncing Flask","Sucker Punch"],"picked":"SKIP","floor":12},{"not_picked":["Dagger Throw","Blur"],"picked":"Backflip","floor":13},{"not_picked":["Calculated Gamble","Flying Knee"],"picked":"Infinite Blades","floor":14},{"not_picked":["Doppelganger","Bullet Time"],"picked":"A Thousand Cuts","floor":16},{"not_picked":[],"picked":"Catalyst","floor":18},{"not_picked":["Underhanded Strike"],"picked":"SKIP","floor":20}],"player_experience":259158,"relics_obtained":[{"floor":4,"key":"Shuriken"},{"floor":7,"key":"Pantograph"},{"floor":9,"key":"Pen Nib"},{"floor":9,"key":"Bottled Lightning"}],"event_choices":[{"damage_healed":0,"gold_gain":0,"player_choice":"1 cards matched","damage_taken":0,"max_hp_gain":0,"max_hp_loss":0,"event_name":"Match and Keep!","floor":2,"gold_loss":0,"cards_obtained":["Neutralize"]},{"damage_healed":0,"gold_gain":0,"player_choice":"Obtain J.A.X.","damage_taken":0,"max_hp_gain":0,"max_hp_loss":0,"event_name":"Drug Dealer","floor":19,"gold_loss":0,"cards_obtained":["J.A.X."]}],"is_beta":false,"boss_relics":[{"not_picked":["WristBlade","Snecko Eye"],"picked":"Busted Crown"}],"items_purged_floors":[],"is_endless":false,"potions_floor_spawned":[3,6,7,20],"killed_by":"3 Cultists","ascension_level":12}