{"gold_per_floor":[216,216,235,3,13,13,188,188,188,138,138,153,172,206,206,308,308,320,330,330,35,52,52,71,88,88,88,102,102,102,132,132,229,229,247,322,338,65,85,85,117,0,0,17,17,32,32,132,132,132],"floor_reached":51,"playtime":3868,"items_purged":["Strike_G","Strike_G"],"score":982,"play_id":"023336b1-5e50-4136-a8f1-848f46cda475","local_time":"20190324132241","is_ascension_mode":true,"campfire_choices":[{"data":"Sucker Punch","floor":6,"key":"SMITH"},{"data":"Noxious Fumes","floor":8,"key":"SMITH"},{"data":"PiercingWail","floor":15,"key":"SMITH"},{"floor":23,"key":"REST"},{"floor":27,"key":"REST"},{"data":"Malaise","floor":30,"key":"SMITH"},{"floor":32,"key":"REST"},{"data":"Well Laid Plans","floor":40,"key":"SMITH"},{"data":"Deadly Poison","floor":49,"key":"SMITH"}],"neow_cost":"NONE","seed_source_timestamp":0,"circlet_count":0,"master_deck":["Defend_G","Defend_G","Defend_G","Defend_G","Defend_G","Survivor","Neutralize","Endless Agony","Noxious Fumes+1","Sucker Punch+1","Backstab","Dodge and Roll","PiercingWail+1","Malaise+1","Deadly Poison+1","Backstab","Poisoned Stab","Dagger Throw+1","Skewer+1","Adrenaline","Bite","Bite","Bite","Bite","Bite","Bouncing Flask+1","Corpse Explosion","Poisoned Stab+1","Deadly Poison","Well Laid Plans+1","Poisoned Stab+1","Caltrops+1","Injury","Cloak And Dagger+1","Outmaneuver+1"],"special_seed":0,"relics":["Ring of the Snake","Happy Flower","Question Card","Potion Belt","Bottled Tornado","Cursed Key","Snake Skull","Incense Burner","Sundial","Empty Cage","Oddly Smooth Stone","Vajra","Red Mask","Ancient Tea Set","Mango"],"potions_floor_usage":[5,20,24,33,37,39,41,50,50,50,50,50,50,50,50,50],"damage_taken":[{"damage":0,"enemies":"2 Louse","floor":1,"turns":2},{"damage":6,"enemies":"Cultist","floor":3,"turns":3},{"damage":0,"enemies":"Small Slimes","floor":5,"turns":2},{"damage":3,"enemies":"Looter","floor":12,"turns":3},{"damage":0,"enemies":"Lots of Slimes","floor":13,"turns":4},{"damage":8,"enemies":"3 Sentries","floor":14,"turns":7},{"damage":27,"enemies":"Hexaghost","floor":16,"turns":12},{"damage":12,"enemies":"2 Thieves","floor":18,"turns":5},{"damage":3,"enemies":"Spheric Guardian","floor":19,"turns":4},{"damage":6,"enemies":"Colosseum Slavers","floor":20,"turns":5},{"damage":7,"enemies":"Cultist and Chosen","floor":22,"turns":6},{"damage":17,"enemies":"Snake Plant","floor":24,"turns":4},{"damage":9,"enemies":"Snecko","floor":25,"turns":5},{"damage":13,"enemies":"Chosen and Byrds","floor":28,"turns":5},{"damage":16,"enemies":"Slavers","floor":31,"turns":5},{"damage":30,"enemies":"Automaton","floor":33,"turns":9},{"damage":1,"enemies":"3 Shapes","floor":35,"turns":2},{"damage":9,"enemies":"3 Darklings","floor":37,"turns":4},{"damage":4,"enemies":"Transient","floor":39,"turns":5},{"damage":12,"enemies":"Giant Head","floor":41,"turns":7},{"damage":0,"enemies":"Maw","floor":44,"turns":6},{"damage":8,"enemies":"Sphere and 2 Shapes","floor":46,"turns":4},{"damage":1,"enemies":"Mind Bloom Boss Battle","floor":48,"turns":5},{"damage":38,"enemies":"Awakened One","floor":50,"turns":12}],"seed_played":"-3449039045999676252","potions_obtained":[{"floor":1,"key":"PowerPotion"},{"floor":2,"key":"Fire Potion"},{"floor":2,"key":"PowerPotion"},{"floor":13,"key":"GamblersBrew"},{"floor":14,"key":"Swift Potion"},{"floor":18,"key":"FearPotion"},{"floor":19,"key":"EntropicBrew"},{"floor":22,"key":"SteroidPotion"},{"floor":25,"key":"Block Potion"},{"floor":37,"key":"SkillPotion"},{"floor":41,"key":"Block Potion"},{"floor":44,"key":"Energy Potion"}],"is_trial":false,"path_per_floor":["M","?","M","$","M","R","?","R","T","?","?","M","M","E","R","B",null,"M","M","?","$","M","R","M","M","T","R","M","?","R","E","R","B",null,"M","?","M","$","M","R","E","?","T","M","?","M","$","?","R","B",null],"character_chosen":"THE_SILENT","items_purchased":["Happy Flower","Snake Skull","Poisoned Stab","Oddly Smooth Stone","Well Laid Plans","SkillPotion"],"campfire_rested":3,"item_purchase_floors":[4,21,21,38,38,38],"current_hp_per_floor":[63,63,57,57,57,57,57,57,57,57,57,54,54,46,46,19,57,45,42,36,36,29,50,33,24,24,45,32,32,32,24,38,18,41,40,36,35,35,39,39,35,35,35,45,45,41,41,56,56,28],"gold":132,"neow_bonus":"HUNDRED_GOLD","is_prod":false,"is_daily":false,"chose_seed":false,"campfire_upgraded":6,"win_rate":0,"timestamp":1553448161,"path_taken":["M","?","?","$","M","R","?","R","T","?","?","?","M","E","R","BOSS","M","M","?","$","M","R","M","M","T","R","M","?","R","E","R","BOSS","M","?","M","$","?","R","E","?","T","M","?","M","$","?","R","BOSS"],"build_version":"2019-01-23","purchased_purges":2,"victory":true,"max_hp_per_floor":[70,70,70,70,70,70,70,70,70,70,70,70,70,70,70,70,70,70,70,70,70,70,70,70,70,70,70,70,49,49,49,49,49,49,49,49,49,49,49,49,49,49,49,49,47,47,47,61,61,61],"card_choices":[{"not_picked":["Blade Dance","Prepared"],"picked":"Endless Agony","floor":1},{"not_picked":["Acrobatics","Underhanded Strike"],"picked":"Noxious Fumes","floor":3},{"not_picked":["Eviscerate","Blade Dance"],"picked":"Sucker Punch","floor":5},{"not_picked":["Deflect","Heel Hook","Caltrops"],"picked":"Backstab","floor":12},{"not_picked":["Quick Slash","Outmaneuver","Predator"],"picked":"Dodge and Roll","floor":13},{"not_picked":["Dagger Throw","Backflip","Well Laid Plans"],"picked":"PiercingWail","floor":14},{"not_picked":["Tools of the Trade","Adrenaline","Burst"],"picked":"Malaise","floor":16},{"not_picked":["Outmaneuver","Slice","Calculated Gamble+1"],"picked":"Deadly Poison","floor":18},{"not_picked":["Deflect","Concentrate","Blade Dance"],"picked":"Backstab","floor":19},{"not_picked":["Doppelganger","Deflect","Blade Dance"],"picked":"Endless Agony","floor":22},{"not_picked":["Acrobatics","Underhanded Strike+1","Flechettes"],"picked":"Dagger Throw+1","floor":24},{"not_picked":["Slice","Backflip+1","Endless Agony"],"picked":"Skewer+1","floor":25},{"not_picked":["Cloak And Dagger+1","Prepared","Tactician"],"picked":"Adrenaline","floor":28},{"not_picked":["Backflip","Predator+1","Underhanded Strike"],"picked":"Bouncing Flask+1","floor":31},{"not_picked":["Unload","Envenom","Storm of Steel"],"picked":"Corpse Explosion","floor":33},{"not_picked":["Setup+1","Predator+1","Acrobatics"],"picked":"Poisoned Stab+1","floor":35},{"not_picked":["Prepared","Dodge and Roll+1","Dagger Throw+1"],"picked":"Deadly Poison","floor":37},{"not_picked":["Dash","Deflect+1","Acrobatics"],"picked":"Poisoned Stab+1","floor":39},{"not_picked":["Well Laid Plans+1","A Thousand Cuts","Sucker Punch"],"picked":"Caltrops+1","floor":41},{"not_picked":["Flying Knee+1","Dash","Riddle With Holes"],"picked":"Cloak And Dagger+1","floor":44},{"not_picked":["Deflect","Acrobatics+1","Quick Slash","Sucker Punch"],"picked":"SKIP","floor":46},{"not_picked":["Bane+1","Flechettes","Acrobatics"],"picked":"Outmaneuver+1","floor":48}],"player_experience":208539,"relics_obtained":[{"floor":9,"key":"Question Card"},{"floor":14,"key":"Bottled Tornado"},{"floor":26,"key":"Incense Burner"},{"floor":31,"key":"Sundial"},{"floor":41,"key":"Vajra"},{"floor":43,"key":"Ancient Tea Set"},{"floor":48,"key":"Mango"}],"event_choices":[{"damage_healed":0,"gold_gain":0,"player_choice":"Got Potions","damage_taken":0,"max_hp_gain":0,"max_hp_loss":0,"event_name":"Lab","floor":2,"gold_loss":0},{"damage_healed":0,"gold_gain":175,"player_choice":"AGREE","damage_taken":0,"max_hp_gain":0,"max_hp_loss":0,"event_name":"Liars Game","floor":7,"gold_loss":0,"cards_obtained":["Doubt"]},{"cards_removed":["Doubt"],"damage_healed":0,"gold_gain":0,"player_choice":"Card Removal","damage_taken":0,"max_hp_gain":0,"max_hp_loss":0,"event_name":"The Cleric","floor":10,"gold_loss":50},{"damage_healed":0,"gold_gain":0,"player_choice":"Gave Potion","damage_taken":0,"relics_obtained":["Potion Belt"],"max_hp_gain":0,"max_hp_loss":0,"event_name":"WeMeetAgain","floor":11,"gold_loss":0},{"damage_healed":0,"gold_gain":0,"player_choice":"Fight","damage_taken":0,"max_hp_gain":0,"max_hp_loss":0,"event_name":"Colosseum","floor":20,"gold_loss":0},{"damage_healed":0,"gold_gain":0,"player_choice":"Fled From Nobs","damage_taken":0,"max_hp_gain":0,"max_hp_loss":0,"event_name":"Colosseum","floor":20,"gold_loss":0},{"damage_healed":0,"gold_gain":0,"player_choice":"Became a vampire","damage_taken":0,"max_hp_gain":0,"max_hp_loss":21,"event_name":"Vampires","floor":29,"gold_loss":0,"cards_obtained":["Bite","Bite","Bite","Bite","Bite"]},{"damage_healed":0,"gold_gain":75,"player_choice":"Touch","damage_taken":4,"max_hp_gain":0,"max_hp_loss":0,"event_name":"FaceTrader","floor":36,"gold_loss":0},{"damage_healed":0,"gold_gain":0,"player_choice":"Paid","damage_taken":0,"relics_obtained":["Red Mask"],"max_hp_gain":0,"max_hp_loss":0,"event_name":"Tomb of Lord Red Mask","floor":42,"gold_loss":117},{"damage_healed":0,"gold_gain":0,"player_choice":"Max HP","damage_taken":0,"max_hp_gain":0,"max_hp_loss":2,"event_name":"Winding Halls","floor":45,"gold_loss":0},{"damage_healed":0,"gold_gain":0,"player_choice":"Fight","damage_taken":0,"max_hp_gain":0,"max_hp_loss":0,"event_name":"MindBloom","floor":48,"gold_loss":0}],"is_beta":false,"boss_relics":[{"not_picked":["Philosopher\u0027s Stone","HoveringKite"],"picked":"Cursed Key"},{"not_picked":["Velvet Choker","Orrery"],"picked":"Empty Cage"}],"items_purged_floors":[4,21],"is_endless":false,"potions_floor_spawned":[1,13,14,18,19,22,25,37,41,44],"ascension_level":7}