{"gold_per_floor":[109,109,109,124,141,141,171,184,184,184,201,201,215,215,215,316,316,333,333,346,346,356,367,367,86,86,86,101,134,134,161,161,266,266,276,376,173,173,29,62,76,91,117,67,67,82,82,94,94,94],"floor_reached":50,"playtime":2469,"items_purged":["Writhe"],"score":612,"play_id":"a5cb3a4a-b49b-4452-88b6-e473eb27ae50","local_time":"20190428231348","is_ascension_mode":false,"campfire_choices":[{"data":"Whirlwind","floor":6,"key":"SMITH"},{"data":"True Grit","floor":12,"key":"SMITH"},{"data":"Bash","floor":15,"key":"SMITH"},{"data":"Spot Weakness","floor":24,"key":"SMITH"},{"data":"Shrug It Off","floor":27,"key":"SMITH"},{"data":"Double Tap","floor":30,"key":"SMITH"},{"floor":32,"key":"RECALL"},{"floor":47,"key":"REST"},{"data":"Barricade","floor":49,"key":"SMITH"}],"neow_cost":"NONE","seed_source_timestamp":25316231613464,"circlet_count":0,"master_deck":["Bash+1","Twin Strike","True Grit+1","Whirlwind+1","Rampage+1","Body Slam+1","Immolate+1","Ghostly Armor","Clothesline+1","Carnage+1","Evolve","Immolate+1","Uppercut+1","Double Tap+1","Spot Weakness+1","Shrug It Off+1","Heavy Blade+1","Reaper+1","Pummel+1","Barricade+1","Offering","Flex+1"],"relics":["Burning Blood","Pen Nib","Singing Bowl","Molten Egg 2","Mercury Hourglass","Pandora\u0027s Box","Gremlin Horn","Lee\u0027s Waffle","Calipers","Kunai","White Beast Statue","Torii","Potion Belt","Art of War","Bag of Preparation"],"potions_floor_usage":[33,33,40,40,41,42,46,50],"damage_taken":[{"damage":13,"enemies":"Jaw Worm","floor":1,"turns":3},{"damage":2,"enemies":"Small Slimes","floor":4,"turns":3},{"damage":0,"enemies":"2 Louse","floor":5,"turns":3},{"damage":20,"enemies":"3 Sentries","floor":7,"turns":5},{"damage":11,"enemies":"Large Slime","floor":8,"turns":5},{"damage":7,"enemies":"2 Fungi Beasts","floor":11,"turns":2},{"damage":1,"enemies":"Exordium Wildlife","floor":13,"turns":4},{"damage":35,"enemies":"Hexaghost","floor":16,"turns":9},{"damage":11,"enemies":"2 Thieves","floor":18,"turns":2},{"damage":12,"enemies":"Shell Parasite","floor":20,"turns":2},{"damage":15,"enemies":"Chosen and Byrds","floor":22,"turns":3},{"damage":0,"enemies":"3 Cultists","floor":23,"turns":2},{"damage":10,"enemies":"Cultist and Chosen","floor":28,"turns":2},{"damage":23,"enemies":"Slavers","floor":29,"turns":2},{"damage":0,"enemies":"Gremlin Leader","floor":31,"turns":3},{"damage":71,"enemies":"Champ","floor":33,"turns":10},{"damage":11,"enemies":"3 Shapes","floor":35,"turns":4},{"damage":27,"enemies":"Mind Bloom Boss Battle","floor":36,"turns":7},{"damage":79,"enemies":"Giant Head","floor":40,"turns":8},{"damage":1,"enemies":"3 Darklings","floor":41,"turns":2},{"damage":28,"enemies":"Jaw Worm Horde","floor":42,"turns":2},{"damage":16,"enemies":"Maw","floor":46,"turns":7},{"damage":14,"enemies":"4 Shapes","floor":48,"turns":5},{"damage":86,"enemies":"Donu and Deca","floor":50,"turns":4}],"seed_played":"2944589186540409033","potions_obtained":[{"floor":7,"key":"SpeedPotion"},{"floor":13,"key":"Dexterity Potion"},{"floor":20,"key":"SteroidPotion"},{"floor":31,"key":"SkillPotion"},{"floor":33,"key":"FearPotion"},{"floor":35,"key":"Weak Potion"},{"floor":40,"key":"Explosive Potion"},{"floor":41,"key":"BloodPotion"},{"floor":42,"key":"SkillPotion"},{"floor":46,"key":"SteroidPotion"},{"floor":48,"key":"SkillPotion"}],"is_trial":false,"path_per_floor":["M","?","T","M","M","R","E","M","T","?","M","R","M","?","R","B",null,"M","?","M","?","M","M","R","$","T","R","M","E","R","E","R","B",null,"M","?","$","?","$","E","M","M","T","$","?","M","R","M","R","B"],"character_chosen":"IRONCLAD","items_purchased":["Lee\u0027s Waffle","Potion Belt","Block Potion","Offering","Dexterity Potion"],"campfire_rested":1,"item_purchase_floors":[25,37,37,39,44],"current_hp_per_floor":[73,66,66,70,76,76,64,59,59,43,42,42,49,49,49,20,84,81,64,60,60,53,59,59,102,102,102,98,81,81,87,87,37,102,99,87,87,89,89,18,25,16,16,16,16,18,52,59,59,0],"gold":94,"neow_bonus":"RANDOM_COMMON_RELIC","is_prod":false,"is_daily":false,"chose_seed":false,"campfire_upgraded":7,"win_rate":0,"timestamp":1556507628,"path_taken":["M","?","?","M","M","R","E","M","T","?","?","R","M","?","R","BOSS","M","?","M","?","M","M","R","$","T","R","M","E","R","E","R","BOSS","M","?","$","?","?","E","M","M","T","$","?","M","R","M","R","BOSS"],"build_version":"2019-01-23","purchased_purges":1,"victory":false,"max_hp_per_floor":[80,80,80,80,80,80,82,82,82,82,82,82,84,84,84,84,84,86,91,93,93,95,95,95,102,102,102,102,102,102,102,102,102,102,104,106,106,108,108,110,112,114,114,114,114,116,116,116,116,116],"card_choices":[{"not_picked":["Sword Boomerang","Headbutt"],"picked":"Twin Strike","floor":1},{"not_picked":["Intimidate","Iron Wave"],"picked":"True Grit","floor":4},{"not_picked":["Perfected Strike","Cleave"],"picked":"Whirlwind","floor":5},{"not_picked":["Fire Breathing","Juggernaut","Havoc"],"picked":"Singing Bowl","floor":7},{"not_picked":["Pummel+1","Evolve"],"picked":"Rampage+1","floor":8},{"not_picked":["Clash+1","Wild Strike+1"],"picked":"Body Slam+1","floor":11},{"not_picked":["Anger+1","Wild Strike+1","Exhume"],"picked":"Singing Bowl","floor":13},{"not_picked":["Brutality","Offering"],"picked":"Immolate+1","floor":16},{"not_picked":["Twin Strike+1","Dual Wield","Thunderclap+1"],"picked":"Singing Bowl","floor":18},{"not_picked":["True Grit","Thunderclap+1","Clash+1"],"picked":"Singing Bowl","floor":20},{"not_picked":["Pommel Strike+1","Sword Boomerang+1","Disarm"],"picked":"Singing Bowl","floor":22},{"not_picked":["Cleave+1","True Grit"],"picked":"Shrug It Off","floor":23},{"not_picked":["Armaments","Havoc+1"],"picked":"Heavy Blade+1","floor":28},{"not_picked":["Havoc","Headbutt+1"],"picked":"Reaper+1","floor":29},{"not_picked":["Thunderclap+1","Cleave+1"],"picked":"Pummel+1","floor":31},{"not_picked":["Bludgeon+1","Reaper+1"],"picked":"Barricade","floor":33},{"not_picked":["Heavy Blade+1","Clash+1","Headbutt+1"],"picked":"Singing Bowl","floor":35},{"not_picked":["Wild Strike+1","Clothesline+1","Pommel Strike+1"],"picked":"Singing Bowl","floor":36},{"not_picked":["HandOfGreed+1","Panacea","Bandage Up"],"picked":"Singing Bowl","floor":38},{"not_picked":["Combust","Searing Blow+1","Perfected Strike+1"],"picked":"Singing Bowl","floor":40},{"not_picked":["Warcry","Iron Wave+1","Dual Wield"],"picked":"Singing Bowl","floor":41},{"not_picked":["Wild Strike+1","Sword Boomerang+1","Body Slam+1"],"picked":"Singing Bowl","floor":42},{"not_picked":["Clash+1","Heavy Blade+1","Sword Boomerang+1"],"picked":"Singing Bowl","floor":46},{"not_picked":["Sentinel+1","Thunderclap+1"],"picked":"Flex+1","floor":48}],"player_experience":241733,"relics_obtained":[{"floor":3,"key":"Singing Bowl"},{"floor":7,"key":"Molten Egg 2"},{"floor":9,"key":"Mercury Hourglass"},{"floor":29,"key":"Calipers"},{"floor":31,"key":"Kunai"},{"floor":36,"key":"Torii"},{"floor":40,"key":"Art of War"},{"floor":43,"key":"Bag of Preparation"}],"event_choices":[{"cards_removed":["Strike_R"],"damage_healed":0,"gold_gain":0,"player_choice":"Card Removal","damage_taken":7,"max_hp_gain":0,"max_hp_loss":0,"event_name":"Golden Wing","floor":2,"gold_loss":0},{"damage_healed":0,"gold_gain":0,"player_choice":"Entered Light","damage_taken":16,"max_hp_gain":0,"max_hp_loss":0,"event_name":"Shining Light","floor":10,"gold_loss":0,"cards_upgraded":["Strike_R","Defend_R"]},{"damage_healed":0,"gold_gain":0,"player_choice":"Ignored","damage_taken":0,"max_hp_gain":0,"max_hp_loss":0,"event_name":"Liars Game","floor":14,"gold_loss":0},{"damage_healed":0,"gold_gain":0,"player_choice":"Shed Blood","damage_taken":22,"max_hp_gain":5,"max_hp_loss":0,"event_name":"Forgotten Altar","floor":19,"gold_loss":0},{"damage_healed":0,"gold_gain":0,"player_choice":"Opened","damage_taken":0,"relics_obtained":["Gremlin Horn"],"max_hp_gain":0,"max_hp_loss":0,"event_name":"The Mausoleum","floor":21,"gold_loss":0,"cards_obtained":["Writhe"]},{"damage_healed":0,"gold_gain":0,"player_choice":"Fight","damage_taken":0,"max_hp_gain":0,"max_hp_loss":0,"event_name":"MindBloom","floor":36,"gold_loss":0},{"damage_healed":0,"gold_gain":0,"player_choice":"Memory 1","damage_taken":0,"max_hp_gain":0,"max_hp_loss":0,"event_name":"SensoryStone","floor":38,"gold_loss":0},{"cards_removed":["Iron Wave"],"damage_healed":0,"gold_gain":0,"player_choice":"Took Card","damage_taken":0,"max_hp_gain":0,"max_hp_loss":0,"event_name":"NoteForYourself","floor":45,"gold_loss":0,"cards_obtained":["Iron Wave"]}],"is_beta":false,"boss_relics":[{"not_picked":["Busted Crown","Runic Dome"],"picked":"Pandora\u0027s Box"},{"not_picked":["Eternal Feather","Runic Cube"],"picked":"White Beast Statue"}],"items_purged_floors":[25],"is_endless":false,"potions_floor_spawned":[7,13,20,29,31,33,35,36,40,41,42,46,48],"killed_by":"Donu and Deca","ascension_level":0}