{"gold_per_floor":[111,128,140,154,166,193,42,67,67,95,112,112,112,123,123,123],"floor_reached":16,"playtime":1273,"items_purged":[],"score":149,"play_id":"8ca516c4-0efb-48c2-a5f0-9b0ea768fdc1","local_time":"20190407161229","is_ascension_mode":false,"campfire_choices":[{"data":"Bloodletting","floor":13,"key":"SMITH"},{"data":"Bludgeon","floor":15,"key":"SMITH"}],"neow_cost":"TEN_PERCENT_HP_LOSS","seed_source_timestamp":2861987904854426,"circlet_count":0,"master_deck":["Strike_R","Strike_R","Strike_R","Strike_R","Strike_R","Defend_R","Defend_R","Defend_R","Defend_R","Bash","Bludgeon+1","Bloodletting+1","Metallicize","Disarm","Rupture","Combust","Offering","Brutality","Searing Blow","Iron Wave"],"relics":["Burning Blood","Anchor","Orichalcum","Pocketwatch","Pen Nib","Oddly Smooth Stone","SsserpentHead"],"potions_floor_usage":[],"damage_taken":[{"damage":0,"enemies":"Cultist","floor":1,"turns":2},{"damage":3,"enemies":"Small Slimes","floor":2,"turns":2},{"damage":8,"enemies":"Jaw Worm","floor":3,"turns":5},{"damage":5,"enemies":"Red Slaver","floor":4,"turns":6},{"damage":6,"enemies":"Exordium Wildlife","floor":5,"turns":5},{"damage":35,"enemies":"Gremlin Nob","floor":6,"turns":6},{"damage":17,"enemies":"Lagavulin","floor":8,"turns":8},{"damage":11,"enemies":"Gremlin Nob","floor":10,"turns":3},{"damage":4,"enemies":"Blue Slaver","floor":11,"turns":4},{"damage":9,"enemies":"Lots of Slimes","floor":14,"turns":3},{"damage":24,"enemies":"Slime Boss","floor":16,"turns":5}],"seed_played":"4940837871120887500","potions_obtained":[{"floor":1,"key":"Explosive Potion"},{"floor":4,"key":"LiquidBronze"},{"floor":5,"key":"SteroidPotion"},{"floor":11,"key":"Block Potion"}],"is_trial":false,"path_per_floor":["M","M","M","M","M","E","$","E","T","E","M","?","R","M","R","B"],"character_chosen":"IRONCLAD","items_purchased":["Orichalcum"],"campfire_rested":0,"item_purchase_floors":[7],"current_hp_per_floor":[72,72,70,71,71,42,42,31,31,26,28,28,28,25,25,1],"gold":123,"neow_bonus":"THREE_RARE_CARDS","is_prod":false,"is_daily":false,"chose_seed":false,"campfire_upgraded":2,"win_rate":0.0,"timestamp":1554667949,"path_taken":["M","M","M","M","?","E","$","E","T","E","M","?","R","M","R","BOSS"],"build_version":"2019-01-23","purchased_purges":0,"victory":false,"max_hp_per_floor":[72,72,72,72,72,72,72,72,72,72,72,72,72,72,72,72],"card_choices":[{"not_picked":["Brutality","Impervious"],"picked":"Bludgeon","floor":0},{"not_picked":["Sever Soul","Warcry"],"picked":"Bloodletting","floor":1},{"not_picked":["Whirlwind","Sword Boomerang"],"picked":"Metallicize","floor":2},{"not_picked":["Body Slam","True Grit","Sword Boomerang"],"picked":"SKIP","floor":3},{"not_picked":["Heavy Blade","Body Slam"],"picked":"Disarm","floor":4},{"not_picked":["Clothesline","Shrug It Off"],"picked":"Rupture","floor":5},{"not_picked":["Second Wind","True Grit"],"picked":"Combust","floor":6},{"not_picked":["Body Slam","Rage"],"picked":"Offering","floor":8},{"not_picked":["Shockwave","Thunderclap"],"picked":"Brutality","floor":10},{"not_picked":["Dual Wield","Clothesline"],"picked":"Searing Blow","floor":11},{"not_picked":["Twin Strike","Sword Boomerang"],"picked":"Iron Wave","floor":14}],"player_experience":14175,"relics_obtained":[{"floor":6,"key":"Anchor"},{"floor":8,"key":"Pocketwatch"},{"floor":9,"key":"Pen Nib"},{"floor":10,"key":"Oddly Smooth Stone"}],"event_choices":[{"damage_healed":0,"gold_gain":0,"player_choice":"Trade","damage_taken":0,"relics_obtained":["SsserpentHead"],"max_hp_gain":0,"max_hp_loss":0,"event_name":"FaceTrader","floor":12,"gold_loss":0}],"is_beta":false,"boss_relics":[],"items_purged_floors":[],"is_endless":false,"potions_floor_spawned":[1,4,5,11],"killed_by":"Slime Boss","ascension_level":0}