{"gold_per_floor":[117,130,146,146,48,77,77,102,102,131,131,56,56,69,69,166,166,185,100,113,128,128,161,161,172,172,206,206,233,233,244,244,341,341,353,372,386,432,50,80,80,96,150,150,161,0,0,0,0,0],"floor_reached":51,"playtime":3040,"items_purged":["Strike_R"],"score":1215,"play_id":"a50c76c6-fce0-4fc7-983c-eaed979cf862","local_time":"20190508201840","is_ascension_mode":true,"campfire_choices":[{"data":"Armaments","floor":7.0,"key":"SMITH"},{"data":"True Grit","floor":11.0,"key":"SMITH"},{"data":"Shockwave","floor":13.0,"key":"SMITH"},{"data":"Shrug It Off","floor":15.0,"key":"SMITH"},{"data":"Demon Form","floor":24.0,"key":"SMITH"},{"floor":28.0,"key":"REST"},{"data":"Combust","floor":32.0,"key":"SMITH"},{"floor":41.0,"key":"REST"},{"floor":44.0,"key":"REST"},{"floor":49.0,"key":"REST"}],"neow_cost":"NONE","seed_source_timestamp":351647736358159,"circlet_count":0,"master_deck":["AscendersBane","Defend_R","Defend_R","Defend_R","Defend_R","Bash","Clothesline","Pommel Strike","Combust+1","Armaments+1","Anger+1","Immolate","Shockwave+1","True Grit+1","Shrug It Off+1","Demon Form+1","Rampage","Shrug It Off","Body Slam+1","Cleave","Dropkick","Bite","Bite","Bite","Bite","Bite","Blood for Blood","Limit Break","Headbutt","Inflame","Anger","Good Instincts"],"special_seed":0,"relics":["Burning Blood","Whetstone","WingedGreaves","Pear","Pen Nib","Busted Crown","Du-Vu Doll","FossilizedHelix","Pantograph","Shuriken","Regal Pillow","Fusion Hammer","Mango","Gremlin Horn","Kunai","Lantern","Red Mask"],"potions_floor_usage":[50],"damage_taken":[{"damage":17.0,"enemies":"Jaw Worm","floor":1.0,"turns":6.0},{"damage":2.0,"enemies":"Cultist","floor":2.0,"turns":4.0},{"damage":3.0,"enemies":"Small Slimes","floor":3.0,"turns":3.0},{"damage":43.0,"enemies":"Lagavulin","floor":6.0,"turns":6.0},{"damage":11.0,"enemies":"Gremlin Nob","floor":8.0,"turns":4.0},{"damage":15.0,"enemies":"Lagavulin","floor":10.0,"turns":4.0},{"damage":0.0,"enemies":"3 Louse","floor":14.0,"turns":1.0},{"damage":16.0,"enemies":"The Guardian","floor":16.0,"turns":9.0},{"damage":2.0,"enemies":"3 Byrds","floor":18.0,"turns":3.0},{"damage":0.0,"enemies":"Spheric Guardian","floor":20.0,"turns":2.0},{"damage":28.0,"enemies":"Snake Plant","floor":21.0,"turns":5.0},{"damage":9.0,"enemies":"Gremlin Leader","floor":23.0,"turns":7.0},{"damage":15.0,"enemies":"Snecko","floor":25.0,"turns":5.0},{"damage":19.0,"enemies":"Book of Stabbing","floor":27.0,"turns":6.0},{"damage":23.0,"enemies":"Gremlin Leader","floor":29.0,"turns":5.0},{"damage":4.0,"enemies":"Shelled Parasite and Fungi","floor":31.0,"turns":5.0},{"damage":29.0,"enemies":"Champ","floor":33.0,"turns":8.0},{"damage":8.0,"enemies":"3 Darklings","floor":35.0,"turns":3.0},{"damage":0.0,"enemies":"Orb Walker","floor":36.0,"turns":2.0},{"damage":0.0,"enemies":"Transient","floor":37.0,"turns":5.0},{"damage":36.0,"enemies":"2 Orb Walkers","floor":38.0,"turns":3.0},{"damage":50.0,"enemies":"Nemesis","floor":40.0,"turns":6.0},{"damage":21.0,"enemies":"Maw","floor":42.0,"turns":7.0},{"damage":35.0,"enemies":"Spire Growth","floor":45.0,"turns":5.0},{"damage":73,"enemies":"Donu and Deca","floor":50,"turns":7}],"seed_played":"1947265667634632987","potions_obtained":[{"floor":1.0,"key":"EssenceOfSteel"},{"floor":3.0,"key":"BloodPotion"},{"floor":14.0,"key":"Strength Potion"},{"floor":18.0,"key":"EssenceOfSteel"},{"floor":20.0,"key":"Swift Potion"},{"floor":23.0,"key":"Explosive Potion"},{"floor":29.0,"key":"Explosive Potion"},{"floor":33.0,"key":"Weak Potion"},{"floor":38.0,"key":"AttackPotion"},{"floor":40.0,"key":"LiquidBronze"},{"floor":42.0,"key":"GamblersBrew"}],"is_trial":false,"path_per_floor":["M","M","M","?","$","E","R","E","T","E","R","$","R","M","R","B",null,"M","?","M","M","?","E","R","M","T","E","R","E","?","M","R","B",null,"M","M","M","?","$","E","R","M","T","R","M","?","?","$","R","B",null],"character_chosen":"IRONCLAD","items_purchased":["Armaments","Anger","Inflame","Gremlin Horn","Energy Potion"],"campfire_rested":4,"item_purchase_floors":[5,5,39,39,39],"current_hp_per_floor":[61,65,68,68,68,39,39,34,44,35,35,35,35,41,41,31,75,79,79,85,63,63,60,60,51,51,38,65,48,48,57,57,45,59,62,63,63,53,53,22,60,56,56,77,48,48,48,48,77,21],"gold":0,"neow_bonus":"REMOVE_CARD","is_prod":false,"is_daily":false,"chose_seed":false,"campfire_upgraded":6,"win_rate":0,"timestamp":1557361120,"path_taken":["M","M","M","?","$","E","R","E","T","E","R","?","R","M","R","BOSS","M","?","M","M","?","E","R","M","T","E","R","E","?","M","R","BOSS","M","M","M","?","$","E","R","M","T","R","M","?","?","$","R","BOSS"],"build_version":"2019-01-23","purchased_purges":1,"victory":true,"max_hp_per_floor":[80,80,80,80,80,80,80,80,90,90,90,90,90,90,90,90,90,90,90,90,90,90,90,90,90,90,90,90,90,63,63,63,63,63,63,63,63,77,77,77,77,77,77,77,77,77,77,77,77,77],"card_choices":[{"not_picked":["Dual Wield","Carnage"],"picked":"Clothesline","floor":1.0},{"not_picked":["Seeing Red","Heavy Blade"],"picked":"Pommel Strike","floor":2.0},{"not_picked":["Warcry","Clothesline"],"picked":"Combust","floor":3.0},{"not_picked":["Cleave","Anger"],"picked":"Immolate","floor":6.0},{"not_picked":["Headbutt","Heavy Blade"],"picked":"Shockwave","floor":8.0},{"not_picked":["Uppercut","Blood for Blood"],"picked":"True Grit","floor":10.0},{"not_picked":["Rampage","Perfected Strike"],"picked":"Shrug It Off","floor":14.0},{"not_picked":["Juggernaut","Berserk"],"picked":"Demon Form","floor":16.0},{"not_picked":[],"picked":"Rampage","floor":18.0},{"not_picked":["Second Wind"],"picked":"SKIP","floor":20.0},{"not_picked":[],"picked":"Shrug It Off","floor":21.0},{"not_picked":[],"picked":"Body Slam+1","floor":23.0},{"not_picked":[],"picked":"Cleave","floor":25.0},{"not_picked":["Pommel Strike"],"picked":"SKIP","floor":27.0},{"not_picked":[],"picked":"Dropkick","floor":29.0},{"not_picked":[],"picked":"Blood for Blood","floor":31.0},{"not_picked":[],"picked":"Limit Break","floor":33.0},{"not_picked":["Armaments"],"picked":"SKIP","floor":35.0},{"not_picked":["Anger"],"picked":"SKIP","floor":36.0},{"not_picked":[],"picked":"Headbutt","floor":37.0},{"not_picked":[],"picked":"Anger","floor":40.0},{"not_picked":["Armaments"],"picked":"SKIP","floor":42.0},{"not_picked":["Wild Strike"],"picked":"SKIP","floor":45.0},{"not_picked":[],"picked":"Good Instincts","floor":47.0}],"player_experience":427918,"relics_obtained":[{"floor":6.0,"key":"Whetstone"},{"floor":8.0,"key":"WingedGreaves"},{"floor":9.0,"key":"Pear"},{"floor":10.0,"key":"Pen Nib"},{"floor":23.0,"key":"FossilizedHelix"},{"floor":26.0,"key":"Pantograph"},{"floor":27.0,"key":"Shuriken"},{"floor":29.0,"key":"Regal Pillow"},{"floor":38.0,"key":"Mango"},{"floor":40.0,"key":"Kunai"},{"floor":43.0,"key":"Lantern"}],"event_choices":[{"cards_removed":["Strike_R"],"damage_healed":0.0,"max_hp_gain":0.0,"max_hp_loss":0.0,"gold_gain":0.0,"event_name":"Bonfire Elementals","player_choice":"Offered Basic","floor":4.0,"gold_loss":0.0,"damage_taken":0.0},{"damage_healed":0.0,"max_hp_gain":0.0,"max_hp_loss":0.0,"gold_gain":0.0,"event_name":"Addict","player_choice":"Obtained Relic","floor":19.0,"gold_loss":85.0,"damage_taken":0.0,"relics_obtained":["Du-Vu Doll"]},{"damage_healed":0.0,"max_hp_gain":0.0,"max_hp_loss":0.0,"gold_gain":0.0,"event_name":"Ghosts","player_choice":"Ignored","floor":22.0,"gold_loss":0.0,"damage_taken":0.0},{"damage_healed":0.0,"max_hp_gain":0.0,"max_hp_loss":27.0,"gold_gain":0.0,"event_name":"Vampires","player_choice":"Became a vampire","floor":30.0,"gold_loss":0.0,"damage_taken":0.0,"cards_obtained":["Bite","Bite","Bite","Bite","Bite"]},{"damage_healed":0.0,"max_hp_gain":0.0,"max_hp_loss":0.0,"gold_gain":0.0,"event_name":"Mysterious Sphere","player_choice":"Fight","floor":38.0,"gold_loss":0.0,"damage_taken":0.0},{"damage_healed":0.0,"max_hp_gain":0.0,"max_hp_loss":0.0,"gold_gain":0.0,"event_name":"Tomb of Lord Red Mask","player_choice":"Paid","floor":46.0,"gold_loss":161.0,"damage_taken":0.0,"relics_obtained":["Red Mask"]},{"damage_healed":0.0,"max_hp_gain":0.0,"max_hp_loss":0.0,"gold_gain":0.0,"event_name":"SensoryStone","player_choice":"Memory 1","floor":47.0,"gold_loss":0.0,"damage_taken":0.0}],"is_beta":false,"boss_relics":[{"not_picked":["Coffee Dripper","Runic Dome"],"picked":"Busted Crown"},{"not_picked":["Velvet Choker","Astrolabe"],"picked":"Fusion Hammer"}],"items_purged_floors":[12],"is_endless":false,"potions_floor_spawned":[1,3,14,18,20,23,29,33,36,38,40,42],"ascension_level":12}