{"gold_per_floor":[368,318,57,74,93,93,120,120,174,174,201,215,215,247,247,343,343,355,355,280,292,10,41,41,41,67,80,109,109,209,221,221,323,323,337,350,450,450,450,450,464,497,497,406,54,68,68,83,83,83],"floor_reached":51,"playtime":2286,"items_purged":["Strike_R","Doubt","Normality"],"score":1341,"play_id":"b2cd2ebd-63b0-49f5-a99f-b6fd8c2fd577","local_time":"20190526100958","is_ascension_mode":true,"campfire_choices":[{"data":"Whirlwind","floor":6.0,"key":"SMITH"},{"floor":10.0,"key":"REST"},{"floor":13.0,"key":"REST"},{"data":"Flame Barrier","floor":15.0,"key":"SMITH"},{"data":"Bash","floor":32.0,"key":"SMITH"},{"floor":47,"key":"REST"},{"floor":49,"key":"REST"}],"neow_cost":"CURSE","seed_source_timestamp":780065773786700,"circlet_count":0,"master_deck":["AscendersBane","Strike_R","Strike_R","Strike_R","Defend_R","Defend_R","Defend_R","Defend_R","Bash+1","Whirlwind+1","Heavy Blade+1","Flame Barrier+1","Headbutt+1","Offering","Spot Weakness","Immolate+1","RitualDagger+1","Metallicize+1","Double Tap","Shrug It Off+1","Secret Technique","Disarm","Demon Form","Skim+1"],"special_seed":0,"relics":["Burning Blood","Molten Egg 2","Oddly Smooth Stone","Boot","Mercury Hourglass","PreservedInsect","Cursed Key","Membership Card","Bag of Marbles","Champion Belt","CultistMask","Art of War","Bottled Flame","Magic Flower","Dodecahedron","White Beast Statue","StoneCalendar","Lantern","Pen Nib","Pear","PrismaticShard"],"potions_floor_usage":[40,46,46,48,50],"damage_taken":[{"damage":15.0,"enemies":"Small Slimes","floor":1.0,"turns":5.0},{"damage":7.0,"enemies":"Jaw Worm","floor":4.0,"turns":3.0},{"damage":1.0,"enemies":"Cultist","floor":5.0,"turns":3.0},{"damage":38.0,"enemies":"Lagavulin","floor":7.0,"turns":7.0},{"damage":27.0,"enemies":"Gremlin Nob","floor":11.0,"turns":4.0},{"damage":0.0,"enemies":"3 Louse","floor":12.0,"turns":2.0},{"damage":34.0,"enemies":"Lagavulin","floor":14.0,"turns":4.0},{"damage":18.0,"enemies":"Slime Boss","floor":16.0,"turns":6.0},{"damage":11.0,"enemies":"2 Thieves","floor":18.0,"turns":2.0},{"damage":0.0,"enemies":"3 Byrds","floor":21.0,"turns":2.0},{"damage":20.0,"enemies":"Book of Stabbing","floor":23.0,"turns":4.0},{"damage":12.0,"enemies":"Snake Plant","floor":27.0,"turns":2.0},{"damage":26.0,"enemies":"Slavers","floor":28.0,"turns":3.0},{"damage":0.0,"enemies":"Colosseum Slavers","floor":30.0,"turns":1.0},{"damage":0.0,"enemies":"Colosseum Nobs","floor":30.0,"turns":2.0},{"damage":0.0,"enemies":"3 Cultists","floor":31.0,"turns":1.0},{"damage":33.0,"enemies":"Collector","floor":33.0,"turns":7.0},{"damage":0.0,"enemies":"3 Darklings","floor":35.0,"turns":1.0},{"damage":21.0,"enemies":"Orb Walker","floor":36.0,"turns":4.0},{"damage":12.0,"enemies":"Mind Bloom Boss Battle","floor":37.0,"turns":6.0},{"damage":0,"enemies":"Giant Head","floor":40,"turns":1},{"damage":6,"enemies":"4 Shapes","floor":41,"turns":2},{"damage":0,"enemies":"Nemesis","floor":42,"turns":3},{"damage":42,"enemies":"Writhing Mass","floor":46,"turns":7},{"damage":36,"enemies":"Transient","floor":48,"turns":5},{"damage":59,"enemies":"Time Eater","floor":50,"turns":9}],"seed_played":"-2258318505706075593","potions_obtained":[{"floor":1.0,"key":"Poison Potion"},{"floor":4.0,"key":"EssenceOfSteel"},{"floor":12.0,"key":"FearPotion"},{"floor":14.0,"key":"GamblersBrew"},{"floor":19.0,"key":"BloodPotion"},{"floor":19.0,"key":"FearPotion"},{"floor":28.0,"key":"Weak Potion"},{"floor":33.0,"key":"Energy Potion"},{"floor":35.0,"key":"Block Potion"},{"floor":37.0,"key":"SmokeBomb"},{"floor":41,"key":"AttackPotion"},{"floor":46,"key":"SkillPotion"},{"floor":48,"key":"SpeedPotion"}],"is_trial":false,"path_per_floor":["M","?","$","M","M","R","E","?","T","R","E","M","R","E","R","B",null,"M","?","$","M","$","E","?","?","T","M","E","?","?","M","R","B",null,"M","M","?","?","?","E","M","E","T","$","$","M","R","M","R","B",null],"character_chosen":"IRONCLAD","items_purchased":["Molten Egg 2","Membership Card","Bag of Marbles","Disarm","Pear","Demon Form","PrismaticShard"],"campfire_rested":4,"item_purchase_floors":[3,22,22,44,45,45,45],"current_hp_per_floor":[63,63,63,62,67,67,35,35,35,59,38,44,68,40,40,28,67,62,62,62,68,68,54,54,54,54,48,28,22,34,43,43,19,65,74,62,59,59,59,68,71,76,76,76,86,53,78,51,76,26],"gold":83,"neow_bonus":"TWO_FIFTY_GOLD","is_prod":false,"is_daily":false,"chose_seed":false,"campfire_upgraded":3,"win_rate":0,"timestamp":1558890598,"path_taken":["M","?","$","M","M","R","E","?","T","R","E","?","R","E","R","BOSS","M","?","?","M","$","E","?","?","T","?","E","?","?","M","R","BOSS","M","M","?","?","?","E","M","E","T","?","$","?","R","M","R","BOSS"],"build_version":"2019-01-23","purchased_purges":3,"victory":true,"max_hp_per_floor":[80,80,80,80,80,80,80,80,80,80,80,80,80,80,80,80,80,80,80,80,80,80,80,80,80,80,80,80,80,80,80,80,80,80,80,80,80,76,76,76,76,76,76,76,86,86,86,86,86,86],"card_choices":[{"not_picked":["Perfected Strike","Feel No Pain"],"picked":"Whirlwind","floor":1.0},{"not_picked":["Carnage+1","Thunderclap+1"],"picked":"Heavy Blade+1","floor":4.0},{"not_picked":["Barricade","Uppercut+1"],"picked":"Flame Barrier","floor":5.0},{"not_picked":["Cleave+1","Anger+1"],"picked":"Headbutt+1","floor":7.0},{"not_picked":["Hemokinesis+1","Seeing Red"],"picked":"Offering","floor":11.0},{"not_picked":["Cleave+1","Sword Boomerang+1"],"picked":"Spot Weakness","floor":12.0},{"not_picked":["Second Wind","Combust","Rage"],"picked":"SKIP","floor":14.0},{"not_picked":["Feed+1","Fiend Fire+1"],"picked":"Immolate+1","floor":16.0},{"not_picked":["Iron Wave+1","Headbutt+1","Wild Strike+1"],"picked":"SKIP","floor":18.0},{"not_picked":["Infernal Blade","Havoc+1","Sever Soul+1"],"picked":"SKIP","floor":21.0},{"not_picked":["Flex","Heavy Blade+1","Corruption"],"picked":"SKIP","floor":23.0},{"not_picked":["Iron Wave+1","Sword Boomerang+1","Disarm"],"picked":"SKIP","floor":27.0},{"not_picked":["Clothesline+1","Sever Soul+1","Twin Strike+1"],"picked":"SKIP","floor":28.0},{"not_picked":["Disarm","Armaments"],"picked":"Metallicize+1","floor":31.0},{"not_picked":["Immolate+1","Bludgeon+1"],"picked":"Double Tap","floor":33.0},{"not_picked":["Iron Wave+1","Sword Boomerang+1"],"picked":"Shrug It Off+1","floor":35.0},{"not_picked":["Thunderclap+1","Feel No Pain","Clash+1"],"picked":"SKIP","floor":36.0},{"not_picked":["Jack Of All Trades","Forethought"],"picked":"Secret Technique","floor":39.0},{"not_picked":["Wild Strike+1","Headbutt+1","Shrug It Off+1"],"picked":"SKIP","floor":41},{"not_picked":["Warcry","Burning Pact","Metallicize"],"picked":"SKIP","floor":42},{"not_picked":["True Grit","Distraction"],"picked":"Skim+1","floor":46},{"not_picked":["Go for the Eyes+1","Intimidate","Steam+1"],"picked":"SKIP","floor":48}],"player_experience":274093,"relics_obtained":[{"floor":7.0,"key":"Oddly Smooth Stone"},{"floor":9.0,"key":"Boot"},{"floor":11.0,"key":"Mercury Hourglass"},{"floor":14.0,"key":"PreservedInsect"},{"floor":23.0,"key":"Champion Belt"},{"floor":26.0,"key":"Art of War"},{"floor":28.0,"key":"Bottled Flame"},{"floor":30.0,"key":"Magic Flower"},{"floor":30.0,"key":"Dodecahedron"},{"floor":37.0,"key":"StoneCalendar"},{"floor":42,"key":"Lantern"},{"floor":43,"key":"Pen Nib"}],"event_choices":[{"cards_removed":["Normality"],"damage_healed":0.0,"max_hp_gain":0.0,"max_hp_loss":0.0,"gold_gain":0.0,"event_name":"The Cleric","player_choice":"Card Removal","floor":2.0,"gold_loss":50.0,"damage_taken":0.0},{"cards_removed":["Strike_R"],"damage_healed":0.0,"max_hp_gain":0.0,"max_hp_loss":0.0,"gold_gain":0.0,"event_name":"Purifier","player_choice":"Purged","floor":8.0,"gold_loss":0.0,"damage_taken":0.0},{"damage_healed":0.0,"max_hp_gain":0.0,"max_hp_loss":0.0,"gold_gain":0.0,"event_name":"Lab","player_choice":"Got Potions","floor":19.0,"gold_loss":0.0,"damage_taken":0.0},{"damage_healed":0.0,"max_hp_gain":0.0,"max_hp_loss":0.0,"gold_gain":0.0,"event_name":"Beggar","player_choice":"Ignored","floor":24.0,"gold_loss":0.0,"damage_taken":0.0},{"damage_healed":0.0,"max_hp_gain":0.0,"max_hp_loss":0.0,"gold_gain":0.0,"event_name":"FaceTrader","player_choice":"Trade","floor":25.0,"gold_loss":0.0,"damage_taken":0.0,"relics_obtained":["CultistMask"]},{"damage_healed":0.0,"max_hp_gain":0.0,"max_hp_loss":0.0,"gold_gain":0.0,"event_name":"Nest","player_choice":"Joined the Cult","floor":29.0,"gold_loss":0.0,"damage_taken":6.0,"cards_obtained":["RitualDagger"]},{"damage_healed":0.0,"max_hp_gain":0.0,"max_hp_loss":0.0,"gold_gain":0.0,"event_name":"Colosseum","player_choice":"Fight","floor":30.0,"gold_loss":0.0,"damage_taken":0.0},{"damage_healed":0.0,"max_hp_gain":0.0,"max_hp_loss":0.0,"gold_gain":0.0,"event_name":"Colosseum","player_choice":"Fought Nobs","floor":30.0,"gold_loss":0.0,"damage_taken":0.0},{"damage_healed":0.0,"max_hp_gain":0.0,"max_hp_loss":0.0,"gold_gain":0.0,"event_name":"MindBloom","player_choice":"Fight","floor":37.0,"gold_loss":0.0,"damage_taken":0.0},{"damage_healed":0.0,"max_hp_gain":0.0,"max_hp_loss":4.0,"gold_gain":0.0,"event_name":"Winding Halls","player_choice":"Max HP","floor":38.0,"gold_loss":0.0,"damage_taken":0.0},{"damage_healed":0.0,"max_hp_gain":0.0,"max_hp_loss":0.0,"gold_gain":0.0,"event_name":"SensoryStone","player_choice":"Memory 1","floor":39.0,"gold_loss":0.0,"damage_taken":0.0}],"is_beta":false,"boss_relics":[{"not_picked":["Runic Dome","Lizard Tail"],"picked":"Cursed Key"},{"not_picked":["Orrery","Mark of Pain"],"picked":"White Beast Statue"}],"items_purged_floors":[20,44,45],"is_endless":false,"potions_floor_spawned":[1,4,12,14,21,28,30,33,35,36,37,40,41,42,46,48],"ascension_level":11}