{"gold_per_floor":[216,216,234,248,5,5,19,19,42,42,65,94,13,47,47,122,122,137,137,161,161,174,174],"floor_reached":23,"playtime":1348,"items_purged":["Strike_G"],"score":394,"play_id":"58b6f05a-5362-4322-a319-15a29f96e827","local_time":"20190517220513","is_ascension_mode":true,"campfire_choices":[{"data":"Cloak And Dagger","floor":6.0,"key":"SMITH"},{"data":"Sucker Punch","floor":8.0,"key":"SMITH"},{"data":"Survivor","floor":10.0,"key":"SMITH"},{"floor":15.0,"key":"REST"}],"neow_cost":"NONE","seed_source_timestamp":285311375109793,"circlet_count":0,"master_deck":["AscendersBane","Defend_G+1","Defend_G+1","Defend_G+1","Defend_G+1","Defend_G+1","Strike_G+1","Strike_G+1","Strike_G+1","Strike_G+1","Survivor+1","Neutralize+1","Masterful Stab","Cloak And Dagger+1","Noxious Fumes","Dagger Throw","Sucker Punch+1","Bouncing Flask","Terror","Crippling Poison","Backflip","A Thousand Cuts+1","Dash"],"special_seed":0,"relics":["Ring of the Snake","Membership Card","Regal Pillow","Odd Mushroom","Whetstone","Bottled Lightning","Black Star","Bag of Marbles"],"potions_floor_usage":[23],"damage_taken":[{"damage":0.0,"enemies":"Small Slimes","floor":1.0,"turns":3.0},{"damage":2.0,"enemies":"2 Louse","floor":3.0,"turns":2.0},{"damage":4.0,"enemies":"Jaw Worm","floor":4.0,"turns":5.0},{"damage":1.0,"enemies":"Exordium Wildlife","floor":7.0,"turns":5.0},{"damage":0.0,"enemies":"The Mushroom Lair","floor":11.0,"turns":4.0},{"damage":10.0,"enemies":"3 Sentries","floor":12.0,"turns":8.0},{"damage":12.0,"enemies":"Gremlin Nob","floor":14.0,"turns":4.0},{"damage":25.0,"enemies":"Hexaghost","floor":16.0,"turns":9.0},{"damage":19.0,"enemies":"Shell Parasite","floor":18.0,"turns":9.0},{"damage":12.0,"enemies":"3 Byrds","floor":22.0,"turns":6.0},{"damage":32,"enemies":"Gremlin Leader","floor":23,"turns":6}],"seed_played":"5730767648262958231","potions_obtained":[{"floor":1.0,"key":"Block Potion"},{"floor":12.0,"key":"Dexterity Potion"},{"floor":14.0,"key":"Swift Potion"},{"floor":16.0,"key":"SteroidPotion"}],"is_trial":false,"path_per_floor":["M","?","M","M","$","R","M","R","T","R","?","E","$","E","R","B",null,"M","?","T","?","M","E"],"character_chosen":"THE_SILENT","items_purchased":["Membership Card","Dagger Throw","Crippling Poison"],"campfire_rested":1,"item_purchase_floors":[5,5,13],"current_hp_per_floor":[59,59,57,53,53,53,52,52,52,52,52,42,42,30,64,39,59,40,40,40,40,28,0],"gold":174,"neow_bonus":"HUNDRED_GOLD","is_prod":false,"is_daily":false,"chose_seed":false,"campfire_upgraded":3,"win_rate":0,"timestamp":1558145113,"path_taken":["M","?","M","M","$","R","M","R","T","R","?","E","?","E","R","BOSS","M","?","?","?","?","E"],"build_version":"2019-01-23","purchased_purges":1,"victory":false,"max_hp_per_floor":[66,66,66,66,66,66,66,66,66,66,66,66,66,66,66,66,66,66,66,66,66,66,66],"card_choices":[{"not_picked":["Distraction","Flechettes"],"picked":"Masterful Stab","floor":1.0},{"not_picked":["Dagger Throw","Backflip"],"picked":"Cloak And Dagger","floor":3.0},{"not_picked":["Deflect","Leg Sweep"],"picked":"Noxious Fumes","floor":4.0},{"not_picked":["Flechettes","Skewer"],"picked":"Sucker Punch","floor":7.0},{"not_picked":["Masterful Stab","Outmaneuver"],"picked":"Bouncing Flask","floor":11.0},{"not_picked":["Endless Agony","Quick Slash"],"picked":"Terror","floor":12.0},{"not_picked":["Predator","Slice"],"picked":"Backflip","floor":14.0},{"not_picked":["Glass Knife","Grand Finale"],"picked":"A Thousand Cuts","floor":16.0},{"not_picked":["Expertise","Dagger Throw","Dodge and Roll"],"picked":"SKIP","floor":18.0},{"not_picked":["Deflect","Endless Agony"],"picked":"Dash","floor":22.0}],"player_experience":697491,"relics_obtained":[{"floor":9.0,"key":"Regal Pillow"},{"floor":11.0,"key":"Odd Mushroom"},{"floor":12.0,"key":"Whetstone"},{"floor":14.0,"key":"Bottled Lightning"},{"floor":20.0,"key":"Bag of Marbles"}],"event_choices":[{"damage_healed":0.0,"max_hp_gain":0.0,"max_hp_loss":0.0,"gold_gain":0.0,"event_name":"Living Wall","player_choice":"Grow","floor":2.0,"gold_loss":0.0,"damage_taken":0.0,"cards_upgraded":["Neutralize"]},{"damage_healed":0.0,"max_hp_gain":0.0,"max_hp_loss":0.0,"gold_gain":0.0,"event_name":"Mushrooms","player_choice":"Fought Mushrooms","floor":11.0,"gold_loss":0.0,"damage_taken":0.0},{"damage_healed":0.0,"max_hp_gain":0.0,"max_hp_loss":0.0,"gold_gain":0.0,"event_name":"Back to Basics","player_choice":"Simplicity","floor":19.0,"gold_loss":0.0,"damage_taken":0.0,"cards_upgraded":["Defend_G","Defend_G","Defend_G","Defend_G","Defend_G","Strike_G","Strike_G"]},{"damage_healed":0.0,"max_hp_gain":0.0,"max_hp_loss":0.0,"gold_gain":0.0,"event_name":"Accursed Blacksmith","player_choice":"Forge","floor":21.0,"gold_loss":0.0,"damage_taken":0.0,"cards_upgraded":["A Thousand Cuts"]}],"is_beta":false,"boss_relics":[{"not_picked":["Fusion Hammer","Eternal Feather"],"picked":"Black Star"}],"items_purged_floors":[13],"is_endless":false,"potions_floor_spawned":[1,12,14,16],"killed_by":"Gremlin Leader","ascension_level":20}