{"gold_per_floor":[112,37,37,37,51,79,79,112,181,181,193,219,233,290,290,392,392,408,408,421,293,203,238,249,264,264,63,63,63,78,107,107,207,207,218,218,18,38,51,86,86,86,137,182,194,218,230,271,283,295],"floor_reached":51,"playtime":2402,"items_purged":["Strike_B","Defend_B","Defend_B","Strike_B"],"score":881,"play_id":"a162bebf-c930-4c06-b526-204b5863cb0c","local_time":"20190526060047","is_ascension_mode":true,"campfire_choices":[{"floor":7,"key":"REST"},{"floor":10,"key":"REST"},{"floor":15,"key":"REST"},{"data":"RitualDagger","floor":29,"key":"SMITH"},{"data":"Defragment","floor":32,"key":"SMITH"},{"data":"Hologram","floor":42,"key":"SMITH"},{"floor":47,"key":"REST"},{"data":"Reboot","floor":49,"key":"SMITH"}],"neow_cost":"NONE","seed_source_timestamp":340897466003717,"circlet_count":0,"master_deck":["Strike_B+1","Defend_B+1","Defend_B","Zap+1","Dualcast+1","Sweeping Beam","Go for the Eyes+1","Compile Driver+1","Gash","Sunder","Steam+1","Gash","Auto Shields","Reboot+1","Leap","FTL+1","Defragment+1","Stack+1","Conserve Battery+1","Reinforced Body","RitualDagger+1","Rebound+1","Darkness","Echo Form","Stack+1","Capacitor+1","Scrape+1","Hologram+1","Madness","Madness","Hologram+1","Tempest+1"],"relics":["FrozenCore","Bag of Preparation","Bottled Lightning","Kunai","Meat on the Bone","PreservedInsect","Eternal Feather","Smiling Mask","Happy Flower","Bird Faced Urn","Oddly Smooth Stone","Ancient Tea Set","Bronze Scales","Vajra","MawBank","War Paint","Mercury Hourglass","Regal Pillow"],"potions_floor_usage":[8,14,14,23,33,39,39,40,50],"damage_taken":[{"damage":1,"enemies":"Cultist","floor":1,"turns":3},{"damage":0,"enemies":"2 Louse","floor":5,"turns":2},{"damage":22,"enemies":"Lagavulin","floor":6,"turns":6},{"damage":10,"enemies":"3 Sentries","floor":8,"turns":3},{"damage":0,"enemies":"Small Slimes","floor":11,"turns":2},{"damage":27,"enemies":"Lagavulin","floor":12,"turns":4},{"damage":0,"enemies":"3 Louse","floor":13,"turns":2},{"damage":21,"enemies":"Lagavulin Event","floor":14,"turns":4},{"damage":26,"enemies":"The Guardian","floor":16,"turns":9},{"damage":1,"enemies":"Chosen","floor":18,"turns":5},{"damage":11,"enemies":"Shell Parasite","floor":20,"turns":4},{"damage":10,"enemies":"Slavers","floor":23,"turns":3},{"damage":14,"enemies":"Shelled Parasite and Fungi","floor":24,"turns":5},{"damage":0,"enemies":"3 Cultists","floor":25,"turns":4},{"damage":2,"enemies":"Chosen and Byrds","floor":30,"turns":7},{"damage":0,"enemies":"Gremlin Leader","floor":31,"turns":4},{"damage":48,"enemies":"Champ","floor":33,"turns":9},{"damage":13,"enemies":"Orb Walker","floor":35,"turns":4},{"damage":0,"enemies":"3 Darklings","floor":38,"turns":7},{"damage":0,"enemies":"Spire Growth","floor":39,"turns":6},{"damage":5,"enemies":"Giant Head","floor":40,"turns":8},{"damage":51,"enemies":"Reptomancer","floor":44,"turns":6},{"damage":0,"enemies":"Transient","floor":46,"turns":5},{"damage":0,"enemies":"Nemesis","floor":48,"turns":5},{"damage":45,"enemies":"Donu and Deca","floor":50,"turns":11}],"seed_played":"-8946360477521213934","potions_obtained":[{"floor":1,"key":"Strength Potion"},{"floor":8,"key":"Regen Potion"},{"floor":13,"key":"AttackPotion"},{"floor":20,"key":"FocusPotion"},{"floor":31,"key":"PowerPotion"},{"floor":33,"key":"Poison Potion"},{"floor":35,"key":"Ancient Potion"},{"floor":38,"key":"SpeedPotion"},{"floor":44,"key":"Fire Potion"},{"floor":48,"key":"FearPotion"}],"is_trial":false,"path_per_floor":["M","$","?","?","M","E","R","E","T","R","M","E","M","?","R","B",null,"M","?","M","$","?","E","M","M","T","$","?","R","M","E","R","B",null,"M","?","$","M","M","E","?","R","T","E","T","M","R","E","R","B",null],"character_chosen":"DEFECT","items_purchased":["Defragment","Oddly Smooth Stone","Bronze Scales"],"campfire_rested":4,"item_purchase_floors":[21,27,37],"current_hp_per_floor":[74,74,74,59,59,37,59,49,49,71,71,44,44,47,69,43,75,74,74,63,63,63,53,39,39,39,39,33,45,43,45,57,25,75,62,62,62,64,70,73,64,75,75,36,36,38,75,75,75,44],"gold":307,"neow_bonus":"UPGRADE_CARD","is_prod":false,"is_daily":false,"chose_seed":false,"campfire_upgraded":4,"win_rate":0,"timestamp":1558868447,"path_taken":["M","?","?","?","M","E","R","E","T","R","M","E","M","?","R","BOSS","M","?","M","$","?","E","?","M","T","?","?","R","M","E","R","BOSS","M","?","$","?","M","E","?","R","T","E","?","M","R","E","R","BOSS"],"build_version":"2019-01-23","purchased_purges":4,"victory":true,"max_hp_per_floor":[75,75,75,75,75,75,75,75,75,75,75,75,75,75,75,75,75,75,75,75,75,75,75,75,75,75,75,75,75,75,75,75,75,75,75,75,75,75,75,75,75,75,75,75,75,75,75,75,75,75],"card_choices":[{"not_picked":["Self Repair","Stack"],"picked":"Sweeping Beam","floor":1},{"not_picked":["Coolheaded","Tempest"],"picked":"Go for the Eyes","floor":5},{"not_picked":["Hologram","Barrage"],"picked":"Compile Driver","floor":6},{"not_picked":["BootSequence","Redo"],"picked":"Gash","floor":8},{"not_picked":["Hologram","Undo"],"picked":"Sunder","floor":11},{"not_picked":["Sweeping Beam","Fusion"],"picked":"Steam","floor":12},{"not_picked":["Recycle","Loop"],"picked":"Gash","floor":13},{"not_picked":["Blizzard","Beam Cell"],"picked":"Auto Shields","floor":14},{"not_picked":["Meteor Strike","Fission"],"picked":"Reboot","floor":16},{"not_picked":["Coolheaded","Fusion"],"picked":"Leap","floor":18},{"not_picked":["Lockon","White Noise"],"picked":"FTL+1","floor":20},{"not_picked":["Sweeping Beam","Hyperbeam"],"picked":"Stack+1","floor":23},{"not_picked":["Compile Driver","Turbo+1"],"picked":"Conserve Battery+1","floor":24},{"not_picked":["Redo","Stack"],"picked":"Reinforced Body","floor":25},{"not_picked":["Streamline+1","Aggregate"],"picked":"Rebound+1","floor":30},{"not_picked":["Chaos","Turbo+1"],"picked":"Darkness","floor":31},{"not_picked":["Amplify","Seek"],"picked":"Echo Form","floor":33},{"not_picked":["Rebound","Conserve Battery+1"],"picked":"Stack","floor":35},{"not_picked":["Coolheaded+1","Undo+1"],"picked":"Capacitor+1","floor":38},{"not_picked":["Undo+1","Go for the Eyes+1"],"picked":"Scrape+1","floor":39},{"not_picked":["Steam+1","Stack+1"],"picked":"Hologram","floor":40},{"not_picked":["Rebound","Aggregate+1","Thunder Strike"],"picked":"SKIP","floor":44},{"not_picked":["Rebound","Stack+1"],"picked":"Hologram+1","floor":46},{"not_picked":["Barrage+1","Cold Snap+1"],"picked":"Tempest+1","floor":48}],"player_experience":13488,"relics_obtained":[{"floor":6,"key":"Bag of Preparation"},{"floor":8,"key":"Bottled Lightning"},{"floor":9,"key":"Kunai"},{"floor":12,"key":"Meat on the Bone"},{"floor":14,"key":"PreservedInsect"},{"floor":23,"key":"Happy Flower"},{"floor":26,"key":"Bird Faced Urn"},{"floor":31,"key":"Ancient Tea Set"},{"floor":40,"key":"Vajra"},{"floor":43,"key":"MawBank"},{"floor":44,"key":"War Paint"},{"floor":45,"key":"Mercury Hourglass"},{"floor":48,"key":"Regal Pillow"}],"event_choices":[{"damage_healed":0,"gold_gain":0,"player_choice":"Grow","damage_taken":0,"max_hp_gain":0,"max_hp_loss":0,"event_name":"Living Wall","floor":3,"gold_loss":0,"cards_upgraded":["Dualcast"]},{"damage_healed":0,"gold_gain":0,"player_choice":"Entered Light","damage_taken":15,"max_hp_gain":0,"max_hp_loss":0,"event_name":"Shining Light","floor":4,"gold_loss":0,"cards_upgraded":["Defend_B","Strike_B"]},{"damage_healed":0,"gold_gain":0,"player_choice":"Searched \u00271\u0027 times","damage_taken":0,"max_hp_gain":0,"max_hp_loss":0,"event_name":"Dead Adventurer","floor":14,"gold_loss":0},{"damage_healed":0,"gold_gain":0,"player_choice":"Opened","damage_taken":0,"relics_obtained":["Smiling Mask"],"max_hp_gain":0,"max_hp_loss":0,"event_name":"The Mausoleum","floor":19,"gold_loss":0},{"cards_removed":["Strike_B"],"damage_healed":0,"gold_gain":0,"player_choice":"Upgrade and Remove","damage_taken":0,"max_hp_gain":0,"max_hp_loss":0,"event_name":"Designer","floor":22,"gold_loss":90,"cards_upgraded":["Compile Driver"]},{"damage_healed":0,"gold_gain":0,"player_choice":"Joined the Cult","damage_taken":6,"max_hp_gain":0,"max_hp_loss":0,"event_name":"Nest","floor":28,"gold_loss":0,"cards_obtained":["RitualDagger"]},{"damage_healed":0,"gold_gain":0,"player_choice":"Upgraded","damage_taken":0,"max_hp_gain":0,"max_hp_loss":0,"event_name":"Upgrade Shrine","floor":36,"gold_loss":0,"cards_upgraded":["Go for the Eyes"]},{"damage_healed":0,"gold_gain":0,"player_choice":"Embrace Madness","damage_taken":9,"max_hp_gain":0,"max_hp_loss":0,"event_name":"Winding Halls","floor":41,"gold_loss":0,"cards_obtained":["Madness","Madness"]}],"is_beta":false,"boss_relics":[{"not_picked":["Snecko Eye","Coffee Dripper"],"picked":"Eternal Feather"},{"not_picked":["Orrery","Black Star"],"picked":"FrozenCore"}],"items_purged_floors":[2,21,27,37],"is_endless":false,"potions_floor_spawned":[1,8,13,20,31,33,35,38,44,48],"ascension_level":1}