{"gold_per_floor":[114,129,129,41,41,41,71,86,161,176,206,221,236,17,17,117,117,132,132,147,162,28,58,58,88,113,113,143,143,158,173,173,273,273,288,303,303,185,200,200,215,245,270,270,300,315,315,415,415,415],"floor_reached":51,"playtime":6362,"items_purged":["Shame"],"score":952,"play_id":"c059800d-769d-479c-a975-e1a24fd22d2a","local_time":"20190221000824","daily_mods":["Heirloom","Time Dilation","Elite Swarm"],"is_ascension_mode":false,"campfire_choices":[{"data":"Deadly Poison","floor":6,"key":"SMITH"},{"data":"Burst","floor":15,"key":"SMITH"},{"data":"Chrysalis","floor":24,"key":"SMITH"},{"data":"Calculated Gamble","floor":32,"key":"SMITH"},{"data":"Adrenaline","floor":40,"key":"SMITH"},{"data":"Adrenaline","floor":47,"key":"SMITH"},{"data":"Prepared","floor":49,"key":"SMITH"}],"neow_cost":"","seed_source_timestamp":0,"circlet_count":0,"master_deck":["Defend_G","Defend_G","Defend_G","Survivor","Neutralize","Deadly Poison+1","Catalyst+1","Finesse","Corpse Explosion","Backflip","Prepared+1","Burst+1","Finisher","Crippling Poison","Infinite Blades+1","Chrysalis+1","Adrenaline+1","Bane","Calculated Gamble+1","Escape Plan","Bandage Up","Corpse Explosion","Adrenaline+1","Parasite","Bite","Bite","Bite","Bite","Bite","Tools of the Trade+1","Backflip+1","Backflip+1","A Thousand Cuts+1","Prepared","Acrobatics+1","Accuracy+1","Well Laid Plans+1","Poisoned Stab+1","Calculated Gamble+1","After Image+1","Normality","Bane+1"],"special_seed":17948,"relics":["Ring of the Snake","The Specimen","FossilizedHelix","Frozen Egg 2","Centennial Puzzle","Cursed Key","Ancient Tea Set","Sundial","Art of War","The Courier","Blue Candle","Black Star","Nunchaku","Anchor","PreservedInsect","Pocketwatch","Bag of Preparation"],"potions_floor_usage":[19,23,28,28,50],"damage_taken":[{"damage":0,"enemies":"2 Louse","floor":1,"turns":3},{"damage":1,"enemies":"Cultist","floor":2,"turns":3},{"damage":26,"enemies":"Lagavulin","floor":7,"turns":4},{"damage":0,"enemies":"Small Slimes","floor":8,"turns":2},{"damage":0,"enemies":"2 Fungi Beasts","floor":10,"turns":3},{"damage":0,"enemies":"Gremlin Nob","floor":11,"turns":3},{"damage":0,"enemies":"Blue Slaver","floor":12,"turns":4},{"damage":0,"enemies":"Exordium Wildlife","floor":13,"turns":2},{"damage":0,"enemies":"Slime Boss","floor":16,"turns":7},{"damage":10,"enemies":"Spheric Guardian","floor":18,"turns":4},{"damage":0,"enemies":"Colosseum Slavers","floor":19,"turns":3},{"damage":0,"enemies":"2 Thieves","floor":20,"turns":2},{"damage":14,"enemies":"Shelled Parasite and Fungi","floor":21,"turns":4},{"damage":9,"enemies":"Slavers","floor":23,"turns":4},{"damage":0,"enemies":"Gremlin Leader","floor":25,"turns":3},{"damage":9,"enemies":"Book of Stabbing","floor":28,"turns":4},{"damage":15,"enemies":"Snake Plant","floor":30,"turns":2},{"damage":0,"enemies":"3 Cultists","floor":31,"turns":2},{"damage":62,"enemies":"Collector","floor":33,"turns":6},{"damage":10,"enemies":"Orb Walker","floor":35,"turns":4},{"damage":4,"enemies":"3 Darklings","floor":36,"turns":3},{"damage":8,"enemies":"Sphere and 2 Shapes","floor":39,"turns":4},{"damage":0,"enemies":"Spire Growth","floor":41,"turns":2},{"damage":17,"enemies":"Reptomancer","floor":42,"turns":3},{"damage":0,"enemies":"Giant Head","floor":45,"turns":4},{"damage":0,"enemies":"3 Darklings","floor":46,"turns":2},{"damage":22,"enemies":"Awakened One","floor":50,"turns":11}],"seed_played":"-5984108549789572650","potions_obtained":[{"floor":2,"key":"SteroidPotion"},{"floor":11,"key":"Fruit Juice"},{"floor":12,"key":"SkillPotion"},{"floor":16,"key":"Poison Potion"},{"floor":23,"key":"Fruit Juice"},{"floor":31,"key":"Fire Potion"},{"floor":36,"key":"Block Potion"},{"floor":42,"key":"GhostInAJar"}],"is_trial":false,"path_per_floor":["M","M","?","$","?","R","E","M","T","M","E","M","M","$","R","B",null,"M","?","M","M","$","E","R","E","T","?","E","T","M","M","R","B",null,"M","M","?","$","M","R","M","E","T","?","E","M","R","?","R","B",null],"character_chosen":"THE_SILENT","items_purchased":["Finesse","Infinite Blades+1","Chrysalis","Escape Plan","Bandage Up","Well Laid Plans+1"],"campfire_rested":0,"item_purchase_floors":[4,14,14,22,22,38],"current_hp_per_floor":[70,69,69,69,69,69,43,43,43,43,43,43,43,43,43,43,70,60,65,65,51,51,46,46,46,46,46,57,57,52,57,57,9,57,53,53,53,53,53,53,57,54,54,54,57,57,57,57,57,47],"gold":415,"neow_bonus":"","is_prod":false,"is_daily":true,"chose_seed":false,"campfire_upgraded":7,"win_rate":0,"timestamp":1550729304,"path_taken":["M","M","?","$","?","R","E","M","T","M","E","M","?","$","R","BOSS","M","?","M","M","$","E","R","E","T","?","E","?","M","M","R","BOSS","M","M","?","$","?","R","M","E","T","?","E","M","R","?","R","BOSS"],"build_version":"2019-01-23","purchased_purges":1,"victory":true,"max_hp_per_floor":[70,70,70,70,70,70,70,70,70,70,70,70,70,70,70,70,70,70,75,75,75,75,75,75,75,75,52,57,57,57,57,57,57,57,57,57,57,57,57,57,57,57,57,57,57,57,57,57,57,57],"card_choices":[{"not_picked":["Concentrate","Escape Plan"],"picked":"Deadly Poison","floor":1},{"not_picked":["Sucker Punch","Distraction"],"picked":"Catalyst","floor":2},{"not_picked":["Doppelganger","Adrenaline"],"picked":"Corpse Explosion","floor":7},{"not_picked":["Leg Sweep","Slice"],"picked":"Backflip","floor":8},{"not_picked":["Distraction","Predator"],"picked":"Prepared","floor":10},{"not_picked":["Glass Knife","Night Terror"],"picked":"Burst","floor":11},{"not_picked":["Bane","Bouncing Flask"],"picked":"Finisher","floor":12},{"not_picked":["Calculated Gamble","Deadly Poison"],"picked":"Crippling Poison","floor":13},{"not_picked":["Burst","Glass Knife"],"picked":"Adrenaline","floor":16},{"not_picked":["Slice","Expertise"],"picked":"Bane","floor":18},{"not_picked":["Slice","Blur","Infinite Blades+1"],"picked":"SKIP","floor":20},{"not_picked":["Prepared+1","Concentrate+1"],"picked":"Calculated Gamble","floor":21},{"not_picked":["Doppelganger","Storm of Steel"],"picked":"Corpse Explosion","floor":23},{"not_picked":["Phantasmal Killer","Malaise"],"picked":"Adrenaline","floor":25},{"not_picked":["Glass Knife","Adrenaline"],"picked":"Tools of the Trade+1","floor":28},{"not_picked":["Cloak And Dagger","Flying Knee"],"picked":"Backflip+1","floor":30},{"not_picked":["Blur","Flying Knee"],"picked":"Backflip+1","floor":31},{"not_picked":["Corpse Explosion","Venomology"],"picked":"A Thousand Cuts+1","floor":33},{"not_picked":["Dagger Throw","Deflect+1"],"picked":"Prepared","floor":35},{"not_picked":["Slice","Quick Slash+1"],"picked":"Acrobatics+1","floor":36},{"not_picked":["Eviscerate","Flying Knee"],"picked":"Poisoned Stab+1","floor":39},{"not_picked":["Dodge and Roll+1","Bane"],"picked":"Calculated Gamble+1","floor":41},{"not_picked":["Tools of the Trade+1","Malaise"],"picked":"After Image+1","floor":42},{"not_picked":["Envenom+1","Grand Finale","Unload"],"picked":"SKIP","floor":45},{"not_picked":["Sucker Punch","Calculated Gamble"],"picked":"Bane+1","floor":46}],"player_experience":53358,"relics_obtained":[{"floor":7,"key":"FossilizedHelix"},{"floor":9,"key":"Frozen Egg 2"},{"floor":11,"key":"Centennial Puzzle"},{"floor":23,"key":"Ancient Tea Set"},{"floor":25,"key":"Sundial"},{"floor":26,"key":"Art of War"},{"floor":28,"key":"The Courier"},{"floor":29,"key":"Blue Candle"},{"floor":42,"key":"Nunchaku"},{"floor":42,"key":"Anchor"},{"floor":43,"key":"PreservedInsect"},{"floor":45,"key":"Pocketwatch"},{"floor":45,"key":"Bag of Preparation"}],"event_choices":[{"damage_healed":0,"gold_gain":0,"player_choice":"Grow","damage_taken":0,"max_hp_gain":0,"max_hp_loss":0,"event_name":"Living Wall","floor":3,"gold_loss":0,"cards_upgraded":["Catalyst"]},{"cards_removed":["Defend_G"],"damage_healed":0,"gold_gain":0,"player_choice":"Purged","damage_taken":0,"max_hp_gain":0,"max_hp_loss":0,"event_name":"Purifier","floor":5,"gold_loss":0},{"damage_healed":0,"gold_gain":0,"player_choice":"Fight","damage_taken":0,"max_hp_gain":0,"max_hp_loss":0,"event_name":"Colosseum","floor":19,"gold_loss":0},{"damage_healed":0,"gold_gain":0,"player_choice":"Fled From Nobs","damage_taken":0,"max_hp_gain":0,"max_hp_loss":0,"event_name":"Colosseum","floor":19,"gold_loss":0},{"damage_healed":0,"gold_gain":0,"player_choice":"Became a vampire","damage_taken":0,"max_hp_gain":0,"max_hp_loss":23,"event_name":"Vampires","floor":27,"gold_loss":0,"cards_obtained":["Bite","Bite","Bite","Bite","Bite"]},{"damage_healed":0,"gold_gain":0,"cards_transformed":["Defend_G"],"player_choice":"Transformed","damage_taken":0,"max_hp_gain":0,"max_hp_loss":0,"event_name":"Transmorgrifier","floor":37,"gold_loss":0,"cards_obtained":["Accuracy"]},{"damage_healed":0,"gold_gain":0,"player_choice":"Ignored","damage_taken":0,"max_hp_gain":0,"max_hp_loss":0,"event_name":"Tomb of Lord Red Mask","floor":44,"gold_loss":0},{"damage_healed":0,"gold_gain":100,"player_choice":"Pray","damage_taken":0,"max_hp_gain":0,"max_hp_loss":0,"event_name":"Golden Shrine","floor":48,"gold_loss":0}],"is_beta":false,"boss_relics":[{"not_picked":["Snecko Eye","Ring of the Serpent"],"picked":"Cursed Key"},{"not_picked":["Orrery","Velvet Choker"],"picked":"Black Star"}],"items_purged_floors":[38],"is_endless":false,"potions_floor_spawned":[2,11,12,16,18,19,20,23,31,36,42,45],"ascension_level":0}