{"gold_per_floor":[116,136,311,311,164,196,196,196,272,10,10,23,23,64,64,194,194,189,214,19,32,56,94,94,112,112,112,37,37,37,68,80,216,228,254,280,37,37,137,137,155,155,155,168,182,206,206,219,219,219],"floor_reached":51,"playtime":3994,"items_purged":["Doubt"],"score":1099,"play_id":"cef96391-f960-4a66-a984-d64c9259d27e","local_time":"20190502231347","is_ascension_mode":true,"campfire_choices":[{"data":"Neutralize","floor":8,"key":"SMITH"},{"data":"Infinite Blades","floor":13,"key":"SMITH"},{"floor":15,"key":"REST"},{"floor":24,"key":"REST"},{"floor":27,"key":"DIG"},{"floor":30,"key":"DIG"},{"floor":32,"key":"DIG"},{"data":"Catalyst","floor":40,"key":"SMITH"},{"floor":42,"key":"DIG"},{"floor":47,"key":"REST"},{"floor":49,"key":"DIG"}],"neow_cost":"NONE","seed_source_timestamp":5044472831843870,"circlet_count":0,"master_deck":["AscendersBane","Defend_G","Defend_G","Defend_G","Defend_G","Strike_G","Strike_G","Strike_G","Strike_G","Survivor","Neutralize+1","PiercingWail","Infinite Blades+1","Cloak And Dagger","Crippling Poison","Accuracy","Bouncing Flask","Backflip","Adrenaline","Deadly Poison+1","Noxious Fumes+1","Cloak And Dagger","PiercingWail","Catalyst+1","Bullet Time","Expertise+1","Adrenaline","Dash+1","Well Laid Plans+1","Backflip","Calculated Gamble+1","Cloak And Dagger+1","PiercingWail+1","PiercingWail+1"],"relics":["Ring of the Snake","NeowsBlessing","Torii","Mercury Hourglass","Golden Idol","Blue Candle","Anchor","Shovel","Sozu","Lantern","PreservedInsect","Question Card","Pantograph","MawBank","Omamori","Empty Cage","Kunai","Mango","The Specimen","Happy Flower"],"potions_floor_usage":[14],"damage_taken":[{"damage":0,"enemies":"2 Louse","floor":1,"turns":1},{"damage":0,"enemies":"Small Slimes","floor":2,"turns":1},{"damage":0,"enemies":"Gremlin Nob","floor":6,"turns":1},{"damage":1,"enemies":"Jaw Worm","floor":12,"turns":4},{"damage":9,"enemies":"3 Sentries","floor":14,"turns":5},{"damage":15,"enemies":"Hexaghost","floor":16,"turns":9},{"damage":15,"enemies":"2 Thieves","floor":18,"turns":4},{"damage":2,"enemies":"Spheric Guardian","floor":19,"turns":5},{"damage":9,"enemies":"Centurion and Healer","floor":21,"turns":6},{"damage":10,"enemies":"Snecko","floor":22,"turns":5},{"damage":12,"enemies":"Gremlin Leader","floor":23,"turns":7},{"damage":7,"enemies":"Snake Plant","floor":25,"turns":4},{"damage":0,"enemies":"Cultist and Chosen","floor":31,"turns":5},{"damage":63,"enemies":"Collector","floor":33,"turns":7},{"damage":6,"enemies":"Orb Walker","floor":35,"turns":4},{"damage":1,"enemies":"3 Shapes","floor":36,"turns":4},{"damage":2,"enemies":"3 Darklings","floor":41,"turns":6},{"damage":2,"enemies":"Maw","floor":44,"turns":7},{"damage":0,"enemies":"Transient","floor":45,"turns":5},{"damage":29,"enemies":"Spire Growth","floor":46,"turns":4},{"damage":0,"enemies":"Sphere and 2 Shapes","floor":48,"turns":4},{"damage":51,"enemies":"Donu and Deca","floor":50,"turns":9}],"seed_played":"-1215732015248022548","potions_obtained":[{"floor":2,"key":"Energy Potion"},{"floor":12,"key":"FairyPotion"}],"is_trial":false,"path_per_floor":["M","M","?","?","$","E","?","R","T","$","?","M","R","E","R","B",null,"M","M","$","M","M","E","R","M","T","R","?","?","R","M","R","B",null,"M","M","$","?","?","R","M","R","T","M","M","M","R","M","R","B",null],"character_chosen":"THE_SILENT","items_purchased":["Infinite Blades","Anchor","Crippling Poison","Accuracy","Lantern","Cloak And Dagger","Kunai"],"campfire_rested":3,"item_purchase_floors":[5,10,10,10,20,20,37],"current_hp_per_floor":[63,63,63,51,51,51,51,51,51,51,51,50,50,41,62,47,64,49,47,47,38,28,16,37,30,30,30,30,30,30,30,30,7,54,48,47,47,47,47,47,45,59,59,57,57,28,53,53,53,27],"gold":219,"neow_bonus":"THREE_ENEMY_KILL","is_prod":false,"is_daily":false,"chose_seed":false,"campfire_upgraded":3,"win_rate":0,"timestamp":1556853227,"path_taken":["M","M","?","?","$","E","?","R","T","$","?","M","R","E","R","BOSS","M","M","$","M","M","E","R","M","T","R","?","?","R","M","R","BOSS","M","M","$","?","?","R","M","R","T","M","?","M","R","M","R","BOSS"],"build_version":"2019-01-23","purchased_purges":1,"victory":true,"max_hp_per_floor":[70,70,70,70,70,70,70,70,70,70,70,70,70,70,70,70,70,70,70,70,70,70,70,70,70,70,70,70,70,70,70,70,70,70,70,70,70,70,70,70,70,84,84,84,84,84,84,84,84,84],"card_choices":[{"not_picked":["Cloak And Dagger","Flying Knee"],"picked":"PiercingWail","floor":1},{"not_picked":["Choke","Poisoned Stab","Outmaneuver"],"picked":"SKIP","floor":2},{"not_picked":["Outmaneuver","Dodge and Roll"],"picked":"Cloak And Dagger","floor":6},{"not_picked":["Flying Knee","Dagger Spray"],"picked":"Bouncing Flask","floor":12},{"not_picked":["Blur","Flying Knee"],"picked":"Backflip","floor":14},{"not_picked":["Malaise","Glass Knife"],"picked":"Adrenaline","floor":16},{"not_picked":["PiercingWail","Bane"],"picked":"Deadly Poison+1","floor":18},{"not_picked":["Deadly Poison","Bane"],"picked":"Noxious Fumes+1","floor":19},{"not_picked":["Crippling Poison","Dagger Throw","Flying Knee"],"picked":"SKIP","floor":21},{"not_picked":["Night Terror","Dagger Spray+1"],"picked":"PiercingWail","floor":22},{"not_picked":["Escape Plan","Terror"],"picked":"Catalyst","floor":23},{"not_picked":["Deflect+1","Underhanded Strike"],"picked":"Bullet Time","floor":25},{"not_picked":["Flechettes","Endless Agony","Slice"],"picked":"Expertise+1","floor":31},{"not_picked":["A Thousand Cuts","Tools of the Trade","Unload"],"picked":"Adrenaline","floor":33},{"not_picked":["Deadly Poison+1","Concentrate","Noxious Fumes"],"picked":"Dash+1","floor":35},{"not_picked":["Bane","Heel Hook","Sucker Punch"],"picked":"Well Laid Plans+1","floor":36},{"not_picked":["Outmaneuver+1","Tactician+1","Flechettes"],"picked":"Backflip","floor":41},{"not_picked":["Quick Slash","Glass Knife","Masterful Stab"],"picked":"Calculated Gamble+1","floor":44},{"not_picked":["Crippling Poison","Poisoned Stab","Riddle With Holes+1"],"picked":"Cloak And Dagger+1","floor":45},{"not_picked":["Outmaneuver+1","Cloak And Dagger","Bane"],"picked":"PiercingWail+1","floor":46},{"not_picked":["Endless Agony","Predator","Bane"],"picked":"PiercingWail+1","floor":48}],"player_experience":252699,"relics_obtained":[{"floor":6,"key":"Mercury Hourglass"},{"floor":9,"key":"Blue Candle"},{"floor":14,"key":"Shovel"},{"floor":23,"key":"PreservedInsect"},{"floor":26,"key":"Question Card"},{"floor":27,"key":"Pantograph"},{"floor":30,"key":"MawBank"},{"floor":32,"key":"Omamori"},{"floor":42,"key":"Mango"},{"floor":43,"key":"The Specimen"},{"floor":49,"key":"Happy Flower"}],"event_choices":[{"damage_healed":0,"gold_gain":175,"player_choice":"AGREE","damage_taken":0,"max_hp_gain":0,"max_hp_loss":0,"event_name":"Liars Game","floor":3,"gold_loss":0,"cards_obtained":["Doubt"]},{"damage_healed":0,"gold_gain":0,"player_choice":"Success","damage_taken":12,"relics_obtained":["Torii"],"max_hp_gain":0,"max_hp_loss":0,"event_name":"Scrap Ooze","floor":4,"gold_loss":0},{"damage_healed":0,"gold_gain":0,"player_choice":"Take Wound","damage_taken":0,"relics_obtained":["Golden Idol"],"max_hp_gain":0,"max_hp_loss":0,"event_name":"Golden Idol","floor":7,"gold_loss":0,"cards_obtained":["Injury"]},{"damage_healed":0,"gold_gain":0,"player_choice":"Leave","damage_taken":0,"max_hp_gain":0,"max_hp_loss":0,"event_name":"The Cleric","floor":11,"gold_loss":0},{"cards_removed":["Injury"],"damage_healed":0,"gold_gain":0,"player_choice":"Gave Gold","damage_taken":0,"max_hp_gain":0,"max_hp_loss":0,"event_name":"Beggar","floor":28,"gold_loss":75},{"damage_healed":0,"gold_gain":0,"player_choice":"Ignored","damage_taken":0,"max_hp_gain":0,"max_hp_loss":0,"event_name":"Mysterious Sphere","floor":38,"gold_loss":0},{"damage_healed":0,"gold_gain":100,"player_choice":"Pray","damage_taken":0,"max_hp_gain":0,"max_hp_loss":0,"event_name":"Golden Shrine","floor":39,"gold_loss":0}],"is_beta":false,"boss_relics":[{"not_picked":["Lizard Tail","Black Star"],"picked":"Sozu"},{"not_picked":["White Beast Statue","Runic Dome"],"picked":"Empty Cage"}],"items_purged_floors":[5],"is_endless":false,"potions_floor_spawned":[2,12,18,23,31,36,45,46],"ascension_level":11}