{"gold_per_floor":[117,117,42,42,58,83,108,119,142,192,202,217,217,248,248,319,319,339,339,329,339,339,339,364,364,664,132,132,146,40,71,71,149,149,164,209,14,29,29],"floor_reached":39,"playtime":2327,"items_purged":["Strike_B+1"],"score":791,"play_id":"42027475-9360-42d7-9c00-b48c1e2e8394","local_time":"20190525104313","is_ascension_mode":true,"campfire_choices":[{"data":"Defragment","floor":13,"key":"SMITH"},{"floor":15,"key":"REST"},{"data":"Rainbow","floor":23,"key":"SMITH"},{"floor":25,"key":"REST"},{"data":"Capacitor","floor":28,"key":"SMITH"},{"data":"Loop","floor":32,"key":"SMITH"}],"neow_cost":"NONE","seed_source_timestamp":466382715411729,"circlet_count":0,"master_deck":["AscendersBane","Strike_B+1","Defend_B","Defend_B","Defend_B","Defend_B","Dualcast","Reinforced Body","Defragment+1","Fission+1","Ball Lightning","Compile Driver","Coolheaded","Machine Learning","Rainbow+1","Leap+1","Recycle","Glacier","Capacitor+1","Loop+1","Self Repair","Undo","Undo","Creative AI","Steam+1","White Noise","Coolheaded+1","Hologram","Redo+1","Cold Snap+1"],"relics":["Cracked Core","NeowsBlessing","Regal Pillow","Whetstone","Pen Nib","Juzu Bracelet","Philosopher\u0027s Stone","Vajra","Old Coin","OrangePellets","Bag of Preparation","Strawberry","Orrery","Girya","Frozen Eye"],"potions_floor_usage":[14,16,24,24,36,39],"damage_taken":[{"damage":0,"enemies":"Jaw Worm","floor":1,"turns":1},{"damage":0,"enemies":"Small Slimes","floor":5,"turns":1},{"damage":0,"enemies":"Lagavulin","floor":6,"turns":1},{"damage":0,"enemies":"Cultist","floor":8,"turns":5},{"damage":0,"enemies":"Blue Slaver","floor":11,"turns":4},{"damage":13,"enemies":"Gremlin Gang","floor":12,"turns":5},{"damage":18,"enemies":"Gremlin Nob","floor":14,"turns":3},{"damage":24,"enemies":"The Guardian","floor":16,"turns":12},{"damage":6,"enemies":"Spheric Guardian","floor":18,"turns":4},{"damage":7,"enemies":"2 Thieves","floor":20,"turns":4},{"damage":5,"enemies":"Snecko","floor":21,"turns":5},{"damage":28,"enemies":"Gremlin Leader","floor":24,"turns":6},{"damage":0,"enemies":"Chosen and Byrds","floor":29,"turns":7},{"damage":7,"enemies":"Book of Stabbing","floor":31,"turns":7},{"damage":67,"enemies":"Collector","floor":33,"turns":18},{"damage":0,"enemies":"3 Shapes","floor":35,"turns":8},{"damage":56,"enemies":"2 Orb Walkers","floor":36,"turns":7},{"damage":6,"enemies":"3 Darklings","floor":38,"turns":4},{"damage":24,"enemies":"Spire Growth","floor":39,"turns":4}],"seed_played":"3790169992718144189","potions_obtained":[{"floor":5,"key":"GamblersBrew"},{"floor":6,"key":"Regen Potion"},{"floor":14,"key":"SpeedPotion"},{"floor":20,"key":"PowerPotion"},{"floor":33,"key":"FocusPotion"},{"floor":38,"key":"EssenceOfSteel"}],"is_trial":false,"path_per_floor":["M","?","?","$","M","E","T","M","T","?","M","M","R","E","R","B",null,"M","?","M","M","?","R","E","R","T","$","R","M","$","E","R","B",null,"M","?","$","M","M"],"character_chosen":"DEFECT","items_purchased":["Glacier","Capacitor","OrangePellets","Bag of Preparation","Self Repair","Undo","Frozen Eye"],"campfire_rested":2,"item_purchase_floors":[27,27,27,27,30,30,37],"current_hp_per_floor":[64,57,57,57,57,57,57,57,57,57,57,44,44,26,62,38,63,57,57,50,45,45,45,29,65,65,65,65,65,65,72,72,12,62,69,20,20,21,0],"gold":29,"neow_bonus":"THREE_ENEMY_KILL","is_prod":false,"is_daily":false,"chose_seed":false,"campfire_upgraded":4,"win_rate":0,"timestamp":1558795393,"path_taken":["M","?","?","$","M","E","?","M","T","?","M","?","R","E","R","BOSS","M","?","M","M","?","R","E","R","T","$","R","M","$","E","R","BOSS","M","?","$","M","M"],"build_version":"2019-01-23","purchased_purges":1,"victory":false,"max_hp_per_floor":[71,71,71,71,71,71,71,71,71,71,71,71,71,71,71,71,71,71,71,71,71,71,71,71,71,71,71,71,71,71,78,78,78,78,78,78,78,78,78],"card_choices":[{"not_picked":["Streamline","Rebound"],"picked":"Reinforced Body","floor":1},{"not_picked":["Redo","Lockon"],"picked":"Defragment","floor":5},{"not_picked":["Conserve Battery","Coolheaded"],"picked":"Fission","floor":6},{"not_picked":["Storm","Cold Snap"],"picked":"Ball Lightning","floor":8},{"not_picked":["Streamline","Stack"],"picked":"Compile Driver","floor":11},{"not_picked":["Gash","BootSequence"],"picked":"Coolheaded","floor":12},{"not_picked":["Stack","Streamline"],"picked":"Machine Learning","floor":14},{"not_picked":["All For One","Reboot"],"picked":"Rainbow","floor":16},{"not_picked":["Redo","Reprogram"],"picked":"Leap+1","floor":18},{"not_picked":["Barrage","Rip and Tear","Doom and Gloom"],"picked":"SKIP","floor":20},{"not_picked":["Redo","Tempest+1","Rebound"],"picked":"SKIP","floor":21},{"not_picked":["Cold Snap","Darkness"],"picked":"Recycle","floor":24},{"not_picked":["Barrage","Sunder"],"picked":"Loop","floor":29},{"not_picked":["Turbo","Ball Lightning"],"picked":"Undo","floor":31},{"not_picked":["Seek","Electrodynamics"],"picked":"Creative AI","floor":33},{"not_picked":["Heatsinks","Sweeping Beam"],"picked":"Steam+1","floor":34},{"not_picked":["Turbo","Rebound"],"picked":"White Noise","floor":34},{"not_picked":["Turbo+1","Compile Driver"],"picked":"Coolheaded+1","floor":34},{"not_picked":["Redo","Turbo"],"picked":"Hologram","floor":34},{"not_picked":["Gash","Go for the Eyes"],"picked":"Redo+1","floor":34},{"not_picked":["Conserve Battery","Go for the Eyes"],"picked":"Cold Snap+1","floor":35},{"not_picked":["Stack","Conserve Battery","Creative AI"],"picked":"SKIP","floor":38}],"player_experience":1322049,"relics_obtained":[{"floor":6,"key":"Regal Pillow"},{"floor":7,"key":"Whetstone"},{"floor":9,"key":"Pen Nib"},{"floor":14,"key":"Juzu Bracelet"},{"floor":24,"key":"Vajra"},{"floor":26,"key":"Old Coin"},{"floor":31,"key":"Strawberry"},{"floor":36,"key":"Girya"}],"event_choices":[{"cards_removed":["Strike_B"],"damage_healed":0,"gold_gain":0,"player_choice":"Card Removal","damage_taken":7,"max_hp_gain":0,"max_hp_loss":0,"event_name":"Golden Wing","floor":2,"gold_loss":0},{"cards_removed":["Strike_B"],"damage_healed":0,"gold_gain":0,"player_choice":"Card Removal","damage_taken":0,"max_hp_gain":0,"max_hp_loss":0,"event_name":"The Cleric","floor":3,"gold_loss":75},{"damage_healed":0,"gold_gain":50,"player_choice":"Pray","damage_taken":0,"max_hp_gain":0,"max_hp_loss":0,"event_name":"Golden Shrine","floor":10,"gold_loss":0},{"damage_healed":0,"gold_gain":0,"player_choice":"Forge","damage_taken":0,"max_hp_gain":0,"max_hp_loss":0,"event_name":"Accursed Blacksmith","floor":19,"gold_loss":0,"cards_upgraded":["Fission"]},{"cards_removed":["Zap"],"damage_healed":0,"gold_gain":0,"player_choice":"Purged","damage_taken":0,"max_hp_gain":0,"max_hp_loss":0,"event_name":"Purifier","floor":22,"gold_loss":0},{"damage_healed":0,"gold_gain":0,"player_choice":"Fight","damage_taken":0,"max_hp_gain":0,"max_hp_loss":0,"event_name":"Mysterious Sphere","floor":36,"gold_loss":0}],"is_beta":false,"boss_relics":[{"not_picked":["Velvet Choker","Runic Dome"],"picked":"Philosopher\u0027s Stone"},{"not_picked":["Lizard Tail","Astrolabe"],"picked":"Orrery"}],"items_purged_floors":[27],"is_endless":false,"potions_floor_spawned":[5,6,8,14,20,21,33,38],"killed_by":"Spire Growth","ascension_level":15}