{"gold_per_floor":[116,131,20,20,33,33,68,26,26,59,59,59,59,93,93,170,170,181,181,280,280,296,330,330,26,26,45,45,109,119,148,148,227,227,243,266,317,317,317,346,346,371,371,400,418,26,26,0,0,0],"floor_reached":51,"playtime":4257,"items_purged":[],"score":1550,"play_id":"3adc1842-57cd-4da9-b900-e1193906afbf","local_time":"20190514030604","is_ascension_mode":true,"campfire_choices":[{"data":"Doom and Gloom","floor":6.0,"key":"SMITH"},{"data":"Zap","floor":11.0,"key":"SMITH"},{"floor":13.0,"key":"REST"},{"data":"Beam Cell","floor":15.0,"key":"SMITH"},{"data":"Dualcast","floor":24,"key":"SMITH"},{"floor":32,"key":"REST"},{"floor":41,"key":"REST"},{"data":"Go for the Eyes","floor":49,"key":"SMITH"}],"neow_cost":"NONE","seed_source_timestamp":806996989610925,"circlet_count":0,"master_deck":["AscendersBane","Strike_B+1","Strike_B+1","Strike_B+1","Defend_B+1","Defend_B+1","Defend_B+1","Defend_B+1","Zap+1","Dualcast+1","Beam Cell+1","Gash","Doom and Gloom+1","FTL","Compile Driver","Conserve Battery","All For One","Glacier","Electrodynamics","White Noise+1","Compile Driver","Zap+1","Seek","BootSequence","Cold Snap+1","Defragment+1","FTL","Defragment+1","Gash","Go for the Eyes+1","Steam","All For One","Loop+1","Gash","Ball Lightning","FTL","Leap+1","Capacitor+1","All For One","FTL","Hologram","Rebound"],"special_seed":0,"relics":["Cracked Core","Pantograph","Symbiotic Virus","Omamori","Juzu Bracelet","DataDisk","Black Star","Mummified Hand","Sundial","Orichalcum","Singing Bowl","Frozen Egg 2","Tiny Chest","Pocketwatch","Calipers","Runic Pyramid","Ancient Tea Set","Prayer Wheel","Vajra","Blood Vial","Happy Flower","Regal Pillow","Bag of Marbles","War Paint","Oddly Smooth Stone","Shuriken","Red Mask"],"potions_floor_usage":[23,33,50],"damage_taken":[{"damage":6.0,"enemies":"Cultist","floor":1.0,"turns":3.0},{"damage":4.0,"enemies":"2 Louse","floor":2.0,"turns":3.0},{"damage":0.0,"enemies":"Small Slimes","floor":5.0,"turns":2.0},{"damage":9.0,"enemies":"3 Sentries","floor":7.0,"turns":4.0},{"damage":8.0,"enemies":"Gremlin Nob","floor":10.0,"turns":3.0},{"damage":15.0,"enemies":"3 Sentries","floor":14.0,"turns":4.0},{"damage":0.0,"enemies":"Slime Boss","floor":16.0,"turns":3.0},{"damage":11.0,"enemies":"Shell Parasite","floor":18.0,"turns":4.0},{"damage":0.0,"enemies":"Spheric Guardian","floor":22.0,"turns":3.0},{"damage":16,"enemies":"Book of Stabbing","floor":23,"turns":4},{"damage":0,"enemies":"3 Cultists","floor":27,"turns":4},{"damage":11,"enemies":"Slavers","floor":29,"turns":2},{"damage":0,"enemies":"Centurion and Healer","floor":30,"turns":4},{"damage":20,"enemies":"Gremlin Leader","floor":31,"turns":4},{"damage":21,"enemies":"Collector","floor":33,"turns":7},{"damage":0,"enemies":"3 Shapes","floor":35,"turns":4},{"damage":18,"enemies":"2 Orb Walkers","floor":37,"turns":3},{"damage":24,"enemies":"Reptomancer","floor":40,"turns":5},{"damage":0,"enemies":"Nemesis","floor":42,"turns":5},{"damage":0,"enemies":"Giant Head","floor":44,"turns":6},{"damage":0,"enemies":"3 Darklings","floor":45,"turns":4},{"damage":35,"enemies":"Awakened One","floor":50,"turns":11}],"seed_played":"2489221183173943937","potions_obtained":[{"floor":2.0,"key":"Dexterity Potion"},{"floor":5.0,"key":"PowerPotion"},{"floor":14.0,"key":"Strength Potion"},{"floor":16.0,"key":"Energy Potion"},{"floor":22.0,"key":"AttackPotion"},{"floor":27,"key":"AttackPotion"},{"floor":30,"key":"Explosive Potion"},{"floor":35,"key":"SpeedPotion"}],"is_trial":false,"path_per_floor":["M","M","$","?","M","R","E","?","T","E","R","?","R","E","R","B",null,"M","?","?","?","M","E","R","$","T","M","?","E","M","E","R","B",null,"M","T","?","?","?","E","R","E","T","E","M","$","?","?","R","B",null],"character_chosen":"DEFECT","items_purchased":["Doom and Gloom","FTL","Orichalcum","Defragment","FTL","Shuriken","FTL","Hologram","Rebound"],"campfire_rested":3,"item_purchase_floors":[3,3,25,25,25,46,46,46,46],"current_hp_per_floor":[65,61,61,61,61,61,52,52,52,44,44,32,55,40,40,65,75,64,64,64,64,64,48,48,48,48,48,48,37,37,17,40,44,70,70,70,52,52,52,28,51,53,53,55,57,57,57,57,57,43],"gold":0,"neow_bonus":"TEN_PERCENT_HP_BONUS","is_prod":false,"is_daily":false,"chose_seed":false,"campfire_upgraded":5,"win_rate":0,"timestamp":1557817564,"path_taken":["M","M","$","?","M","R","E","?","T","E","R","?","R","E","R","BOSS","M","?","?","?","M","E","R","$","T","M","?","E","M","E","R","BOSS","M","?","?","?","?","E","R","E","T","E","M","$","?","?","R","BOSS"],"build_version":"2019-01-23","purchased_purges":0,"victory":true,"max_hp_per_floor":[78,78,78,78,78,78,78,78,78,78,78,78,78,78,78,78,78,78,78,78,78,78,78,78,78,78,78,78,78,78,78,78,78,78,78,78,78,78,78,78,78,78,78,78,78,78,78,78,78,78],"card_choices":[{"not_picked":["Recycle","Redo"],"picked":"Beam Cell","floor":1.0},{"not_picked":["Beam Cell","Redo"],"picked":"Gash","floor":2.0},{"not_picked":["Heatsinks","Barrage"],"picked":"Compile Driver","floor":5.0},{"not_picked":["Rip and Tear","Undo"],"picked":"Conserve Battery","floor":7.0},{"not_picked":["Cold Snap","Sweeping Beam"],"picked":"All For One","floor":10.0},{"not_picked":["Double Energy","Coolheaded"],"picked":"Glacier","floor":14.0},{"not_picked":["Multi-Cast","Meteor Strike"],"picked":"Electrodynamics","floor":16.0},{"not_picked":["Storm","Aggregate"],"picked":"White Noise","floor":18.0},{"not_picked":["Static Discharge","Turbo"],"picked":"BootSequence","floor":22.0},{"not_picked":["Chaos","Coolheaded"],"picked":"Cold Snap+1","floor":23},{"not_picked":["White Noise","Compile Driver"],"picked":"Defragment","floor":27},{"not_picked":["Skim","Static Discharge"],"picked":"Gash","floor":29},{"not_picked":["Sweeping Beam","Conserve Battery"],"picked":"Go for the Eyes","floor":30},{"not_picked":["Cold Snap","Ball Lightning"],"picked":"Steam","floor":31},{"not_picked":["Seek","Thunder Strike"],"picked":"All For One","floor":33},{"not_picked":["Cold Snap","Go for the Eyes"],"picked":"Loop+1","floor":35},{"not_picked":["Compile Driver","Melter+1"],"picked":"Gash","floor":37},{"not_picked":["Steam Power+1","Go for the Eyes"],"picked":"Ball Lightning","floor":40},{"not_picked":["Redo","Scrape"],"picked":"FTL","floor":42},{"not_picked":["Redo","Lockon"],"picked":"Leap+1","floor":44},{"not_picked":["Defragment+1","Go for the Eyes"],"picked":"Capacitor+1","floor":45},{"not_picked":["Leap","Barrage"],"picked":"All For One","floor":45}],"player_experience":602263,"relics_obtained":[{"floor":7.0,"key":"Pantograph"},{"floor":9.0,"key":"Symbiotic Virus"},{"floor":10.0,"key":"Omamori"},{"floor":14.0,"key":"DataDisk"},{"floor":23,"key":"Mummified Hand"},{"floor":23,"key":"Sundial"},{"floor":26,"key":"Singing Bowl"},{"floor":29,"key":"Frozen Egg 2"},{"floor":29,"key":"Tiny Chest"},{"floor":31,"key":"Pocketwatch"},{"floor":31,"key":"Calipers"},{"floor":36,"key":"Ancient Tea Set"},{"floor":37,"key":"Prayer Wheel"},{"floor":40,"key":"Vajra"},{"floor":40,"key":"Blood Vial"},{"floor":42,"key":"Happy Flower"},{"floor":42,"key":"Regal Pillow"},{"floor":43,"key":"Bag of Marbles"},{"floor":44,"key":"War Paint"},{"floor":44,"key":"Oddly Smooth Stone"}],"event_choices":[{"damage_healed":0.0,"max_hp_gain":0.0,"max_hp_loss":0.0,"gold_gain":0.0,"event_name":"Golden Idol","player_choice":"Ignored","floor":4.0,"gold_loss":0.0,"damage_taken":0.0},{"damage_healed":0.0,"max_hp_gain":0.0,"max_hp_loss":0.0,"gold_gain":0.0,"event_name":"World of Goop","player_choice":"Left Gold","floor":8.0,"gold_loss":42.0,"damage_taken":0.0},{"damage_healed":0.0,"max_hp_gain":0.0,"max_hp_loss":0.0,"gold_gain":0.0,"event_name":"Scrap Ooze","player_choice":"Success","floor":12.0,"gold_loss":0.0,"damage_taken":12.0,"relics_obtained":["Juzu Bracelet"]},{"damage_healed":0.0,"max_hp_gain":0.0,"max_hp_loss":0.0,"gold_gain":0.0,"event_name":"Back to Basics","player_choice":"Simplicity","floor":19.0,"gold_loss":0.0,"damage_taken":0.0,"cards_upgraded":["Strike_B","Strike_B","Strike_B","Strike_B","Defend_B","Defend_B","Defend_B","Defend_B"]},{"damage_healed":0.0,"max_hp_gain":0.0,"max_hp_loss":0.0,"gold_gain":99.0,"event_name":"Nest","player_choice":"Stole From Cult","floor":20.0,"gold_loss":0.0,"damage_taken":0.0},{"damage_healed":0.0,"max_hp_gain":0.0,"max_hp_loss":0.0,"gold_gain":0.0,"event_name":"Match and Keep!","player_choice":"3 cards matched","floor":21.0,"gold_loss":0.0,"damage_taken":0.0,"cards_obtained":["Compile Driver","Zap","Seek"]},{"damage_healed":0,"gold_gain":0,"player_choice":"Upgraded","damage_taken":0,"max_hp_gain":0,"max_hp_loss":0,"event_name":"Upgrade Shrine","floor":28,"gold_loss":0,"cards_upgraded":["Defragment"]},{"damage_healed":0,"gold_gain":0,"player_choice":"Fight","damage_taken":0,"max_hp_gain":0,"max_hp_loss":0,"event_name":"Mysterious Sphere","floor":37,"gold_loss":0},{"damage_healed":0,"gold_gain":0,"player_choice":"Upgraded","damage_taken":0,"max_hp_gain":0,"max_hp_loss":0,"event_name":"Upgrade Shrine","floor":38,"gold_loss":0,"cards_upgraded":["Defragment"]},{"damage_healed":0,"gold_gain":0,"player_choice":"Bought 0 Potions","damage_taken":0,"max_hp_gain":0,"max_hp_loss":0,"event_name":"The Woman in Blue","floor":39,"gold_loss":0},{"cards_removed":["Strike_B"],"damage_healed":0,"gold_gain":0,"player_choice":"Purged","damage_taken":0,"max_hp_gain":0,"max_hp_loss":0,"event_name":"Purifier","floor":47,"gold_loss":0},{"damage_healed":0,"gold_gain":0,"player_choice":"Paid","damage_taken":0,"relics_obtained":["Red Mask"],"max_hp_gain":0,"max_hp_loss":0,"event_name":"Tomb of Lord Red Mask","floor":48,"gold_loss":26}],"is_beta":false,"boss_relics":[{"not_picked":["Lizard Tail","FrozenCore"],"picked":"Black Star"},{"not_picked":["White Beast Statue","Snecko Eye"],"picked":"Runic Pyramid"}],"items_purged_floors":[],"is_endless":false,"potions_floor_spawned":[2,5,14,16,22,27,30,31,35,45],"ascension_level":14}