{"gold_per_floor":[116,116,128,142,160,160,189,200,200,200,229,244,1,11,11,86,86,102,112,131,142,57,57,91,52,99,111,138,163,195,0,0,74,74,87,87,103,121,121,121,121,155,182,198,209,209,221,233,233,233,233],"floor_reached":51,"playtime":3785,"items_purged":["Pain"],"score":1434,"play_id":"f7465d73-37cf-4528-b734-be27be3dd5a5","local_time":"20190523002940","is_ascension_mode":true,"campfire_choices":[{"floor":6.0,"key":"REST"},{"floor":10.0,"key":"REST"},{"floor":15.0,"key":"REST"},{"floor":23.0,"key":"REST"},{"floor":32.0,"key":"REST"},{"data":"Defragment","floor":40.0,"key":"SMITH"},{"floor":46.0,"key":"REST"},{"floor":49.0,"key":"REST"}],"neow_cost":"NONE","seed_source_timestamp":193839831798106,"circlet_count":0,"master_deck":["AscendersBane","Defend_B","Defend_B+1","Defend_B","Defend_B","Zap+1","Dualcast","Compile Driver","Cold Snap","Doom and Gloom","Coolheaded+1","FTL","Defragment+1","Go for the Eyes","Biased Cognition","Rainbow","Buffer+1","Chill","Hologram","BootSequence","Echo Form","Go for the Eyes+1","Glacier+1","Rip and Tear+1","Undo","Capacitor","Loop","Stack+1","Redo"],"special_seed":0,"relics":["Cracked Core","WarpedTongs","Mummified Hand","Bottled Lightning","Matryoshka","Vajra","Runic Dome","Potion Belt","Anchor","MawBank","Art of War","War Paint","Astrolabe","Bag of Marbles","Gremlin Horn","Torii","PreservedInsect"],"potions_floor_usage":[],"damage_taken":[{"damage":3.0,"enemies":"Small Slimes","floor":1.0,"turns":3.0},{"damage":4.0,"enemies":"Cultist","floor":3.0,"turns":3.0},{"damage":1.0,"enemies":"2 Louse","floor":4.0,"turns":3.0},{"damage":18.0,"enemies":"Blue Slaver","floor":5.0,"turns":4.0},{"damage":29.0,"enemies":"Lagavulin","floor":7.0,"turns":5.0},{"damage":4.0,"enemies":"Red Slaver","floor":8.0,"turns":3.0},{"damage":20.0,"enemies":"Gremlin Nob","floor":11.0,"turns":4.0},{"damage":2.0,"enemies":"2 Fungi Beasts","floor":12.0,"turns":2.0},{"damage":3.0,"enemies":"Gremlin Gang","floor":14.0,"turns":5.0},{"damage":8.0,"enemies":"Hexaghost","floor":16.0,"turns":8.0},{"damage":0.0,"enemies":"Spheric Guardian","floor":18.0,"turns":3.0},{"damage":9.0,"enemies":"2 Thieves","floor":19.0,"turns":3.0},{"damage":2.0,"enemies":"Snake Plant","floor":20.0,"turns":3.0},{"damage":15.0,"enemies":"Cultist and Chosen","floor":21.0,"turns":4.0},{"damage":0.0,"enemies":"Gremlin Leader","floor":24.0,"turns":4.0},{"damage":0.0,"enemies":"Centurion and Healer","floor":28.0,"turns":5.0},{"damage":8.0,"enemies":"Shelled Parasite and Fungi","floor":29.0,"turns":4.0},{"damage":0.0,"enemies":"Chosen and Byrds","floor":30.0,"turns":7.0},{"damage":28.0,"enemies":"Champ","floor":33.0,"turns":16.0},{"damage":4.0,"enemies":"3 Shapes","floor":35.0,"turns":4.0},{"damage":0.0,"enemies":"Orb Walker","floor":37.0,"turns":3.0},{"damage":0.0,"enemies":"Sphere and 2 Shapes","floor":38.0,"turns":6.0},{"damage":30.0,"enemies":"Giant Head","floor":42.0,"turns":10.0},{"damage":0.0,"enemies":"Spire Growth","floor":44.0,"turns":6.0},{"damage":10.0,"enemies":"Maw","floor":45.0,"turns":7.0},{"damage":0.0,"enemies":"Sphere and 2 Shapes","floor":47.0,"turns":5.0},{"damage":0.0,"enemies":"Transient","floor":48.0,"turns":6.0},{"damage":18,"enemies":"Time Eater","floor":50,"turns":14},{"damage":69,"enemies":"Awakened One","floor":51,"turns":5}],"seed_played":"5116329624698852530","potions_obtained":[{"floor":4.0,"key":"SteroidPotion"},{"floor":7.0,"key":"Energy Potion"},{"floor":11.0,"key":"AttackPotion"},{"floor":14.0,"key":"Dexterity Potion"},{"floor":16.0,"key":"EssenceOfSteel"},{"floor":19.0,"key":"Poison Potion"},{"floor":21.0,"key":"Poison Potion"},{"floor":30.0,"key":"Fire Potion"},{"floor":38.0,"key":"Strength Potion"},{"floor":42.0,"key":"Fruit Juice"},{"floor":45.0,"key":"Weak Potion"}],"is_trial":false,"path_per_floor":["M","?","M","M","M","R","E","M","T","R","E","M","$","M","R","B",null,"M","M","M","M","?","R","E","$","T","?","M","M","M","$","R","B",null,"M","?","M","M","?","R","T","E","T","M","M","R","M","M","R","B","B"],"character_chosen":"DEFECT","items_purchased":["Vajra","Chill","War Paint","BootSequence"],"campfire_rested":7,"item_purchase_floors":[13,25,31,31],"current_hp_per_floor":[61,61,57,56,38,59,30,26,26,47,27,25,25,22,43,35,62,62,53,51,36,36,57,57,57,57,57,57,49,49,49,70,42,64,60,60,60,60,60,60,60,35,35,35,25,47,47,47,69,51,0],"gold":233,"neow_bonus":"UPGRADE_CARD","is_prod":false,"is_daily":false,"chose_seed":false,"campfire_upgraded":1,"win_rate":0,"timestamp":1558585780,"path_taken":["M","?","M","M","M","R","E","M","T","R","E","?","$","M","R","BOSS","M","?","M","M","?","R","E","$","T","?","M","?","M","$","R","BOSS","M","?","M","?","?","R","?","E","T","M","M","R","M","M","R","BOSS","BOSS"],"build_version":"2019-01-23","purchased_purges":1,"victory":false,"max_hp_per_floor":[71,71,71,71,71,71,71,71,71,71,71,71,71,71,71,71,71,71,71,71,71,71,71,71,71,71,71,71,71,71,71,71,71,71,71,71,71,71,71,71,71,76,76,76,76,76,76,76,76,76,76],"card_choices":[{"not_picked":["Gash","Turbo"],"picked":"Compile Driver","floor":1.0},{"not_picked":["Rebound","Stack"],"picked":"Cold Snap","floor":3.0},{"not_picked":["Turbo","Ball Lightning"],"picked":"Doom and Gloom","floor":4.0},{"not_picked":["Barrage","Reprogram"],"picked":"Coolheaded","floor":5.0},{"not_picked":["Tempest","Stack"],"picked":"FTL","floor":7.0},{"not_picked":["Coolheaded","Cold Snap"],"picked":"Defragment","floor":8.0},{"not_picked":["Gash","Compile Driver","Aggregate"],"picked":"SKIP","floor":11.0},{"not_picked":["Rebound","Streamline"],"picked":"Go for the Eyes","floor":12.0},{"not_picked":["Conserve Battery","Genetic Algorithm"],"picked":"Biased Cognition","floor":14.0},{"not_picked":["Meteor Strike","Thunder Strike"],"picked":"Rainbow","floor":16.0},{"not_picked":["Lockon","Go for the Eyes","Rebound"],"picked":"SKIP","floor":18.0},{"not_picked":["Gash","Aggregate","Rebound"],"picked":"SKIP","floor":19.0},{"not_picked":["Beam Cell+1","Scrape","Compile Driver"],"picked":"SKIP","floor":20.0},{"not_picked":["Cold Snap","Steam Power","Melter"],"picked":"SKIP","floor":21.0},{"not_picked":["Compile Driver","Barrage"],"picked":"Buffer","floor":24.0},{"not_picked":["FTL+1","Leap"],"picked":"Conserve Battery","floor":28.0},{"not_picked":["Ball Lightning","Stack"],"picked":"Hologram","floor":29.0},{"not_picked":["Streamline","Barrage","Melter"],"picked":"SKIP","floor":30.0},{"not_picked":["Hyperbeam","Reboot"],"picked":"Echo Form","floor":33.0},{"not_picked":["Fusion","Streamline"],"picked":"Undo","floor":35.0},{"not_picked":["Rip and Tear","Steam","Chaos"],"picked":"SKIP","floor":37.0},{"not_picked":["Ball Lightning","Leap","Gash"],"picked":"SKIP","floor":38.0},{"not_picked":["Undo","Recycle"],"picked":"Capacitor","floor":42.0},{"not_picked":["Go for the Eyes","Cold Snap+1"],"picked":"Loop","floor":44.0},{"not_picked":["Streamline","Chill"],"picked":"Stack+1","floor":45.0},{"not_picked":["Go for the Eyes","Cold Snap+1"],"picked":"Redo","floor":47.0},{"not_picked":["Stack","Aggregate","Sweeping Beam+1"],"picked":"SKIP","floor":48.0}],"player_experience":753715,"relics_obtained":[{"floor":7.0,"key":"Mummified Hand"},{"floor":9.0,"key":"Bottled Lightning"},{"floor":11.0,"key":"Matryoshka"},{"floor":24.0,"key":"Anchor"},{"floor":26.0,"key":"MawBank"},{"floor":26.0,"key":"Art of War"},{"floor":41.0,"key":"Bag of Marbles"},{"floor":41.0,"key":"Gremlin Horn"},{"floor":42.0,"key":"Torii"},{"floor":43.0,"key":"PreservedInsect"}],"event_choices":[{"damage_healed":0.0,"max_hp_gain":0.0,"max_hp_loss":0.0,"gold_gain":0.0,"event_name":"Accursed Blacksmith","player_choice":"Rummage","floor":2.0,"gold_loss":0.0,"damage_taken":0.0,"relics_obtained":["WarpedTongs"],"cards_obtained":["Pain"]},{"damage_healed":0.0,"max_hp_gain":0.0,"max_hp_loss":0.0,"gold_gain":0.0,"event_name":"Addict","player_choice":"Obtained Relic","floor":22.0,"gold_loss":85.0,"damage_taken":0.0,"relics_obtained":["Potion Belt"]},{"cards_removed":["Strike_B"],"damage_healed":0.0,"max_hp_gain":0.0,"max_hp_loss":0.0,"gold_gain":0.0,"event_name":"Bonfire Elementals","player_choice":"Offered Basic","floor":27.0,"gold_loss":0.0,"damage_taken":0.0},{"damage_healed":0.0,"max_hp_gain":0.0,"max_hp_loss":0.0,"gold_gain":0.0,"event_name":"Upgrade Shrine","player_choice":"Upgraded","floor":36.0,"gold_loss":0.0,"damage_taken":0.0,"cards_upgraded":["Buffer"]},{"cards_removed":["Conserve Battery"],"damage_healed":0.0,"max_hp_gain":0.0,"max_hp_loss":0.0,"gold_gain":0.0,"event_name":"Falling","player_choice":"Removed Skill","floor":39.0,"gold_loss":0.0,"damage_taken":0.0}],"is_beta":false,"boss_relics":[{"not_picked":["Lizard Tail","Fusion Hammer"],"picked":"Runic Dome"},{"not_picked":["Nuclear Battery","Orrery"],"picked":"Astrolabe"}],"items_purged_floors":[13],"is_endless":false,"potions_floor_spawned":[4,7,11,14,16,19,21,30,38,42,45],"killed_by":"Awakened One","ascension_level":20}