{"gold_per_floor":[114,124,399,19,39,68,68,68,93,108,128,147,182,196,196,270,270,286,299,334,334,23,23,41,41],"floor_reached":25,"playtime":1840,"items_purged":["Regret","Strike_B"],"score":430,"play_id":"e44497f0-9e04-4f19-9076-711bac360ffd","local_time":"20190515215034","is_ascension_mode":true,"campfire_choices":[{"data":"Zap","floor":8.0,"key":"SMITH"},{"floor":15,"key":"REST"},{"floor":23,"key":"REST"}],"neow_cost":"NONE","seed_source_timestamp":111189340092995,"circlet_count":0,"master_deck":["AscendersBane","Strike_B","Strike_B","Strike_B","Defend_B","Defend_B","Defend_B","Defend_B","Zap+1","Dualcast","Electrodynamics","Compile Driver","Coolheaded","Conserve Battery","Ball Lightning","Skim","Echo Form","Coolheaded+1","Tempest"],"special_seed":0,"relics":["Black Star","ClockworkSouvenir","Bronze Scales","Emotion Chip","Omamori","StoneCalendar","Art of War","Snecko Eye","Red Mask","PrismaticShard"],"potions_floor_usage":[13,16,16,25,25],"damage_taken":[{"damage":9.0,"enemies":"Jaw Worm","floor":1.0,"turns":6.0},{"damage":1.0,"enemies":"Cultist","floor":2.0,"turns":4.0},{"damage":5.0,"enemies":"Small Slimes","floor":5.0,"turns":4.0},{"damage":16.0,"enemies":"Lagavulin","floor":6.0,"turns":9.0},{"damage":15.0,"enemies":"Gremlin Gang","floor":10.0,"turns":2.0},{"damage":14.0,"enemies":"Exordium Thugs","floor":11.0,"turns":2.0},{"damage":9,"enemies":"Blue Slaver","floor":12,"turns":4},{"damage":19,"enemies":"Gremlin Nob","floor":13,"turns":5},{"damage":2,"enemies":"Exordium Wildlife","floor":14,"turns":4},{"damage":20,"enemies":"Slime Boss","floor":16,"turns":7},{"damage":2,"enemies":"3 Byrds","floor":18,"turns":2},{"damage":21,"enemies":"Shell Parasite","floor":19,"turns":6},{"damage":8,"enemies":"Masked Bandits","floor":20,"turns":3},{"damage":16,"enemies":"Sentry and Sphere","floor":24,"turns":3},{"damage":12,"enemies":"Book of Stabbing","floor":25,"turns":4}],"seed_played":"403897067729407581","potions_obtained":[{"floor":5.0,"key":"SpeedPotion"},{"floor":6.0,"key":"Swift Potion"},{"floor":10.0,"key":"Weak Potion"},{"floor":11.0,"key":"SpeedPotion"},{"floor":13,"key":"Fire Potion"},{"floor":16,"key":"Strength Potion"},{"floor":18,"key":"SmokeBomb"},{"floor":20,"key":"Weak Potion"}],"is_trial":false,"path_per_floor":["M","M","?","$","M","E","?","R","T","M","M","M","E","M","R","B",null,"M","M","?","?","$","R","M","E"],"character_chosen":"DEFECT","items_purchased":["Electrodynamics","ClockworkSouvenir","PrismaticShard"],"campfire_rested":2,"item_purchase_floors":[4,4,22],"current_hp_per_floor":[55,54,54,54,49,33,71,71,71,56,42,33,14,12,33,13,57,55,34,26,6,6,28,12,0],"gold":41,"neow_bonus":"BOSS_RELIC","is_prod":false,"is_daily":false,"chose_seed":false,"campfire_upgraded":1,"win_rate":0,"timestamp":1557971434,"path_taken":["M","M","?","$","?","E","?","R","T","M","?","?","E","M","R","BOSS","M","M","?","?","?","R","M","E"],"build_version":"2019-01-23","purchased_purges":2,"victory":false,"max_hp_per_floor":[71,71,71,71,71,71,71,71,71,71,71,71,71,71,71,71,71,71,71,71,76,76,76,76,76],"card_choices":[{"not_picked":["Beam Cell","Gash","Turbo"],"picked":"SKIP","floor":1.0},{"not_picked":["Gash","Hologram","Leap"],"picked":"SKIP","floor":2.0},{"not_picked":["Double Energy","Beam Cell"],"picked":"Compile Driver","floor":5.0},{"not_picked":["Rebound","Rainbow"],"picked":"Consume","floor":6.0},{"not_picked":["Hello World","BootSequence"],"picked":"Coolheaded","floor":10.0},{"not_picked":["Beam Cell","Stack","Streamline"],"picked":"SKIP","floor":11.0},{"not_picked":["Redo","Stack"],"picked":"Conserve Battery","floor":12},{"not_picked":["Auto Shields","Amplify"],"picked":"Ball Lightning","floor":13},{"not_picked":["Rebound","Rip and Tear"],"picked":"Skim","floor":14},{"not_picked":["Hyperbeam","Machine Learning"],"picked":"Echo Form","floor":16},{"not_picked":["Blizzard","BootSequence","Rip and Tear"],"picked":"SKIP","floor":18},{"not_picked":["Steam","Conserve Battery"],"picked":"Coolheaded+1","floor":19},{"not_picked":["Compile Driver+1","Leap"],"picked":"Tempest","floor":20},{"not_picked":["Blind","Purity","Feel No Pain"],"picked":"SKIP","floor":24}],"player_experience":668909,"relics_obtained":[{"floor":6.0,"key":"Bronze Scales"},{"floor":6.0,"key":"Emotion Chip"},{"floor":9.0,"key":"Omamori"},{"floor":13,"key":"StoneCalendar"},{"floor":13,"key":"Art of War"},{"floor":20,"key":"Red Mask"}],"event_choices":[{"damage_healed":0.0,"max_hp_gain":0.0,"max_hp_loss":0.0,"gold_gain":275.0,"event_name":"Golden Shrine","player_choice":"Desecrate","floor":3.0,"gold_loss":0.0,"damage_taken":0.0,"cards_obtained":["Regret"]},{"cards_removed":["Consume"],"damage_healed":38.0,"max_hp_gain":0.0,"max_hp_loss":0.0,"gold_gain":0.0,"event_name":"Bonfire Elementals","player_choice":"Offered Uncommon","floor":7.0,"gold_loss":0.0,"damage_taken":0.0},{"damage_healed":0,"gold_gain":0,"player_choice":"Fought Bandits","damage_taken":0,"max_hp_gain":0,"max_hp_loss":0,"event_name":"Masked Bandits","floor":20,"gold_loss":0},{"damage_healed":0,"gold_gain":0,"player_choice":"Shed Blood","damage_taken":25,"max_hp_gain":5,"max_hp_loss":0,"event_name":"Forgotten Altar","floor":21,"gold_loss":0}],"is_beta":false,"boss_relics":[{"not_picked":["Lizard Tail","Empty Cage"],"picked":"Snecko Eye"}],"items_purged_floors":[4,22],"is_endless":false,"potions_floor_spawned":[5,6,10,11,13,16,18,20],"killed_by":"Book of Stabbing","ascension_level":20}