{"gold_per_floor":[363,382,11,11,28,28,44,74,74,74,96,96,61,80,80,158,158,174,31,31,31,46,46,61,387,387,387,422,442,442,154,154,228,228,248,34,34,48,68,68],"floor_reached":40,"playtime":1954,"items_purged":["Strike_B","Strike_B","Writhe","Strike_B"],"score":873,"play_id":"c3971928-e04f-4ddf-b8e0-9b28869d6dc5","local_time":"20190526192938","is_ascension_mode":true,"campfire_choices":[{"data":"Zap","floor":6.0,"key":"SMITH"},{"data":"Static Discharge","floor":10.0,"key":"SMITH"},{"data":"Defragment","floor":12.0,"key":"SMITH"},{"floor":15.0,"key":"REST"},{"floor":23.0,"key":"REST"},{"floor":27.0,"key":"REST"},{"floor":32.0,"key":"REST"}],"neow_cost":"TEN_PERCENT_HP_LOSS","seed_source_timestamp":523994790472304,"circlet_count":0,"master_deck":["AscendersBane","Strike_B+1","Defend_B","Defend_B","Defend_B","Defend_B","Zap+1","Dualcast","Static Discharge+1","Ball Lightning+1","Defragment+1","Coolheaded","Coolheaded","Compile Driver","Genetic Algorithm","Electrodynamics","Redo+1","Capacitor","Go for the Eyes","Glacier","Coolheaded","Consume","Self Repair","FTL","Core Surge","Capacitor","Undo","Stack+1","Rebound+1"],"special_seed":0,"relics":["Cracked Core","Pen Nib","PreservedInsect","Blue Candle","Odd Mushroom","Runic Dome","Old Coin","Smiling Mask","Vajra","Juzu Bracelet","Cursed Key"],"potions_floor_usage":[33,39],"damage_taken":[{"damage":0.0,"enemies":"Small Slimes","floor":1.0,"turns":4.0},{"damage":4.0,"enemies":"2 Louse","floor":2.0,"turns":4.0},{"damage":2.0,"enemies":"Jaw Worm","floor":5.0,"turns":3.0},{"damage":4.0,"enemies":"Looter","floor":7.0,"turns":3.0},{"damage":11.0,"enemies":"3 Sentries","floor":8.0,"turns":6.0},{"damage":8.0,"enemies":"The Mushroom Lair","floor":11.0,"turns":3.0},{"damage":14.0,"enemies":"Blue Slaver","floor":14.0,"turns":3.0},{"damage":26.0,"enemies":"The Guardian","floor":16.0,"turns":10.0},{"damage":17.0,"enemies":"Chosen","floor":18.0,"turns":5.0},{"damage":20.0,"enemies":"2 Thieves","floor":22.0,"turns":3.0},{"damage":10.0,"enemies":"Sentry and Sphere","floor":24.0,"turns":3.0},{"damage":15.0,"enemies":"Book of Stabbing","floor":25.0,"turns":5.0},{"damage":13.0,"enemies":"Gremlin Leader","floor":28.0,"turns":4.0},{"damage":0.0,"enemies":"Chosen and Byrds","floor":29.0,"turns":4.0},{"damage":37,"enemies":"Automaton","floor":33,"turns":8},{"damage":16,"enemies":"3 Darklings","floor":35,"turns":3},{"damage":10,"enemies":"Orb Walker","floor":38,"turns":3},{"damage":17,"enemies":"Transient","floor":39,"turns":6},{"damage":60,"enemies":"Reptomancer","floor":40,"turns":3}],"seed_played":"-4250547008674964904","potions_obtained":[{"floor":2.0,"key":"Dexterity Potion"},{"floor":11.0,"key":"LiquidBronze"},{"floor":16.0,"key":"Ancient Potion"},{"floor":25.0,"key":"FearPotion"},{"floor":33,"key":"Regen Potion"},{"floor":35,"key":"SteroidPotion"}],"is_trial":false,"path_per_floor":["M","M","$","?","M","R","M","E","T","R","?","R","?","M","R","B",null,"M","$","?","?","M","R","M","E","T","R","E","M","?","$","R","B",null,"M","$","?","M","M","E"],"character_chosen":"DEFECT","items_purchased":["Defragment","Pen Nib","Fire Potion","Capacitor","Self Repair","FTL","FocusPotion","Capacitor","Undo"],"campfire_rested":4,"item_purchase_floors":[3,3,3,19,31,31,31,36,36],"current_hp_per_floor":[64,60,60,41,39,39,35,24,24,24,16,16,32,18,37,11,51,34,34,47,47,27,46,36,21,21,40,27,27,27,27,46,9,50,34,34,34,31,36,0],"gold":68,"neow_bonus":"TWO_FIFTY_GOLD","is_prod":false,"is_daily":false,"chose_seed":false,"campfire_upgraded":3,"win_rate":0,"timestamp":1558913378,"path_taken":["M","M","$","?","M","R","M","E","T","R","?","R","?","M","R","BOSS","M","$","?","?","M","R","M","E","T","R","E","M","?","$","R","BOSS","M","$","?","M","M","E"],"build_version":"2019-01-23","purchased_purges":4,"victory":false,"max_hp_per_floor":[64,64,64,64,64,64,64,64,64,64,64,64,64,64,64,64,64,64,64,64,64,64,64,64,64,64,64,64,64,64,64,64,64,64,64,64,61,61,61,61],"card_choices":[{"not_picked":["Compile Driver","Steam Power"],"picked":"Static Discharge","floor":1.0},{"not_picked":["Go for the Eyes","Chaos"],"picked":"Ball Lightning","floor":2.0},{"not_picked":["Darkness","FTL"],"picked":"Coolheaded","floor":5.0},{"not_picked":["Leap","Auto Shields"],"picked":"Coolheaded","floor":7.0},{"not_picked":["Double Energy","Storm"],"picked":"Compile Driver","floor":8.0},{"not_picked":["Meteor Strike","Gash"],"picked":"Genetic Algorithm","floor":11.0},{"not_picked":["Barrage","Ball Lightning","Hologram"],"picked":"SKIP","floor":14.0},{"not_picked":["Buffer","Creative AI"],"picked":"Electrodynamics","floor":16.0},{"not_picked":["Streamline","Steam Power"],"picked":"Redo+1","floor":18.0},{"not_picked":["Beam Cell","Redo"],"picked":"Go for the Eyes","floor":22.0},{"not_picked":["Ball Lightning","Go for the Eyes"],"picked":"Glacier","floor":24.0},{"not_picked":["Conserve Battery","Gash","Creative AI"],"picked":"SKIP","floor":25.0},{"not_picked":["Streamline","Hello World+1"],"picked":"Coolheaded","floor":28.0},{"not_picked":["Stack","Sweeping Beam+1"],"picked":"Consume","floor":29.0},{"not_picked":["Fission","Creative AI"],"picked":"Core Surge","floor":33},{"not_picked":["Auto Shields","Steam","Sweeping Beam"],"picked":"SKIP","floor":35},{"not_picked":["Turbo","Go for the Eyes+1"],"picked":"Stack+1","floor":38},{"not_picked":["Steam","Go for the Eyes"],"picked":"Rebound+1","floor":39}],"player_experience":827723,"relics_obtained":[{"floor":8.0,"key":"PreservedInsect"},{"floor":9.0,"key":"Blue Candle"},{"floor":11.0,"key":"Odd Mushroom"},{"floor":25.0,"key":"Old Coin"},{"floor":26.0,"key":"Smiling Mask"},{"floor":28.0,"key":"Vajra"}],"event_choices":[{"damage_healed":0.0,"max_hp_gain":0.0,"max_hp_loss":0.0,"gold_gain":0.0,"event_name":"Shining Light","player_choice":"Entered Light","floor":4.0,"gold_loss":0.0,"damage_taken":19.0,"cards_upgraded":["Strike_B","Ball Lightning"]},{"damage_healed":0.0,"max_hp_gain":0.0,"max_hp_loss":0.0,"gold_gain":0.0,"event_name":"Mushrooms","player_choice":"Fought Mushrooms","floor":11.0,"gold_loss":0.0,"damage_taken":0.0},{"damage_healed":16.0,"max_hp_gain":0.0,"max_hp_loss":0.0,"gold_gain":0.0,"event_name":"The Cleric","player_choice":"Healed","floor":13.0,"gold_loss":35.0,"damage_taken":0.0},{"damage_healed":13.0,"max_hp_gain":0.0,"max_hp_loss":0.0,"gold_gain":0.0,"event_name":"The Library","player_choice":"Heal","floor":20.0,"gold_loss":0.0,"damage_taken":0.0},{"damage_healed":0.0,"max_hp_gain":0.0,"max_hp_loss":0.0,"gold_gain":0.0,"event_name":"Beggar","player_choice":"Ignored","floor":21.0,"gold_loss":0.0,"damage_taken":0.0},{"damage_healed":0.0,"max_hp_gain":0.0,"max_hp_loss":0.0,"gold_gain":0.0,"event_name":"The Mausoleum","player_choice":"Opened","floor":30.0,"gold_loss":0.0,"damage_taken":0.0,"relics_obtained":["Juzu Bracelet"],"cards_obtained":["Writhe"]},{"damage_healed":0,"gold_gain":0,"player_choice":"Max HP","damage_taken":0,"max_hp_gain":0,"max_hp_loss":3,"event_name":"Winding Halls","floor":37,"gold_loss":0}],"is_beta":false,"boss_relics":[{"not_picked":["Runic Pyramid","Philosopher\u0027s Stone"],"picked":"Runic Dome"},{"not_picked":["Empty Cage","Orrery"],"picked":"Cursed Key"}],"items_purged_floors":[3,19,31,36],"is_endless":false,"potions_floor_spawned":[2,11,16,25,33,35],"killed_by":"Reptomancer","ascension_level":20}