{"gold_per_floor":[112,112,112,112,127,127,162,162,186,199,210,12,29,49,49,152,202,219,235,235,184,204,204,219,219],"floor_reached":25,"playtime":1456,"items_purged":[],"score":287,"play_id":"130bbbfb-058a-4baf-a1c1-ce07d88717e5","local_time":"20190326145450","is_ascension_mode":true,"campfire_choices":[{"floor":6.0,"key":"REST"},{"floor":8.0,"key":"REST"},{"data":"Noxious Fumes","floor":15.0,"key":"SMITH"},{"floor":23,"key":"REST"}],"neow_cost":"NONE","seed_source_timestamp":490459812400485,"circlet_count":0,"master_deck":["Defend_G","Defend_G","Defend_G+1","Defend_G","Strike_G","Strike_G","Strike_G+1","Strike_G+1","Survivor","Neutralize","Phantasmal Killer","Noxious Fumes+1","Deadly Poison","PiercingWail","Catalyst","Dagger Spray","Outmaneuver","Dodge and Roll","Envenom","Cloak And Dagger","Footwork","Caltrops+1","Predator","Deflect","Well Laid Plans","Dodge and Roll"],"special_seed":0,"relics":["Ring of the Snake","Bronze Scales","Letter Opener","PreservedInsect","Juzu Bracelet","Tiny House"],"potions_floor_usage":[16,16,19,22,24,25],"damage_taken":[{"damage":4.0,"enemies":"Small Slimes","floor":1.0,"turns":6.0},{"damage":1.0,"enemies":"Jaw Worm","floor":5.0,"turns":3.0},{"damage":39.0,"enemies":"Gremlin Nob","floor":7.0,"turns":5.0},{"damage":4.0,"enemies":"Cultist","floor":10.0,"turns":3.0},{"damage":7.0,"enemies":"2 Fungi Beasts","floor":11.0,"turns":3.0},{"damage":0.0,"enemies":"Large Slime","floor":13.0,"turns":5.0},{"damage":0.0,"enemies":"3 Louse","floor":14.0,"turns":2.0},{"damage":12,"enemies":"The Guardian","floor":16,"turns":9},{"damage":32,"enemies":"Spheric Guardian","floor":18,"turns":6},{"damage":7,"enemies":"3 Byrds","floor":19,"turns":3},{"damage":20,"enemies":"Snake Plant","floor":22,"turns":4},{"damage":20,"enemies":"Chosen and Byrds","floor":24,"turns":6},{"damage":12,"enemies":"3 Cultists","floor":25,"turns":3}],"seed_played":"-6753708044607536671","potions_obtained":[{"floor":7.0,"key":"Strength Potion"},{"floor":10.0,"key":"GamblersBrew"},{"floor":13.0,"key":"Regen Potion"},{"floor":14.0,"key":"Weak Potion"},{"floor":17,"key":"Energy Potion"},{"floor":18,"key":"Swift Potion"},{"floor":24,"key":"SkillPotion"}],"is_trial":false,"path_per_floor":["M","?","?","?","M","R","E","R","T","M","M","$","M","M","R","B",null,"M","M","?","$","M","R","M","M"],"character_chosen":"THE_SILENT","items_purchased":["Juzu Bracelet","Dagger Spray","Deflect"],"campfire_rested":3,"item_purchase_floors":[12,12,21],"current_hp_per_floor":[59,56,42,35,34,55,16,37,37,33,26,26,26,26,26,29,65,33,26,26,26,6,28,8,0],"gold":219,"neow_bonus":"ONE_RANDOM_RARE_CARD","is_prod":false,"is_daily":false,"chose_seed":false,"campfire_upgraded":1,"win_rate":0,"timestamp":1553626490,"path_taken":["M","?","?","?","M","R","E","R","T","M","M","?","M","M","R","BOSS","M","M","?","$","M","R","M","M"],"build_version":"2019-01-23","purchased_purges":0,"victory":false,"max_hp_per_floor":[70,70,70,70,70,70,70,70,70,70,70,70,70,70,70,70,75,75,75,75,75,75,75,75,75],"card_choices":[{"not_picked":["Bane","Infinite Blades","Escape Plan"],"picked":"SKIP","floor":1.0},{"not_picked":["Dagger Throw","Bane"],"picked":"Noxious Fumes","floor":5.0},{"not_picked":["Cloak And Dagger","Blur"],"picked":"Deadly Poison","floor":7.0},{"not_picked":["Deadly Poison","Blade Dance"],"picked":"PiercingWail","floor":10.0},{"not_picked":["Noxious Fumes","Quick Slash"],"picked":"Catalyst","floor":11.0},{"not_picked":["Riddle With Holes","Prepared"],"picked":"Outmaneuver","floor":13.0},{"not_picked":["Acrobatics","Noxious Fumes"],"picked":"Dodge and Roll","floor":14.0},{"not_picked":["Bullet Time","Unload"],"picked":"Envenom","floor":16},{"not_picked":["Bane","PiercingWail"],"picked":"Cloak And Dagger","floor":17},{"not_picked":["Heel Hook","All Out Attack"],"picked":"Footwork","floor":18},{"not_picked":["Flechettes+1","Deflect"],"picked":"Caltrops+1","floor":19},{"not_picked":["Bane","Blade Dance"],"picked":"Well Laid Plans","floor":22},{"not_picked":["Setup","Caltrops"],"picked":"Dodge and Roll","floor":24}],"player_experience":218652,"relics_obtained":[{"floor":7.0,"key":"Letter Opener"},{"floor":9.0,"key":"PreservedInsect"}],"event_choices":[{"damage_healed":0.0,"max_hp_gain":0.0,"max_hp_loss":0.0,"gold_gain":0.0,"event_name":"Scrap Ooze","player_choice":"Success","floor":2.0,"gold_loss":0.0,"damage_taken":3.0,"relics_obtained":["Bronze Scales"]},{"damage_healed":0.0,"max_hp_gain":0.0,"max_hp_loss":0.0,"gold_gain":0.0,"event_name":"Shining Light","player_choice":"Entered Light","floor":3.0,"gold_loss":0.0,"damage_taken":14.0,"cards_upgraded":["Defend_G","Strike_G"]},{"cards_removed":["Strike_G"],"damage_healed":0.0,"max_hp_gain":0.0,"max_hp_loss":0.0,"gold_gain":0.0,"event_name":"Golden Wing","player_choice":"Card Removal","floor":4.0,"gold_loss":0.0,"damage_taken":7.0},{"damage_healed":0,"gold_gain":0,"cards_transformed":["Defend_G"],"player_choice":"Transformed","damage_taken":0,"max_hp_gain":0,"max_hp_loss":0,"event_name":"Transmorgrifier","floor":20,"gold_loss":0,"cards_obtained":["Predator"]}],"is_beta":false,"boss_relics":[{"not_picked":["Busted Crown","Ring of the Serpent"],"picked":"Tiny House"}],"items_purged_floors":[],"is_endless":false,"potions_floor_spawned":[7,10,13,14,18,24],"killed_by":"3 Cultists","ascension_level":8}