{"path_per_floor":["M","?","M","M","M","E","?","E","T","?","M","$","R","?","R","B",null,"M","M","?","$","M","E","?","M","T","$","R","?","E","M","R","B",null,"M","?","B"],"character_chosen":"DEFECT","items_purchased":[],"gold_per_floor":[142,142,157,176,196,222,172,203,230,230,246,171,171,171,171,275,275,290,305,305,205,216,249,249,260,285,160,160,160,194,212,212,315,315,327,327,327],"floor_reached":38,"campfire_rested":1,"playtime":1776,"current_hp_per_floor":[80,73,71,69,65,52,52,46,46,46,32,32,32,52,52,17,80,65,57,57,57,42,35,35,33,33,33,58,58,54,51,51,45,84,79,79,17],"items_purged":["Strike_B","Decay","Parasite"],"gold":327,"score":622,"play_id":"c350b21d-e4fb-4c42-bdec-1507c16a22c2","local_time":"20180427162324","is_prod":false,"is_daily":false,"chose_seed":false,"is_ascension_mode":false,"campfire_upgraded":3,"timestamp":1524860604,"path_taken":["M","?","M","M","?","E","?","E","T","?","M","$","R","?","R","BOSS","M","M","?","$","M","E","?","?","T","$","R","?","E","M","R","BOSS","M","?","BOSS"],"build_version":"2018-04-26v2","seed_source_timestamp":4402450834997987,"purchased_purges":3,"victory":true,"master_deck":["Strike_B+1","Strike_B+1","Defend_B+1","Defend_B+1","Defend_B+1","Defend_B+1","Zap","Auto Shields","Sweeping Beam","Defragment+1","Ball Lightning","Go for the Eyes","Ball Lightning","Defragment+1","Impulse","Rainbow+1","Stack","Leap","Go for the Eyes+1","Echo Form+1","Leap+1","Leap","Glacier+1","Stack+1"],"max_hp_per_floor":[80,80,80,80,80,80,80,80,80,80,80,80,80,80,80,80,80,80,80,80,80,80,87,87,87,87,84,84,84,84,84,84,84,84,84,84,84],"relics":["Tiny House","Mercury Hourglass","Dream Catcher","Bag of Preparation","Sozu","Strawberry","Juzu Bracelet","Bottled Tornado","Cursed Key"],"card_choices":[{"not_picked":["Cold Snap","Beam Cell"],"picked":"Auto Shields","floor":0},{"not_picked":["Heatsinks","Skim"],"picked":"Sweeping Beam","floor":1},{"not_picked":["White Noise","Impulse"],"picked":"Defragment","floor":3},{"not_picked":["Blaster","Force Field"],"picked":"Ball Lightning","floor":4},{"not_picked":["Barrage","Self Repair"],"picked":"Go for the Eyes","floor":5},{"not_picked":["Axe Kick","Biased Cognition"],"picked":"Ball Lightning","floor":6},{"not_picked":["Beam Cell","Loop"],"picked":"Defragment","floor":8},{"not_picked":["Go for the Eyes","Doom and Gloom"],"picked":"Impulse","floor":11},{"not_picked":["Amplify","Seek"],"picked":"Rainbow","floor":16},{"not_picked":["Hologram","Leap"],"picked":"Stack","floor":18},{"not_picked":["Blaster","Chaos"],"picked":"Leap","floor":19},{"not_picked":["Hello World","Darkness"],"picked":"Go for the Eyes","floor":22},{"not_picked":["Force Field","Stack"],"picked":"Echo Form","floor":23},{"not_picked":["Darkness","Streamline"],"picked":"Leap","floor":25},{"not_picked":["Doom and Gloom","Barrage"],"picked":"Leap","floor":28},{"not_picked":["Coolheaded","Skim"],"picked":"Glacier","floor":30},{"not_picked":["Axe Kick","Aggregate"],"picked":"Stack","floor":35}],"player_experience":12437,"potions_floor_usage":[16,31,37,37],"damage_taken":[{"damage":0,"enemies":"2 Louse","floor":1,"turns":4},{"damage":2,"enemies":"Small Slimes","floor":3,"turns":4},{"damage":2,"enemies":"Cultist","floor":4,"turns":4},{"damage":4,"enemies":"Red Slaver","floor":5,"turns":5},{"damage":13,"enemies":"Lagavulin","floor":6,"turns":6},{"damage":6,"enemies":"3 Sentries","floor":8,"turns":5},{"damage":14,"enemies":"Blue Slaver","floor":11,"turns":2},{"damage":35,"enemies":"Slime Boss","floor":16,"turns":4},{"damage":15,"enemies":"3 Byrds","floor":18,"turns":3},{"damage":8,"enemies":"Spheric Guardian","floor":19,"turns":4},{"damage":15,"enemies":"3 Cultists","floor":22,"turns":5},{"damage":14,"enemies":"Gremlin Leader","floor":23,"turns":8},{"damage":2,"enemies":"Cultist and Chosen","floor":25,"turns":5},{"damage":4,"enemies":"Book of Stabbing","floor":30,"turns":6},{"damage":3,"enemies":"Snake Plant","floor":31,"turns":4},{"damage":6,"enemies":"Collector","floor":33,"turns":12},{"damage":5,"enemies":"3 Shapes","floor":35,"turns":5},{"damage":62,"enemies":"Donu and Deca","floor":37,"turns":11}],"event_choices":[{"event_name":"Golden Wing","player_choice":"Card Removal","floor":2,"damage_taken":0},{"event_name":"The Cleric","player_choice":"Card Removal","floor":7,"damage_taken":0},{"event_name":"Wheel of Change","player_choice":"Curse","floor":10,"damage_taken":0},{"event_name":"Mushrooms","player_choice":"Healed and dodged fight","floor":14,"damage_taken":0},{"event_name":"Ghosts","player_choice":"Ignored","floor":20,"damage_taken":0},{"event_name":"Back to Basics","player_choice":"Simplicity","floor":24,"damage_taken":0},{"event_name":"Upgrade Shrine","player_choice":"Upgraded","floor":29,"damage_taken":0},{"event_name":"SecretPortal","player_choice":"Took Portal.","floor":36,"damage_taken":0}],"boss_relics":[{"not_picked":["Black Star","Orrery"],"picked":"Sozu"},{"not_picked":["Runic Pyramid","Snecko Eye"],"picked":"Cursed Key"}],"potions_floor_spawned":[1,8,16,18,25,30,31],"seed_played":"3984072575034790635","ascension_level":0,"is_trial":false}