{"gold_per_floor":[111,186,34,47,62,62,72,99,178,196,2,2,2,27,27,126,126,139,151,171,171,171,171],"floor_reached":23,"playtime":1105,"items_purged":[],"score":261,"play_id":"5b10d54e-0808-4f99-ad4a-edee52e7c3eb","local_time":"20181209174119","is_ascension_mode":true,"campfire_choices":[{"data":"Zap","floor":6,"key":"SMITH"},{"data":"Dualcast","floor":12,"key":"SMITH"},{"data":"Go for the Eyes","floor":15,"key":"SMITH"}],"neow_cost":"NONE","seed_source_timestamp":580491961642496,"circlet_count":0,"master_deck":["Strike_B","Strike_B","Strike_B","Strike_B","Defend_B","Defend_B","Defend_B","Defend_B","Zap+1","Dualcast+1","Auto Shields","Barrage","Leap","Go for the Eyes+1","Streamline","Ball Lightning+1","Hologram","Fission","Capacitor+1","Hologram+1","Coolheaded"],"relics":["Cracked Core","NeowsBlessing","Bag of Marbles","Calipers","Molten Egg 2","Blood Vial","Ancient Tea Set","Velvet Choker","MutagenicStrength"],"potions_floor_usage":[8,14,16,19,23],"damage_taken":[{"damage":0,"enemies":"Cultist","floor":1,"turns":1},{"damage":0,"enemies":"Small Slimes","floor":4,"turns":1},{"damage":0,"enemies":"Jaw Worm","floor":5,"turns":1},{"damage":0,"enemies":"Exordium Wildlife","floor":7,"turns":3},{"damage":22,"enemies":"3 Sentries","floor":8,"turns":6},{"damage":0,"enemies":"Large Slime","floor":10,"turns":5},{"damage":6,"enemies":"Gremlin Nob","floor":14,"turns":3},{"damage":24,"enemies":"The Guardian","floor":16,"turns":11},{"damage":21,"enemies":"Chosen","floor":18,"turns":5},{"damage":9,"enemies":"Shell Parasite","floor":19,"turns":6},{"damage":26,"enemies":"Snake Plant","floor":20,"turns":4},{"damage":27,"enemies":"Book of Stabbing","floor":23,"turns":6}],"seed_played":"3856856599531612647","potions_obtained":[{"floor":1,"key":"Explosive Potion"},{"floor":4,"key":"Weak Potion"},{"floor":7,"key":"Dexterity Potion"},{"floor":8,"key":"SneckoOil"},{"floor":14,"key":"Regen Potion"},{"floor":18,"key":"Dexterity Potion"}],"is_trial":false,"path_per_floor":["M","?","$","M","M","R","M","E","T","M","$","R","?","E","R","B",null,"M","M","M","?","?","E"],"character_chosen":"DEFECT","items_purchased":["Bag of Marbles","Blood Vial","Poison Potion"],"campfire_rested":0,"item_purchase_floors":[3,11,11],"current_hp_per_floor":[68,61,61,61,61,61,61,39,39,39,39,39,39,35,35,13,60,41,49,25,25,25,0],"gold":171,"neow_bonus":"THREE_ENEMY_KILL","is_prod":false,"is_daily":false,"chose_seed":false,"campfire_upgraded":3,"win_rate":0,"timestamp":1544395279,"path_taken":["M","?","$","M","?","R","M","E","T","M","$","R","?","E","R","BOSS","M","M","M","?","?","E"],"build_version":"2018-12-06","purchased_purges":0,"victory":false,"max_hp_per_floor":[75,75,75,75,75,75,75,75,75,75,75,75,75,75,75,75,75,75,75,75,75,75,75],"card_choices":[{"not_picked":["Aggregate","Scrape"],"picked":"Auto Shields","floor":1},{"not_picked":["Streamline","Sweeping Beam"],"picked":"Barrage","floor":4},{"not_picked":["Force Field","Compile Driver"],"picked":"Leap","floor":5},{"not_picked":["Self Repair","Amplify"],"picked":"Go for the Eyes","floor":7},{"not_picked":["Steam Power","Double Energy"],"picked":"Streamline","floor":8},{"not_picked":["Redo","Stack"],"picked":"Ball Lightning+1","floor":10},{"not_picked":["Hyperbeam+1","Coolheaded"],"picked":"Hologram","floor":14},{"not_picked":["Machine Learning","All For One+1"],"picked":"Fission","floor":16},{"not_picked":["Lockon+1","Stack"],"picked":"Capacitor+1","floor":18},{"not_picked":["Streamline+1","Turbo"],"picked":"Hologram+1","floor":19},{"not_picked":["Auto Shields","Fusion+1"],"picked":"Coolheaded","floor":20}],"player_experience":192266,"relics_obtained":[{"floor":8,"key":"Calipers"},{"floor":9,"key":"Molten Egg 2"},{"floor":14,"key":"Ancient Tea Set"}],"event_choices":[{"damage_healed":0,"gold_gain":75,"player_choice":"Touch","damage_taken":7,"max_hp_gain":0,"max_hp_loss":0,"event_name":"FaceTrader","floor":2,"gold_loss":0},{"damage_healed":0,"gold_gain":0,"player_choice":"Searched \u00271\u0027 times","damage_taken":0,"max_hp_gain":0,"max_hp_loss":0,"event_name":"Dead Adventurer","floor":13,"gold_loss":0},{"damage_healed":0,"gold_gain":0,"player_choice":"Inject Mutagens","damage_taken":0,"relics_obtained":["MutagenicStrength"],"max_hp_gain":0,"max_hp_loss":0,"event_name":"Drug Dealer","floor":21,"gold_loss":0},{"damage_healed":0,"gold_gain":0,"player_choice":"Ignored","damage_taken":0,"max_hp_gain":0,"max_hp_loss":0,"event_name":"Beggar","floor":22,"gold_loss":0}],"is_beta":false,"boss_relics":[{"not_picked":["Runic Pyramid","Snecko Eye"],"picked":"Velvet Choker"}],"items_purged_floors":[],"is_endless":false,"potions_floor_spawned":[1,4,7,8,14,18],"killed_by":"Book of Stabbing","ascension_level":6}