{"gold_per_floor":[112,128,128,36,36,67,67,93,93,110,126,140,1,11,11,116,116,127,140,160,160,59,59,94,94,142,155,170,186,186,205,205,205],"floor_reached":33,"playtime":2089,"items_purged":["Parasite"],"score":295,"play_id":"a8d0bf27-1bda-4b56-8505-6fb3acababe8","local_time":"20190319220028","is_ascension_mode":true,"campfire_choices":[{"floor":7,"key":"RECALL"},{"floor":15,"key":"REST"},{"data":"Limit Break","floor":23,"key":"SMITH"},{"floor":25,"key":"REST"},{"floor":30,"key":"REST"},{"data":"Normality","floor":32,"key":"PURGE"}],"neow_cost":"NONE","seed_source_timestamp":2665269733197000,"circlet_count":0,"master_deck":["Strike_R","Strike_R","Strike_R","Strike_R","Strike_R","Defend_R","Defend_R","Defend_R","Defend_R","Bash","Impatience","Flex","Shrug It Off","Inflame","Bash","Rage","Thunderclap","Clash","Bludgeon","Flex","Limit Break+1","Feed","Heavy Blade","Headbutt","Twin Strike","Battle Trance+1"],"relics":["Burning Blood","Turnip","Sundial","Self Forming Clay","Singing Bowl","Cursed Key","Peace Pipe","Blood Vial"],"potions_floor_usage":[],"damage_taken":[{"damage":5,"enemies":"Small Slimes","floor":1,"turns":3},{"damage":1,"enemies":"Cultist","floor":2,"turns":3},{"damage":14,"enemies":"Gremlin Nob","floor":6,"turns":4},{"damage":32,"enemies":"Lagavulin","floor":8,"turns":6},{"damage":3,"enemies":"Jaw Worm","floor":10,"turns":3},{"damage":11,"enemies":"Lots of Slimes","floor":11,"turns":4},{"damage":3,"enemies":"3 Louse","floor":12,"turns":3},{"damage":7,"enemies":"Blue Slaver","floor":14,"turns":3},{"damage":47,"enemies":"Hexaghost","floor":16,"turns":9},{"damage":3,"enemies":"2 Thieves","floor":18,"turns":4},{"damage":10,"enemies":"Chosen","floor":19,"turns":4},{"damage":26,"enemies":"Shelled Parasite and Fungi","floor":20,"turns":5},{"damage":55,"enemies":"Gremlin Leader","floor":24,"turns":7},{"damage":12,"enemies":"Snecko","floor":27,"turns":4},{"damage":16,"enemies":"Snake Plant","floor":28,"turns":2},{"damage":14,"enemies":"Centurion and Healer","floor":29,"turns":5},{"damage":2,"enemies":"Cultist and Chosen","floor":31,"turns":4},{"damage":66,"enemies":"Automaton","floor":33,"turns":6}],"seed_played":"2638526169808067145","potions_obtained":[{"floor":1,"key":"GamblersBrew"},{"floor":10,"key":"Poison Potion"},{"floor":11,"key":"Strength Potion"},{"floor":12,"key":"SmokeBomb"}],"is_trial":false,"path_per_floor":["M","M","?","$","?","E","R","E","T","M","M","M","$","M","R","B",null,"M","M","M","T","$","R","E","R","T","M","M","M","R","M","R","B"],"character_chosen":"IRONCLAD","items_purchased":["Shrug It Off","Inflame","Limit Break","Twin Strike"],"campfire_rested":3,"item_purchase_floors":[4,4,13,22],"current_hp_per_floor":[80,80,73,73,73,65,65,39,39,42,37,40,40,41,65,24,82,82,80,63,63,63,63,16,41,41,37,31,27,54,62,62,0],"gold":205,"neow_bonus":"RANDOM_COLORLESS","is_prod":false,"is_daily":false,"chose_seed":false,"campfire_upgraded":1,"win_rate":0,"timestamp":1553050828,"path_taken":["M","M","?","$","?","E","R","E","T","M","M","M","$","M","R","BOSS","M","?","?","?","$","R","E","R","T","M","M","M","R","M","R","BOSS"],"build_version":"2019-01-23","purchased_purges":1,"victory":false,"max_hp_per_floor":[80,80,80,80,80,80,80,80,80,80,80,80,80,82,82,82,82,82,84,87,87,84,84,86,86,86,86,88,90,90,92,92,92],"card_choices":[{"not_picked":["True Grit","Wild Strike","Havoc"],"picked":"SKIP","floor":1},{"not_picked":["Clothesline","Thunderclap"],"picked":"Flex","floor":2},{"not_picked":["Anger","Cleave"],"picked":"Rage","floor":6},{"not_picked":["Pommel Strike","Havoc"],"picked":"Thunderclap","floor":8},{"not_picked":["Feel No Pain","Searing Blow"],"picked":"Clash","floor":10},{"not_picked":["True Grit","Thunderclap"],"picked":"Bludgeon","floor":11},{"not_picked":["Perfected Strike","Havoc"],"picked":"Flex","floor":12},{"not_picked":["Pommel Strike","Rampage","Perfected Strike"],"picked":"Singing Bowl","floor":14},{"not_picked":["Exhume","Berserk"],"picked":"Feed","floor":16},{"not_picked":["Spot Weakness","Pommel Strike"],"picked":"Heavy Blade","floor":18},{"not_picked":["Perfected Strike+1","Berserk","Anger"],"picked":"Singing Bowl","floor":19},{"not_picked":["Flame Barrier","Clash"],"picked":"Headbutt","floor":20},{"not_picked":["Iron Wave","Entrench","Warcry"],"picked":"Singing Bowl","floor":24},{"not_picked":["Wild Strike+1","Heavy Blade+1"],"picked":"Battle Trance+1","floor":27},{"not_picked":["Twin Strike","Flex","Armaments"],"picked":"Singing Bowl","floor":28},{"not_picked":["Clothesline","Wild Strike","Feel No Pain"],"picked":"Singing Bowl","floor":29},{"not_picked":["Bludgeon","Second Wind","Combust"],"picked":"Singing Bowl","floor":31}],"player_experience":150908,"relics_obtained":[{"floor":6,"key":"Sundial"},{"floor":8,"key":"Self Forming Clay"},{"floor":9,"key":"Singing Bowl"},{"floor":24,"key":"Peace Pipe"},{"floor":26,"key":"Blood Vial"}],"event_choices":[{"damage_healed":0,"gold_gain":0,"player_choice":"Success","damage_taken":7,"relics_obtained":["Turnip"],"max_hp_gain":0,"max_hp_loss":0,"event_name":"Scrap Ooze","floor":3,"gold_loss":0},{"damage_healed":0,"gold_gain":0,"player_choice":"1 cards matched","damage_taken":0,"max_hp_gain":0,"max_hp_loss":0,"event_name":"Match and Keep!","floor":5,"gold_loss":0,"cards_obtained":["Bash"]}],"is_beta":false,"boss_relics":[{"not_picked":["Runic Cube","White Beast Statue"],"picked":"Cursed Key"}],"items_purged_floors":[22],"is_endless":false,"potions_floor_spawned":[1,10,11,12,24,27,28,31],"killed_by":"Automaton","ascension_level":1}