{"path_per_floor":["M","M","$","?","?","E","$","E","T","E","R","E","M","?","R","B",null,"M","?","M","M","M","R","$","M","T","?","M","R"],"character_chosen":"DEFECT","items_purchased":["Frozen Egg 2","Explosive Potion","Stack","Creative AI","Oddly Smooth Stone"],"gold_per_floor":[364,383,17,17,17,48,48,77,149,178,178,210,222,222,222,350,350,370,370,383,407,421,421,63,81,157,157,177,177,177],"floor_reached":30,"campfire_rested":3,"playtime":1387,"current_hp_per_floor":[64,64,64,64,52,35,35,14,14,7,29,24,24,24,24,42,69,48,48,39,33,26,46,46,25,25,25,13,33,0],"items_purged":["Decay"],"gold":177,"score":258,"play_id":"92977859-f734-4a26-b434-fd98af98abea","local_time":"20180427233838","is_prod":false,"is_daily":false,"chose_seed":false,"is_ascension_mode":false,"campfire_upgraded":1,"timestamp":1524886718,"path_taken":["M","M","$","?","?","E","?","E","T","E","R","E","M","?","R","BOSS","M","?","M","M","M","R","$","?","T","?","M","R","E"],"build_version":"2018-04-26v2","seed_source_timestamp":4428962439891058,"purchased_purges":1,"victory":false,"master_deck":["Strike_B","Strike_B","Defend_B","Defend_B","Defend_B","Zap+1","Dualcast","Coolheaded","Ball Lightning","Injury","Leap","Go for the Eyes","Conserve Battery","Streamline","White Noise+1","Seek","Go for the Eyes+1","Force Field+1","Blizzard+1","Leap","Capacitor+1","Undo","Leap+1","Capacitor+1","Stack","Creative AI+1","FTL+1"],"max_hp_per_floor":[75,75,75,75,75,75,75,75,75,75,75,75,75,69,69,69,69,69,69,69,69,69,69,69,69,69,69,69,69,69],"relics":["Cracked Core","Frozen Egg 2","Lantern","Question Card","Sundial","Mercury Hourglass","Pantograph","Happy Flower","Golden Idol","Astrolabe","Oddly Smooth Stone","Molten Egg 2"],"card_choices":[{"not_picked":["Hello World","Rebound"],"picked":"Coolheaded","floor":1},{"not_picked":["Aggregate","Coolheaded"],"picked":"Ball Lightning","floor":2},{"not_picked":["Heatsinks","Recycle"],"picked":"Leap","floor":6},{"not_picked":["Seek","Coolheaded","Turbo"],"picked":"Go for the Eyes","floor":8},{"not_picked":["Skim","Blizzard","Hello World"],"picked":"Conserve Battery","floor":10},{"not_picked":["Skim","Tempest","Barrage"],"picked":"Streamline","floor":12},{"not_picked":["Hello World","Turbo","Hologram"],"picked":"White Noise","floor":13},{"not_picked":["Biased Cognition","Fusion","Amplify"],"picked":"Seek","floor":16},{"not_picked":["Cold Snap","Heatsinks","Coolheaded"],"picked":"Leap","floor":18},{"not_picked":["Turbo","Cold Snap","Barrage"],"picked":"Undo","floor":20},{"not_picked":["Rebound","Chaos","Barrage"],"picked":"Leap","floor":21},{"not_picked":["Hologram","Aggregate","Reprogram"],"picked":"Capacitor","floor":22},{"not_picked":["Sunder","Blaster","Chill"],"picked":"FTL","floor":28}],"player_experience":19500,"potions_floor_usage":[8,12,22,28,30],"damage_taken":[{"damage":11,"enemies":"Small Slimes","floor":1,"turns":5},{"damage":0,"enemies":"Cultist","floor":2,"turns":4},{"damage":17,"enemies":"Lagavulin","floor":6,"turns":6},{"damage":21,"enemies":"Gremlin Nob","floor":8,"turns":4},{"damage":7,"enemies":"3 Sentries","floor":10,"turns":6},{"damage":5,"enemies":"Gremlin Nob","floor":12,"turns":3},{"damage":0,"enemies":"2 Louse","floor":13,"turns":1},{"damage":7,"enemies":"Slime Boss","floor":16,"turns":8},{"damage":21,"enemies":"3 Byrds","floor":18,"turns":4},{"damage":9,"enemies":"Chosen","floor":20,"turns":5},{"damage":6,"enemies":"Snake Plant","floor":21,"turns":5},{"damage":7,"enemies":"Cultist and Chosen","floor":22,"turns":8},{"damage":21,"enemies":"3 Cultists","floor":25,"turns":6},{"damage":12,"enemies":"Snake Plant","floor":28,"turns":7},{"damage":58,"enemies":"Slavers","floor":30,"turns":4}],"event_choices":[{"event_name":"Accursed Blacksmith","player_choice":"Forge","floor":4,"damage_taken":0},{"event_name":"Scrap Ooze","player_choice":"success","floor":5,"damage_taken":12},{"event_name":"Golden Idol","player_choice":"Lose Max HP","floor":14,"damage_taken":0},{"event_name":"The Library","player_choice":"Read","floor":19,"damage_taken":0},{"event_name":"Drug Dealer","player_choice":"Ignored","floor":27,"damage_taken":0}],"boss_relics":[{"not_picked":["Black Star","Snecko Eye"],"picked":"Astrolabe"}],"potions_floor_spawned":[2,10,13,16,18,22],"seed_played":"-6377693965556977324","killed_by":"Slavers","ascension_level":0,"is_trial":false}