{"gold_per_floor":[119,132,143,163,13,13,72,72,99,111,123,156,156,156,156,230,230,241,131,151,168,182,182,210,210,210,58,69,69,86,115,115,115],"floor_reached":33,"playtime":2095,"items_purged":[],"score":548,"play_id":"706927ce-14bb-41fa-b6ad-58dc09783965","local_time":"20190509022024","is_ascension_mode":true,"campfire_choices":[{"data":"Hemokinesis","floor":6.0,"key":"SMITH"},{"data":"Armaments","floor":8.0,"key":"SMITH"},{"data":"Rupture","floor":13.0,"key":"SMITH"},{"floor":15.0,"key":"REST"},{"floor":23.0,"key":"REST"},{"data":"Disarm","floor":29.0,"key":"SMITH"},{"floor":32,"key":"REST"}],"neow_cost":"NONE","seed_source_timestamp":374545826550607,"circlet_count":0,"master_deck":["AscendersBane","Strike_R","Strike_R+1","Strike_R","Strike_R","Defend_R+1","Defend_R","Defend_R","Defend_R","Bash+1","Armaments+1","Headbutt","Hemokinesis+1","Immolate","Disarm+1","Shrug It Off","Shockwave+1","Rupture+1","Feed","Twin Strike","Limit Break","Pommel Strike","Shrug It Off","Disarm+1","True Grit+1"],"special_seed":0,"relics":["Burning Blood","Tiny Chest","Centennial Puzzle","Velvet Choker","Dodecahedron","Nloth\u0027s Gift","Boot","Bag of Marbles","Strawberry"],"potions_floor_usage":[31],"damage_taken":[{"damage":1.0,"enemies":"Cultist","floor":1.0,"turns":4.0},{"damage":5.0,"enemies":"2 Louse","floor":2.0,"turns":3.0},{"damage":1.0,"enemies":"Small Slimes","floor":3.0,"turns":5.0},{"damage":16.0,"enemies":"3 Louse","floor":4.0,"turns":5.0},{"damage":16.0,"enemies":"Gremlin Nob","floor":7.0,"turns":4.0},{"damage":6.0,"enemies":"Looter","floor":10.0,"turns":2.0},{"damage":0.0,"enemies":"Large Slime","floor":11.0,"turns":3.0},{"damage":17.0,"enemies":"Lagavulin","floor":12.0,"turns":6.0},{"damage":12.0,"enemies":"The Guardian","floor":16.0,"turns":10.0},{"damage":8.0,"enemies":"3 Byrds","floor":18.0,"turns":5.0},{"damage":3.0,"enemies":"Spheric Guardian","floor":20.0,"turns":3.0},{"damage":21.0,"enemies":"3 Cultists","floor":21.0,"turns":4.0},{"damage":43.0,"enemies":"Shelled Parasite and Fungi","floor":22.0,"turns":9.0},{"damage":25.0,"enemies":"Book of Stabbing","floor":24.0,"turns":5.0},{"damage":9.0,"enemies":"Snake Plant","floor":28.0,"turns":6.0},{"damage":2.0,"enemies":"3 Cultists","floor":30.0,"turns":6.0},{"damage":36,"enemies":"Slavers","floor":31,"turns":5},{"damage":71,"enemies":"Collector","floor":33,"turns":9}],"seed_played":"8265484295668092414","potions_obtained":[{"floor":2.0,"key":"LiquidBronze"},{"floor":3.0,"key":"Block Potion"},{"floor":11.0,"key":"EssenceOfSteel"},{"floor":16.0,"key":"AttackPotion"},{"floor":18.0,"key":"FairyPotion"},{"floor":20.0,"key":"SkillPotion"},{"floor":24.0,"key":"BloodPotion"},{"floor":30.0,"key":"Fruit Juice"}],"is_trial":false,"path_per_floor":["M","M","M","M","$","R","E","R","T","M","M","E","R","?","R","B",null,"M","?","M","M","M","R","E","?","T","$","M","R","M","E","R","B"],"character_chosen":"IRONCLAD","items_purchased":["Immolate","Bag of Marbles"],"campfire_rested":3,"item_purchase_floors":[5,27],"current_hp_per_floor":[73,74,75,65,65,65,55,55,55,55,61,50,50,27,49,43,67,68,68,71,59,25,50,31,31,31,31,36,36,43,25,54,0],"gold":115,"neow_bonus":"UPGRADE_CARD","is_prod":false,"is_daily":false,"chose_seed":false,"campfire_upgraded":4,"win_rate":0,"timestamp":1557382824,"path_taken":["M","M","M","M","$","R","E","R","T","?","M","E","R","?","R","BOSS","M","?","?","M","M","R","E","?","T","$","M","R","M","E","R","BOSS"],"build_version":"2019-01-23","purchased_purges":0,"victory":false,"max_hp_per_floor":[75,75,75,75,75,75,75,75,75,75,75,75,75,75,75,75,75,78,78,78,81,84,84,84,84,84,84,84,84,87,99,99,99],"card_choices":[{"not_picked":["Body Slam","Warcry"],"picked":"Armaments","floor":1.0},{"not_picked":["Armaments","Perfected Strike"],"picked":"Headbutt","floor":2.0},{"not_picked":["Pommel Strike","Entrench"],"picked":"Hemokinesis","floor":3.0},{"not_picked":["Second Wind","Heavy Blade","Sword Boomerang"],"picked":"SKIP","floor":4.0},{"not_picked":["Wild Strike","Body Slam"],"picked":"Disarm","floor":7.0},{"not_picked":["Havoc","Ghostly Armor"],"picked":"Shrug It Off","floor":10.0},{"not_picked":["Perfected Strike","Sentinel"],"picked":"Shockwave","floor":11.0},{"not_picked":["True Grit","Ghostly Armor"],"picked":"Rupture","floor":12.0},{"not_picked":["Fiend Fire","Limit Break"],"picked":"Feed","floor":16.0},{"not_picked":["True Grit","Sword Boomerang"],"picked":"Twin Strike","floor":18.0},{"not_picked":["Havoc+1","Evolve"],"picked":"Limit Break","floor":20.0},{"not_picked":["Clash","Heavy Blade","Blood for Blood"],"picked":"SKIP","floor":21.0},{"not_picked":["Blood for Blood","Uppercut"],"picked":"Pommel Strike","floor":22.0},{"not_picked":["Clash","Clothesline"],"picked":"Shrug It Off","floor":24.0},{"not_picked":["Warcry","Sword Boomerang"],"picked":"Disarm+1","floor":28.0},{"not_picked":["Burning Pact","Exhume"],"picked":"True Grit+1","floor":30.0},{"not_picked":["Cleave","Flex","Immolate"],"picked":"SKIP","floor":31}],"player_experience":448504,"relics_obtained":[{"floor":7.0,"key":"Tiny Chest"},{"floor":9.0,"key":"Potion Belt"},{"floor":12.0,"key":"Centennial Puzzle"},{"floor":24.0,"key":"Dodecahedron"},{"floor":26.0,"key":"Boot"},{"floor":31,"key":"Strawberry"}],"event_choices":[{"damage_healed":0.0,"max_hp_gain":0.0,"max_hp_loss":0.0,"gold_gain":0.0,"event_name":"Shining Light","player_choice":"Entered Light","floor":14.0,"gold_loss":0.0,"damage_taken":23.0,"cards_upgraded":["Shockwave","Strike_R"]},{"cards_removed":["Strike_R"],"damage_healed":0.0,"max_hp_gain":0.0,"max_hp_loss":0.0,"gold_gain":0.0,"event_name":"Designer","player_choice":"Upgrade and Remove","floor":19.0,"gold_loss":110.0,"damage_taken":0.0,"cards_upgraded":["Defend_R"]},{"damage_healed":0.0,"max_hp_gain":0.0,"max_hp_loss":0.0,"gold_gain":0.0,"event_name":"N\u0027loth","player_choice":"Traded Relic","floor":25.0,"relics_lost":["Potion Belt"],"gold_loss":0.0,"damage_taken":0.0,"relics_obtained":["Nloth\u0027s Gift"]}],"is_beta":false,"boss_relics":[{"not_picked":["Ectoplasm","Pandora\u0027s Box"],"picked":"Velvet Choker"}],"items_purged_floors":[],"is_endless":false,"potions_floor_spawned":[2,3,11,16,18,20,24,30],"killed_by":"Collector","ascension_level":15}