{"gold_per_floor":[366,380,8,19,29,29,62,74,120,139,89,89,43,43,43,148,148,163,163,263,19,38,64,64,64,88,88,103,463,62,90,90,90],"floor_reached":33,"playtime":1921,"items_purged":[],"score":358,"play_id":"f2589ba0-179d-416a-8581-b488b7c6ab55","local_time":"20190503144544","is_ascension_mode":false,"campfire_choices":[{"data":"Bash","floor":6.0,"key":"SMITH"},{"data":"Immolate","floor":15.0,"key":"SMITH"},{"data":"True Grit","floor":25.0,"key":"SMITH"},{"data":"True Grit","floor":27.0,"key":"SMITH"},{"floor":32,"key":"REST"}],"neow_cost":"PERCENT_DAMAGE","seed_source_timestamp":427312324254395,"circlet_count":0,"master_deck":["Defend_R","Defend_R","Defend_R","Bash+1","Cleave","True Grit+1","Whirlwind","Shockwave","Bludgeon","Twin Strike","True Grit+1","Shrug It Off","Immolate+1","Impervious","Clothesline","Bite","Bite","Bite","Bite","Bite","True Grit+1","Feed","Flex"],"special_seed":0,"relics":["Burning Blood","Pen Nib","Bronze Scales","Runic Pyramid","Matryoshka","Gremlin Horn","Kunai","Bag of Marbles","Shuriken","Regal Pillow","Blue Candle"],"potions_floor_usage":[31,31,33],"damage_taken":[{"damage":7.0,"enemies":"Small Slimes","floor":1.0,"turns":5.0},{"damage":2.0,"enemies":"2 Louse","floor":2.0,"turns":4.0},{"damage":0.0,"enemies":"Cultist","floor":4.0,"turns":3.0},{"damage":7.0,"enemies":"Blue Slaver","floor":5.0,"turns":4.0},{"damage":23.0,"enemies":"Gremlin Nob","floor":7.0,"turns":4.0},{"damage":14.0,"enemies":"Exordium Thugs","floor":8.0,"turns":3.0},{"damage":0.0,"enemies":"3 Louse","floor":10.0,"turns":2.0},{"damage":5.0,"enemies":"Slime Boss","floor":16.0,"turns":7.0},{"damage":11.0,"enemies":"2 Thieves","floor":18.0,"turns":2.0},{"damage":27.0,"enemies":"Shell Parasite","floor":22.0,"turns":5.0},{"damage":0.0,"enemies":"Gremlin Leader","floor":23.0,"turns":6.0},{"damage":0.0,"enemies":"Chosen and Byrds","floor":28.0,"turns":4.0},{"damage":25,"enemies":"Slavers","floor":31,"turns":4},{"damage":76,"enemies":"Champ","floor":33,"turns":13}],"seed_played":"-1966491111524591239","potions_obtained":[{"floor":1.0,"key":"Strength Potion"},{"floor":4.0,"key":"Explosive Potion"},{"floor":7.0,"key":"SpeedPotion"},{"floor":8.0,"key":"AttackPotion"},{"floor":23.0,"key":"Weak Potion"},{"floor":31,"key":"SkillPotion"}],"is_trial":false,"path_per_floor":["M","M","$","M","M","R","E","M","T","M","?","?","$","?","R","B",null,"M","?","?","$","M","E","?","R","T","R","M","?","$","E","R","B"],"character_chosen":"IRONCLAD","items_purchased":["Pen Nib","Whirlwind","Bronze Scales","Shrug It Off","Matryoshka","Shuriken","Regal Pillow"],"campfire_rested":1,"item_purchase_floors":[3,3,3,13,21,30,30],"current_hp_per_floor":[55,59,59,65,64,64,47,39,39,45,45,45,45,45,45,46,80,75,56,56,56,41,53,53,53,53,53,56,26,26,16,48,0],"gold":90,"neow_bonus":"TWO_FIFTY_GOLD","is_prod":false,"is_daily":false,"chose_seed":false,"campfire_upgraded":4,"win_rate":0,"timestamp":1556909144,"path_taken":["M","M","$","M","M","R","E","M","T","M","?","?","$","?","R","BOSS","M","?","?","$","?","E","?","R","T","R","M","?","$","E","R","BOSS"],"build_version":"2019-01-23","purchased_purges":0,"victory":false,"max_hp_per_floor":[80,80,80,80,80,80,80,80,80,80,80,80,80,80,80,80,80,80,56,56,56,56,56,56,56,56,56,56,56,56,59,59,59],"card_choices":[{"not_picked":["Body Slam","Wild Strike"],"picked":"Cleave","floor":1.0},{"not_picked":["Rupture","Metallicize"],"picked":"True Grit","floor":2.0},{"not_picked":["Sentinel","Wild Strike","Perfected Strike"],"picked":"SKIP","floor":4.0},{"not_picked":["Pommel Strike","Body Slam"],"picked":"Shockwave","floor":5.0},{"not_picked":["Warcry","Anger"],"picked":"Bludgeon","floor":7.0},{"not_picked":["Cleave","Heavy Blade"],"picked":"Twin Strike","floor":8.0},{"not_picked":["Body Slam","Wild Strike"],"picked":"True Grit","floor":10.0},{"not_picked":["Berserk","Exhume"],"picked":"Impervious","floor":16.0},{"not_picked":["Cleave","Havoc"],"picked":"Clothesline","floor":18.0},{"not_picked":["Whirlwind","Wild Strike"],"picked":"True Grit","floor":22.0},{"not_picked":["Sever Soul","Perfected Strike"],"picked":"Feed","floor":23.0},{"not_picked":["Sever Soul","Iron Wave","Twin Strike+1"],"picked":"SKIP","floor":28.0},{"not_picked":["Flex","Pummel","Havoc"],"picked":"SKIP","floor":31}],"player_experience":253489,"relics_obtained":[{"floor":23.0,"key":"Gremlin Horn"},{"floor":26.0,"key":"Kunai"},{"floor":26.0,"key":"Bag of Marbles"},{"floor":31,"key":"Blue Candle"}],"event_choices":[{"cards_removed":["Defend_R"],"damage_healed":0.0,"max_hp_gain":0.0,"max_hp_loss":0.0,"gold_gain":0.0,"event_name":"The Cleric","player_choice":"Card Removal","floor":11.0,"gold_loss":50.0,"damage_taken":0.0},{"damage_healed":0.0,"max_hp_gain":0.0,"max_hp_loss":0.0,"gold_gain":0.0,"event_name":"Living Wall","player_choice":"Grow","floor":12.0,"gold_loss":0.0,"damage_taken":0.0,"cards_upgraded":["True Grit"]},{"damage_healed":0.0,"max_hp_gain":0.0,"max_hp_loss":0.0,"gold_gain":0.0,"event_name":"Match and Keep!","player_choice":"1 cards matched","floor":14.0,"gold_loss":0.0,"damage_taken":0.0,"cards_obtained":["Immolate"]},{"damage_healed":0.0,"max_hp_gain":0.0,"max_hp_loss":24.0,"gold_gain":0.0,"event_name":"Vampires","player_choice":"Became a vampire","floor":19.0,"gold_loss":0.0,"damage_taken":0.0,"cards_obtained":["Bite","Bite","Bite","Bite","Bite"]},{"damage_healed":0.0,"max_hp_gain":0.0,"max_hp_loss":0.0,"gold_gain":100.0,"event_name":"Golden Shrine","player_choice":"Pray","floor":20.0,"gold_loss":0.0,"damage_taken":0.0},{"damage_healed":0.0,"max_hp_gain":0.0,"max_hp_loss":0.0,"gold_gain":0.0,"event_name":"The Library","player_choice":"Read","floor":24.0,"gold_loss":0.0,"damage_taken":0.0,"cards_obtained":["Flex"]},{"damage_healed":0.0,"max_hp_gain":0.0,"max_hp_loss":0.0,"gold_gain":360.0,"event_name":"Knowing Skull","player_choice":"GOLD GOLD GOLD GOLD ","floor":29.0,"potions_obtained":[],"gold_loss":0.0,"damage_taken":30.0,"cards_obtained":[]}],"is_beta":false,"boss_relics":[{"not_picked":["Mark of Pain","Ectoplasm"],"picked":"Runic Pyramid"}],"items_purged_floors":[],"is_endless":false,"potions_floor_spawned":[1,4,7,8,23,31],"killed_by":"Champ","ascension_level":0}