{"gold_per_floor":[111,131,147,158,43,43,69,69,94,114,132,132,147,147,147,225,225,239,79,91,111,125,153,153,153,153,78,92,92,11,11,11,85,85,104,84,7,23,35,35,49,69,69,69,80,90,90,138,138,138],"floor_reached":51,"playtime":4154,"items_purged":["Strike_G"],"score":1184,"play_id":"a666ab67-95e9-4346-a0e1-cbcec1c23089","local_time":"20190506014310","is_ascension_mode":true,"campfire_choices":[{"data":"Survivor","floor":6.0,"key":"SMITH"},{"floor":8.0,"key":"REST"},{"data":"Well Laid Plans","floor":12.0,"key":"SMITH"},{"data":"Dash","floor":15.0,"key":"SMITH"},{"floor":24.0,"key":"REST"},{"data":"Prepared","floor":29.0,"key":"SMITH"},{"data":"Backflip","floor":32.0,"key":"SMITH"},{"floor":40.0,"key":"REST"},{"floor":44.0,"key":"REST"},{"floor":47.0,"key":"REST"},{"floor":49.0,"key":"REST"}],"neow_cost":"NONE","seed_source_timestamp":110291815947185,"circlet_count":0,"master_deck":["AscendersBane","Defend_G","Defend_G","Defend_G","Defend_G+1","Defend_G","Strike_G","Strike_G","Strike_G","Survivor+1","Neutralize+1","Dagger Throw","Terror+1","Deadly Poison","Dash+1","Well Laid Plans+1","Backflip+1","Flying Knee","PiercingWail","Prepared+1","Corpse Explosion","Underhanded Strike+1","Escape Plan","Reflex+1","Flying Knee+1","Catalyst","Writhe","After Image","Leg Sweep","Endless Agony+1","Prepared+1"],"special_seed":0,"relics":["Ring of the Serpent","Bronze Scales","Happy Flower","War Paint","Bag of Preparation","Singing Bowl","Unceasing Top","Fusion Hammer","Torii","Smiling Mask"],"potions_floor_usage":[50,50],"damage_taken":[{"damage":0.0,"enemies":"2 Louse","floor":1.0,"turns":3.0},{"damage":0.0,"enemies":"Small Slimes","floor":2.0,"turns":4.0},{"damage":2.0,"enemies":"Jaw Worm","floor":3.0,"turns":3.0},{"damage":11.0,"enemies":"Gremlin Gang","floor":4.0,"turns":8.0},{"damage":19.0,"enemies":"Lagavulin","floor":7.0,"turns":4.0},{"damage":15.0,"enemies":"Exordium Thugs","floor":10.0,"turns":5.0},{"damage":0.0,"enemies":"Looter","floor":11.0,"turns":3.0},{"damage":0.0,"enemies":"Blue Slaver","floor":13.0,"turns":3.0},{"damage":22.0,"enemies":"Slime Boss","floor":16.0,"turns":11.0},{"damage":7.0,"enemies":"3 Byrds","floor":18.0,"turns":2.0},{"damage":0.0,"enemies":"Shell Parasite","floor":20.0,"turns":6.0},{"damage":7.0,"enemies":"Snake Plant","floor":21.0,"turns":5.0},{"damage":3.0,"enemies":"Cultist and Chosen","floor":22.0,"turns":4.0},{"damage":31.0,"enemies":"Gremlin Leader","floor":23.0,"turns":7.0},{"damage":0.0,"enemies":"3 Cultists","floor":28.0,"turns":2.0},{"damage":23.0,"enemies":"Champ","floor":33.0,"turns":12.0},{"damage":5.0,"enemies":"3 Darklings","floor":35.0,"turns":3.0},{"damage":0.0,"enemies":"3 Shapes","floor":38.0,"turns":2.0},{"damage":0.0,"enemies":"Jaw Worm Horde","floor":39.0,"turns":3.0},{"damage":0.0,"enemies":"Writhing Mass","floor":41.0,"turns":9.0},{"damage":4.0,"enemies":"3 Darklings","floor":42.0,"turns":4.0},{"damage":32.0,"enemies":"Jaw Worm Horde","floor":45.0,"turns":4.0},{"damage":12.0,"enemies":"Sphere and 2 Shapes","floor":46.0,"turns":6.0},{"damage":61,"enemies":"Time Eater","floor":50,"turns":12}],"seed_played":"4045129949664071001","potions_obtained":[{"floor":3.0,"key":"AttackPotion"},{"floor":4.0,"key":"Poison Potion"},{"floor":10.0,"key":"Dexterity Potion"},{"floor":13.0,"key":"Dexterity Potion"},{"floor":16.0,"key":"FearPotion"},{"floor":22.0,"key":"FearPotion"},{"floor":23.0,"key":"PowerPotion"},{"floor":33.0,"key":"LiquidBronze"},{"floor":36.0,"key":"Explosive Potion"},{"floor":41.0,"key":"SkillPotion"},{"floor":46.0,"key":"GhostInAJar"}],"is_trial":false,"path_per_floor":["M","M","M","M","$","R","E","R","T","M","M","R","M","?","R","B",null,"M","$","M","M","M","E","R","?","T","?","M","R","$","?","R","B",null,"M","?","$","M","M","R","M","M","T","R","M","M","R","T","R","B",null],"character_chosen":"THE_SILENT","items_purchased":["Well Laid Plans","War Paint","Catalyst","Leg Sweep"],"campfire_rested":6,"item_purchase_floors":[5,19,30,37],"current_hp_per_floor":[59,59,57,46,46,46,27,46,46,31,31,31,31,31,31,9,52,45,45,45,38,35,4,23,36,36,36,36,36,36,36,36,13,53,50,50,50,52,54,72,74,70,70,74,42,32,54,54,76,15],"gold":138,"neow_bonus":"UPGRADE_CARD","is_prod":false,"is_daily":false,"chose_seed":false,"campfire_upgraded":5,"win_rate":0,"timestamp":1557121390,"path_taken":["M","M","M","M","$","R","E","R","T","M","M","R","M","?","R","BOSS","M","$","M","M","M","E","R","?","T","?","M","R","$","?","R","BOSS","M","?","$","M","M","R","M","?","T","R","M","M","R","?","R","BOSS"],"build_version":"2019-01-23","purchased_purges":1,"victory":true,"max_hp_per_floor":[66,66,66,66,66,66,66,66,66,66,66,66,66,66,66,66,66,66,66,66,66,66,66,66,66,66,66,66,66,66,66,66,66,66,68,68,68,70,72,72,74,74,74,74,74,76,76,76,76,76],"card_choices":[{"not_picked":["Calculated Gamble","Endless Agony"],"picked":"Dagger Throw","floor":1.0},{"not_picked":["Deadly Poison","Expertise"],"picked":"Terror","floor":2.0},{"not_picked":["Sucker Punch","Dagger Throw"],"picked":"Deadly Poison","floor":3.0},{"not_picked":["Outmaneuver","Tactician"],"picked":"Dash","floor":4.0},{"not_picked":["Dodge and Roll","Setup"],"picked":"Backflip","floor":7.0},{"not_picked":["Escape Plan","Expertise"],"picked":"Flying Knee","floor":10.0},{"not_picked":["Terror","Prepared"],"picked":"PiercingWail","floor":11.0},{"not_picked":["Expertise","Flying Knee"],"picked":"Prepared","floor":13.0},{"not_picked":["Phantasmal Killer","Malaise"],"picked":"Corpse Explosion","floor":16.0},{"not_picked":["Poisoned Stab","Dagger Throw","Quick Slash"],"picked":"SKIP","floor":18.0},{"not_picked":["Outmaneuver","Slice","Quick Slash"],"picked":"SKIP","floor":20.0},{"not_picked":["Cloak And Dagger","Dagger Spray"],"picked":"Underhanded Strike+1","floor":21.0},{"not_picked":["Flechettes","Deflect"],"picked":"Escape Plan","floor":22.0},{"not_picked":["Crippling Poison","Poisoned Stab"],"picked":"Reflex+1","floor":23.0},{"not_picked":["Accuracy","Skewer+1"],"picked":"Flying Knee+1","floor":28.0},{"not_picked":["Envenom","Adrenaline"],"picked":"After Image","floor":33.0},{"not_picked":["Blade Dance","Dodge and Roll","Sucker Punch"],"picked":"Singing Bowl","floor":35.0},{"not_picked":["Acrobatics","All Out Attack","Dagger Spray"],"picked":"Singing Bowl","floor":38.0},{"not_picked":["Flechettes","Blade Dance","Setup"],"picked":"Singing Bowl","floor":39.0},{"not_picked":["Choke","Masterful Stab","Well Laid Plans"],"picked":"Singing Bowl","floor":41.0},{"not_picked":["Backstab","Quick Slash+1"],"picked":"Endless Agony+1","floor":42.0},{"not_picked":["Expertise","Backflip"],"picked":"Prepared+1","floor":45.0},{"not_picked":["Poisoned Stab","Storm of Steel","Dagger Throw"],"picked":"Singing Bowl","floor":46.0}],"player_experience":362642,"relics_obtained":[{"floor":7.0,"key":"Bronze Scales"},{"floor":9.0,"key":"Happy Flower"},{"floor":23.0,"key":"Bag of Preparation"},{"floor":26.0,"key":"Singing Bowl"},{"floor":43.0,"key":"Torii"},{"floor":48.0,"key":"Smiling Mask"}],"event_choices":[{"damage_healed":0.0,"max_hp_gain":0.0,"max_hp_loss":0.0,"gold_gain":0.0,"event_name":"Liars Game","player_choice":"Ignored","floor":14.0,"gold_loss":0.0,"damage_taken":0.0},{"damage_healed":13.0,"max_hp_gain":0.0,"max_hp_loss":0.0,"gold_gain":0.0,"event_name":"The Library","player_choice":"Heal","floor":25.0,"gold_loss":0.0,"damage_taken":0.0},{"cards_removed":["Strike_G"],"damage_healed":0.0,"max_hp_gain":0.0,"max_hp_loss":0.0,"gold_gain":0.0,"event_name":"Beggar","player_choice":"Gave Gold","floor":27.0,"gold_loss":75.0,"damage_taken":0.0},{"damage_healed":0.0,"max_hp_gain":0.0,"max_hp_loss":0.0,"gold_gain":0.0,"event_name":"The Mausoleum","player_choice":"Opened","floor":31.0,"gold_loss":0.0,"damage_taken":0.0,"relics_obtained":["Unceasing Top"],"cards_obtained":["Writhe"]},{"damage_healed":0.0,"max_hp_gain":0.0,"max_hp_loss":0.0,"gold_gain":0.0,"event_name":"The Woman in Blue","player_choice":"Bought 1 Potion","floor":36.0,"gold_loss":0.0,"damage_taken":0.0}],"is_beta":false,"boss_relics":[{"not_picked":["Runic Dome","Black Star"],"picked":"Ring of the Serpent"},{"not_picked":["Velvet Choker","Lizard Tail"],"picked":"Fusion Hammer"}],"items_purged_floors":[5],"is_endless":false,"potions_floor_spawned":[3,4,10,13,16,22,23,28,33,38,41,46],"ascension_level":18}