{"gold_per_floor":[118,134,150,63,80,80,105,105,105,105,122,140,159,184,184,184],"floor_reached":16,"playtime":758,"items_purged":[],"score":205,"play_id":"a57a73c6-fa2d-4cf3-bb4d-e5a5579581cc","local_time":"20190509143429","is_ascension_mode":true,"campfire_choices":[{"data":"Bash","floor":6.0,"key":"SMITH"},{"data":"Flame Barrier","floor":8.0,"key":"SMITH"},{"data":"Clothesline","floor":10.0,"key":"SMITH"},{"data":"Barricade","floor":15,"key":"SMITH"}],"neow_cost":"NONE","seed_source_timestamp":419926853802352,"circlet_count":0,"master_deck":["AscendersBane","Strike_R","Strike_R","Strike_R","Strike_R","Strike_R","Defend_R","Defend_R","Defend_R","Defend_R","Bash+1","Pummel","Clothesline+1","Shrug It Off","Flame Barrier+1","Shrug It Off","Thunderclap","Barricade+1","Flex","Rampage","Metallicize"],"special_seed":0,"relics":["Burning Blood","NeowsBlessing","Bird Faced Urn","Self Forming Clay","Sundial"],"potions_floor_usage":[16],"damage_taken":[{"damage":0.0,"enemies":"Cultist","floor":1.0,"turns":1.0},{"damage":0.0,"enemies":"Small Slimes","floor":2.0,"turns":1.0},{"damage":0.0,"enemies":"2 Louse","floor":3.0,"turns":1.0},{"damage":13.0,"enemies":"Blue Slaver","floor":5.0,"turns":3.0},{"damage":17.0,"enemies":"3 Sentries","floor":7.0,"turns":9.0},{"damage":15.0,"enemies":"Exordium Wildlife","floor":11.0,"turns":5.0},{"damage":0.0,"enemies":"2 Fungi Beasts","floor":12.0,"turns":4.0},{"damage":4.0,"enemies":"3 Louse","floor":13.0,"turns":3.0},{"damage":27,"enemies":"Lagavulin","floor":14,"turns":9},{"damage":42,"enemies":"Slime Boss","floor":16,"turns":8}],"seed_played":"1055699030241832386","potions_obtained":[{"floor":2.0,"key":"Explosive Potion"},{"floor":7.0,"key":"GamblersBrew"},{"floor":13.0,"key":"Explosive Potion"}],"is_trial":false,"path_per_floor":["M","M","M","$","M","R","E","R","T","R","M","M","M","E","R","B"],"character_chosen":"IRONCLAD","items_purchased":["Flame Barrier"],"campfire_rested":0,"item_purchase_floors":[4],"current_hp_per_floor":[74,75,75,75,68,68,57,57,57,57,48,54,56,37,37,0],"gold":184,"neow_bonus":"THREE_ENEMY_KILL","is_prod":false,"is_daily":false,"chose_seed":false,"campfire_upgraded":4,"win_rate":0,"timestamp":1557426869,"path_taken":["M","M","?","$","M","R","E","R","T","R","M","M","M","E","R","BOSS"],"build_version":"2019-01-23","purchased_purges":0,"victory":false,"max_hp_per_floor":[75,75,75,75,75,75,75,75,75,75,75,75,75,75,75,75],"card_choices":[{"not_picked":["Clash","Perfected Strike"],"picked":"Pummel","floor":1.0},{"not_picked":["Feel No Pain","Perfected Strike"],"picked":"Clothesline","floor":2.0},{"not_picked":["Perfected Strike","Sword Boomerang"],"picked":"Shrug It Off","floor":3.0},{"not_picked":["Perfected Strike","Iron Wave"],"picked":"Shrug It Off","floor":5.0},{"not_picked":["Burning Pact","Searing Blow"],"picked":"Thunderclap","floor":7.0},{"not_picked":["Anger","Wild Strike"],"picked":"Barricade","floor":11.0},{"not_picked":["Clothesline","Twin Strike"],"picked":"Flex","floor":12.0},{"not_picked":["Thunderclap","Bloodletting"],"picked":"Rampage","floor":13.0},{"not_picked":["Perfected Strike","Wild Strike"],"picked":"Metallicize","floor":14}],"player_experience":460283,"relics_obtained":[{"floor":7.0,"key":"Bird Faced Urn"},{"floor":9.0,"key":"Self Forming Clay"},{"floor":14,"key":"Sundial"}],"event_choices":[],"is_beta":false,"boss_relics":[],"items_purged_floors":[],"is_endless":false,"potions_floor_spawned":[2,7,13],"killed_by":"Slime Boss","ascension_level":16}