{"gold_per_floor":[119,129,129,15,15,15,15,15,15,28,28,43,43,83,83,179,179,203,238,259,259,259,259,290,290,315,348,348,373,5,25,25,123,123,148,163,28,55,35,68,81,81,108,142,166,5,73,73,73,73,73],"floor_reached":52,"playtime":2937,"items_purged":["Injury"],"score":2038,"play_id":"e744b53a-7324-4178-9936-1c7a274d2e6a","local_time":"20190526152647","is_ascension_mode":true,"campfire_choices":[{"data":"Zap","floor":6.0,"key":"SMITH"},{"data":"Defragment","floor":8.0,"key":"SMITH"},{"data":"Sweeping Beam","floor":11.0,"key":"SMITH"},{"data":"Biased Cognition","floor":15.0,"key":"SMITH"},{"data":"Electrodynamics","floor":23.0,"key":"SMITH"},{"data":"Darkness","floor":25.0,"key":"SMITH"},{"data":"Reinforced Body","floor":28.0,"key":"SMITH"},{"floor":32.0,"key":"REST"},{"data":"Loop","floor":42.0,"key":"SMITH"},{"floor":49.0,"key":"REST"}],"neow_cost":"NONE","seed_source_timestamp":508152248723554,"circlet_count":0,"master_deck":["AscendersBane","Defend_B","Defend_B","Defend_B","Zap+1","Dualcast","Sweeping Beam+1","Chill+1","Defragment+1","Electrodynamics+1","Conserve Battery","Biased Cognition+1","Steam","Core Surge","Go for the Eyes","FTL","RitualDagger","Darkness+1","Decay","Reinforced Body+1","Doom and Gloom","Blind+1","Barrage","Rainbow","Steam Power+1","Gash+1","Force Field+1","Ball Lightning+1","Coolheaded","Coolheaded","Loop+1","Regret","Rainbow","Shame","Fusion+1","Coolheaded","Defragment","Hologram+1","Core Surge","Self Repair"],"special_seed":0,"relics":["Cracked Core","NeowsBlessing","Golden Idol","Ornamental Fan","Blue Candle","Anchor","Cursed Key","Red Mask","FossilizedHelix","Blood Vial","Bag of Marbles","Runic Capacitor","Astrolabe","War Paint","Darkstone Periapt","Dream Catcher","Vajra","Torii"],"potions_floor_usage":[50,51],"damage_taken":[{"damage":0.0,"enemies":"Cultist","floor":1.0,"turns":1.0},{"damage":0.0,"enemies":"Jaw Worm","floor":2.0,"turns":1.0},{"damage":0.0,"enemies":"2 Louse","floor":10.0,"turns":1.0},{"damage":8.0,"enemies":"Exordium Thugs","floor":12.0,"turns":3.0},{"damage":7.0,"enemies":"Lagavulin","floor":14.0,"turns":5.0},{"damage":28.0,"enemies":"Hexaghost","floor":16.0,"turns":9.0},{"damage":0.0,"enemies":"3 Byrds","floor":18.0,"turns":2.0},{"damage":0.0,"enemies":"Masked Bandits","floor":19.0,"turns":3.0},{"damage":3.0,"enemies":"Shell Parasite","floor":20.0,"turns":3.0},{"damage":0.0,"enemies":"Slavers","floor":24.0,"turns":2.0},{"damage":18.0,"enemies":"Book of Stabbing","floor":27.0,"turns":5.0},{"damage":18.0,"enemies":"Cultist and Chosen","floor":29.0,"turns":4.0},{"damage":0.0,"enemies":"Centurion and Healer","floor":31.0,"turns":2.0},{"damage":22.0,"enemies":"Champ","floor":33.0,"turns":10.0},{"damage":0.0,"enemies":"Orb Walker","floor":35.0,"turns":3.0},{"damage":0.0,"enemies":"3 Shapes","floor":36.0,"turns":2.0},{"damage":9.0,"enemies":"Nemesis","floor":40.0,"turns":7.0},{"damage":0.0,"enemies":"Spire Growth","floor":41.0,"turns":5.0},{"damage":35.0,"enemies":"Giant Head","floor":44.0,"turns":9.0},{"damage":0.0,"enemies":"3 Darklings","floor":45.0,"turns":5.0},{"damage":4.0,"enemies":"2 Orb Walkers","floor":47.0,"turns":4.0},{"damage":1,"enemies":"Donu and Deca","floor":50,"turns":9},{"damage":35,"enemies":"Time Eater","floor":51,"turns":11}],"seed_played":"-2921857537547302307","potions_obtained":[{"floor":1.0,"key":"FearPotion"},{"floor":10.0,"key":"Explosive Potion"},{"floor":16.0,"key":"Fire Potion"},{"floor":19.0,"key":"Dexterity Potion"},{"floor":31.0,"key":"Swift Potion"},{"floor":33.0,"key":"AttackPotion"},{"floor":39.0,"key":"GamblersBrew"},{"floor":41.0,"key":"Dexterity Potion"},{"floor":47.0,"key":"Explosive Potion"}],"is_trial":false,"path_per_floor":["M","M","?","$","?","R","?","R","T","M","R","M","?","E","R","B",null,"M","?","M","?","?","R","E","R","T","E","R","M","$","M","R","B",null,"M","M","$","T","?","E","M","R","T","E","M","$","?","?","R","B","B",null],"character_chosen":"DEFECT","items_purchased":["Defragment","Runic Capacitor","Blind","Dexterity Potion","Coolheaded","Loop","Coolheaded","Defragment","SkillPotion"],"campfire_rested":2,"item_purchase_floors":[4,30,30,30,37,37,46,46,46],"current_hp_per_floor":[64,64,64,64,64,64,64,64,64,64,64,56,45,38,38,10,56,56,56,53,47,47,47,47,47,47,31,31,15,15,17,38,18,58,60,62,62,62,62,55,57,57,63,30,32,32,30,30,53,61,35],"gold":73,"neow_bonus":"THREE_ENEMY_KILL","is_prod":false,"is_daily":false,"chose_seed":false,"campfire_upgraded":8,"win_rate":0,"timestamp":1558898807,"path_taken":["M","?","?","$","?","R","?","R","T","M","R","?","?","E","R","BOSS","M","?","M","?","?","R","E","R","T","E","R","M","$","M","R","BOSS","M","M","$","?","?","E","?","R","T","E","M","$","?","?","R","BOSS","BOSS"],"build_version":"2019-01-23","purchased_purges":1,"victory":true,"max_hp_per_floor":[71,71,71,71,71,71,71,71,71,71,71,71,71,71,71,71,71,71,71,71,71,71,71,71,71,71,71,71,71,71,71,71,71,71,71,71,71,71,71,71,71,71,77,77,77,77,77,77,77,77,77],"card_choices":[{"not_picked":["Blizzard","Streamline"],"picked":"Sweeping Beam","floor":1.0},{"not_picked":["Barrage","Tempest"],"picked":"Chill","floor":2.0},{"not_picked":["Barrage","Tempest"],"picked":"Conserve Battery","floor":10.0},{"not_picked":["Streamline","Beam Cell"],"picked":"Biased Cognition","floor":12.0},{"not_picked":["Barrage","Aggregate"],"picked":"Steam","floor":14.0},{"not_picked":["Seek","Fission"],"picked":"Core Surge","floor":16.0},{"not_picked":["Redo","Barrage","Stack"],"picked":"SKIP","floor":18.0},{"not_picked":["Double Energy","Stack"],"picked":"Go for the Eyes","floor":19.0},{"not_picked":["Stack","Gash+1"],"picked":"FTL","floor":20.0},{"not_picked":["Creative AI","Sunder"],"picked":"Darkness","floor":24.0},{"not_picked":["Doom and Gloom+1","Rebound"],"picked":"Reinforced Body","floor":27.0},{"not_picked":["Streamline","Rebound"],"picked":"Doom and Gloom","floor":29.0},{"not_picked":["White Noise","Conserve Battery"],"picked":"Barrage","floor":31.0},{"not_picked":["Seek","Reboot"],"picked":"Rainbow","floor":33.0},{"not_picked":["Leap","Turbo"],"picked":"Ball Lightning+1","floor":35.0},{"not_picked":["Redo","Streamline"],"picked":"Coolheaded","floor":36.0},{"not_picked":["Streamline","Stack"],"picked":"Rainbow","floor":40.0},{"not_picked":["Steam","Rebound","Auto Shields+1"],"picked":"SKIP","floor":41.0},{"not_picked":["Steam","Rebound","Auto Shields+1"],"picked":"SKIP","floor":41.0},{"not_picked":["Turbo","Genetic Algorithm","Double Energy"],"picked":"SKIP","floor":44.0},{"not_picked":["Ball Lightning","Hello World+1"],"picked":"Fusion+1","floor":45.0},{"not_picked":["Ball Lightning","Steam"],"picked":"Hologram+1","floor":47.0},{"not_picked":["Aggregate","Tempest"],"picked":"Self Repair","floor":49.0}],"player_experience":818284,"relics_obtained":[{"floor":9.0,"key":"Ornamental Fan"},{"floor":14.0,"key":"Anchor"},{"floor":19.0,"key":"Red Mask"},{"floor":24.0,"key":"FossilizedHelix"},{"floor":26.0,"key":"Blood Vial"},{"floor":27.0,"key":"Bag of Marbles"},{"floor":38.0,"key":"War Paint"},{"floor":40.0,"key":"Darkstone Periapt"},{"floor":43.0,"key":"Dream Catcher"},{"floor":44.0,"key":"Vajra"},{"floor":47.0,"key":"Torii"}],"event_choices":[{"damage_healed":0.0,"max_hp_gain":0.0,"max_hp_loss":0.0,"gold_gain":0.0,"event_name":"Golden Idol","player_choice":"Take Wound","floor":3.0,"gold_loss":0.0,"damage_taken":0.0,"relics_obtained":["Golden Idol"],"cards_obtained":["Injury"]},{"damage_healed":0.0,"max_hp_gain":0.0,"max_hp_loss":0.0,"gold_gain":0.0,"event_name":"Liars Game","player_choice":"Ignored","floor":5.0,"gold_loss":0.0,"damage_taken":0.0},{"damage_healed":0.0,"max_hp_gain":0.0,"max_hp_loss":0.0,"gold_gain":0.0,"cards_transformed":["Strike_B"],"event_name":"Transmorgrifier","player_choice":"Transformed","floor":7.0,"gold_loss":0.0,"damage_taken":0.0,"cards_obtained":["Electrodynamics"]},{"damage_healed":0.0,"max_hp_gain":0.0,"max_hp_loss":0.0,"gold_gain":0.0,"event_name":"Scrap Ooze","player_choice":"Success","floor":13.0,"gold_loss":0.0,"damage_taken":11.0,"relics_obtained":["Blue Candle"]},{"damage_healed":0.0,"max_hp_gain":0.0,"max_hp_loss":0.0,"gold_gain":0.0,"event_name":"Masked Bandits","player_choice":"Fought Bandits","floor":19.0,"gold_loss":0.0,"damage_taken":0.0},{"damage_healed":0.0,"max_hp_gain":0.0,"max_hp_loss":0.0,"gold_gain":0.0,"event_name":"Nest","player_choice":"Joined the Cult","floor":21.0,"gold_loss":0.0,"damage_taken":6.0,"cards_obtained":["RitualDagger"]},{"cards_removed":["Strike_B"],"damage_healed":0.0,"max_hp_gain":0.0,"max_hp_loss":0.0,"gold_gain":0.0,"event_name":"Purifier","player_choice":"Purged","floor":22.0,"gold_loss":0.0,"damage_taken":0.0},{"damage_healed":0.0,"max_hp_gain":0.0,"max_hp_loss":0.0,"gold_gain":0.0,"event_name":"The Woman in Blue","player_choice":"Bought 1 Potion","floor":39.0,"gold_loss":0.0,"damage_taken":0.0},{"damage_healed":0.0,"max_hp_gain":0.0,"max_hp_loss":0.0,"gold_gain":0.0,"event_name":"Mysterious Sphere","player_choice":"Fight","floor":47.0,"gold_loss":0.0,"damage_taken":0.0},{"damage_healed":0.0,"max_hp_gain":0.0,"max_hp_loss":0.0,"gold_gain":0.0,"event_name":"Match and Keep!","player_choice":"1 cards matched","floor":48.0,"gold_loss":0.0,"damage_taken":0.0,"cards_obtained":["Core Surge"]}],"is_beta":false,"boss_relics":[{"not_picked":["Snecko Eye","Empty Cage"],"picked":"Cursed Key"},{"not_picked":["Coffee Dripper","Busted Crown"],"picked":"Astrolabe"}],"items_purged_floors":[4],"is_endless":false,"potions_floor_spawned":[1,10,16,18,19,31,33,40,41,47],"ascension_level":20}