{"gold_per_floor":[115,36,36,46,57,90,90,122,122,456,456,456,433,445,445,546,546,561,561,561,561,182,182,213,232,256,267,279,294,319,334,334,429,429,445,495,495,510,528,528,553,553,553,581,598,618,618,636,636,636],"floor_reached":51,"playtime":2052,"items_purged":["Regret"],"score":928,"play_id":"2a59e24e-9dd8-4a9d-ab81-b7e9f9ffc3a4","local_time":"20190526184847","is_ascension_mode":true,"campfire_choices":[{"floor":7,"key":"REST"},{"floor":15,"key":"REST"},{"data":"Demon Form","floor":23,"key":"SMITH"},{"floor":32,"key":"REST"},{"floor":40,"key":"REST"},{"data":"Bludgeon","floor":42,"key":"SMITH"},{"data":"Bludgeon","floor":47,"key":"SMITH"},{"data":"Clothesline","floor":49,"key":"SMITH"}],"neow_cost":"CURSE","seed_source_timestamp":387355941473362,"circlet_count":0,"master_deck":["Strike_R+1","Strike_R+1","Strike_R+1","Strike_R+1","Strike_R+1","Defend_R+1","Defend_R+1","Defend_R+1","Defend_R+1","Bash","Shame","Pommel Strike","Bludgeon+1","Flame Barrier","True Grit+1","Sever Soul","Shrug It Off","Shockwave+1","Demon Form+1","Whirlwind","Clothesline+1","Demon Form+1","Carnage+1","Carnage","Bludgeon+1","Barricade","Disarm+1","Impervious","Injury"],"relics":["Burning Blood","Turnip","Question Card","Art of War","Old Coin","Mercury Hourglass","Snecko Eye","Nloth\u0027s Gift","Happy Flower","Regal Pillow","War Paint","Potion Belt","Bag of Marbles","Cursed Key","Thread and Needle","Anchor","Kunai","Blood Vial"],"potions_floor_usage":[16,16,16,30,30,35,36,41,45,50,50,50],"damage_taken":[{"damage":1,"enemies":"Cultist","floor":1,"turns":3},{"damage":2,"enemies":"Small Slimes","floor":4,"turns":3},{"damage":4,"enemies":"2 Louse","floor":5,"turns":3},{"damage":30,"enemies":"3 Sentries","floor":6,"turns":8},{"damage":38,"enemies":"Lagavulin","floor":8,"turns":5},{"damage":39,"enemies":"Gremlin Nob","floor":10,"turns":4},{"damage":4,"enemies":"Large Slime","floor":14,"turns":3},{"damage":48,"enemies":"Hexaghost","floor":16,"turns":10},{"damage":18,"enemies":"Shell Parasite","floor":18,"turns":4},{"damage":2,"enemies":"Book of Stabbing","floor":24,"turns":3},{"damage":0,"enemies":"2 Thieves","floor":25,"turns":3},{"damage":12,"enemies":"Snake Plant","floor":27,"turns":3},{"damage":6,"enemies":"Chosen and Byrds","floor":28,"turns":3},{"damage":22,"enemies":"Shelled Parasite and Fungi","floor":29,"turns":3},{"damage":20,"enemies":"Gremlin Leader","floor":30,"turns":3},{"damage":0,"enemies":"Snecko","floor":31,"turns":3},{"damage":21,"enemies":"Automaton","floor":33,"turns":6},{"damage":0,"enemies":"3 Darklings","floor":35,"turns":2},{"damage":35,"enemies":"2 Orb Walkers","floor":36,"turns":3},{"damage":24,"enemies":"3 Shapes","floor":38,"turns":3},{"damage":10,"enemies":"Maw","floor":39,"turns":6},{"damage":0,"enemies":"Giant Head","floor":41,"turns":5},{"damage":34,"enemies":"Nemesis","floor":44,"turns":5},{"damage":0,"enemies":"3 Darklings","floor":45,"turns":3},{"damage":7,"enemies":"Spire Growth","floor":46,"turns":4},{"damage":0,"enemies":"Maw","floor":48,"turns":4},{"damage":22,"enemies":"Donu and Deca","floor":50,"turns":6}],"seed_played":"-5826204101724517712","potions_obtained":[{"floor":4,"key":"LiquidBronze"},{"floor":10,"key":"SpeedPotion"},{"floor":14,"key":"BloodPotion"},{"floor":16,"key":"SteroidPotion"},{"floor":25,"key":"Fire Potion"},{"floor":29,"key":"Block Potion"},{"floor":31,"key":"AttackPotion"},{"floor":33,"key":"Block Potion"},{"floor":36,"key":"Explosive Potion"},{"floor":38,"key":"SteroidPotion"},{"floor":39,"key":"LiquidBronze"},{"floor":46,"key":"BloodPotion"}],"is_trial":false,"path_per_floor":["M","$","?","M","M","E","R","E","T","E","?","?","?","M","R","B",null,"M","?","?","?","$","R","E","M","T","M","M","M","E","M","R","B",null,"M","?","?","M","M","R","E","R","T","E","M","M","R","M","R","B",null],"character_chosen":"IRONCLAD","items_purchased":["Bludgeon","Happy Flower","Regal Pillow"],"campfire_rested":4,"item_purchase_floors":[2,22,22],"current_hp_per_floor":[80,80,80,80,80,56,80,48,48,15,15,15,15,17,41,7,80,68,68,68,68,68,68,72,78,78,72,72,56,42,48,80,65,80,80,51,51,33,29,68,74,74,74,46,54,55,55,63,63,57],"gold":636,"neow_bonus":"ONE_RARE_RELIC","is_prod":false,"is_daily":false,"chose_seed":false,"campfire_upgraded":4,"win_rate":0,"timestamp":1558914527,"path_taken":["M","$","?","M","M","E","R","E","T","E","?","?","?","M","R","BOSS","M","?","?","?","$","R","E","M","T","M","?","M","E","M","R","BOSS","M","?","?","?","M","R","E","R","T","E","M","M","R","M","R","BOSS"],"build_version":"2019-01-23","purchased_purges":1,"victory":true,"max_hp_per_floor":[80,80,80,80,80,80,80,80,80,80,80,80,80,80,80,80,80,80,80,80,80,80,80,80,80,80,80,80,80,80,80,80,80,80,80,80,80,80,80,80,80,80,80,80,80,80,80,80,80,80],"card_choices":[{"not_picked":["Pummel","Clash"],"picked":"Pommel Strike","floor":1},{"not_picked":["Second Wind","Wild Strike","Barricade"],"picked":"Flame Barrier","floor":4},{"not_picked":["Heavy Blade","Armaments","Feel No Pain"],"picked":"True Grit","floor":5},{"not_picked":["Headbutt","Body Slam","Bludgeon"],"picked":"Sever Soul","floor":6},{"not_picked":["Bloodletting","Armaments","Sword Boomerang"],"picked":"Shrug It Off","floor":8},{"not_picked":["Searing Blow","Rampage","True Grit"],"picked":"Shockwave","floor":10},{"not_picked":["Perfected Strike","Warcry","Fire Breathing","Sever Soul"],"picked":"SKIP","floor":14},{"not_picked":["Bludgeon","Barricade","Double Tap"],"picked":"Demon Form","floor":16},{"not_picked":["Headbutt","Dropkick+1","Feel No Pain+1"],"picked":"Whirlwind","floor":18},{"not_picked":["Offering","Feed","Berserk"],"picked":"Clothesline","floor":24},{"not_picked":["Rupture+1","Cleave","Armaments"],"picked":"Demon Form","floor":25},{"not_picked":["Juggernaut","Twin Strike","True Grit"],"picked":"Carnage+1","floor":27},{"not_picked":["Pommel Strike+1","Hemokinesis","Wild Strike+1","Bloodletting"],"picked":"SKIP","floor":28},{"not_picked":["Perfected Strike","Flex+1","Dual Wield+1"],"picked":"Carnage","floor":29},{"not_picked":["Wild Strike","Shrug It Off","Perfected Strike"],"picked":"Bludgeon","floor":30},{"not_picked":["Clothesline","Perfected Strike","Pommel Strike","Havoc+1"],"picked":"SKIP","floor":31},{"not_picked":["Juggernaut","Bludgeon","Demon Form"],"picked":"Barricade","floor":33},{"not_picked":["Sentinel+1","Twin Strike+1","Intimidate+1","Havoc+1"],"picked":"SKIP","floor":35},{"not_picked":["Pummel","Iron Wave+1","Cleave","Pommel Strike+1"],"picked":"SKIP","floor":38},{"not_picked":["Thunderclap","Shrug It Off+1","Inflame"],"picked":"Disarm+1","floor":39},{"not_picked":["Juggernaut","Brutality","Feel No Pain"],"picked":"Impervious","floor":41},{"not_picked":["Flex+1","Headbutt+1","Perfected Strike","Brutality"],"picked":"SKIP","floor":44},{"not_picked":["Twin Strike+1","Shockwave","True Grit","Metallicize+1"],"picked":"SKIP","floor":45},{"not_picked":["Offering","Thunderclap+1","Intimidate","Iron Wave"],"picked":"SKIP","floor":46},{"not_picked":["Intimidate","Dual Wield+1","Rampage","Iron Wave"],"picked":"SKIP","floor":48}],"player_experience":30135,"relics_obtained":[{"floor":6,"key":"Art of War"},{"floor":8,"key":"Centennial Puzzle"},{"floor":10,"key":"Old Coin"},{"floor":24,"key":"War Paint"},{"floor":26,"key":"Potion Belt"},{"floor":30,"key":"Bag of Marbles"},{"floor":36,"key":"Thread and Needle"},{"floor":41,"key":"Anchor"},{"floor":43,"key":"Kunai"},{"floor":44,"key":"Blood Vial"}],"event_choices":[{"damage_healed":0,"gold_gain":0,"player_choice":"Box","damage_taken":0,"relics_obtained":["Question Card"],"max_hp_gain":0,"max_hp_loss":0,"event_name":"Big Fish","floor":3,"gold_loss":0,"cards_obtained":["Regret"]},{"damage_healed":0,"gold_gain":0,"player_choice":"Ignored","damage_taken":0,"max_hp_gain":0,"max_hp_loss":0,"event_name":"Golden Idol","floor":11,"gold_loss":0},{"damage_healed":0,"gold_gain":0,"player_choice":"Searched \u00271\u0027 times","damage_taken":0,"relics_obtained":["Mercury Hourglass"],"max_hp_gain":0,"max_hp_loss":0,"event_name":"Dead Adventurer","floor":12,"gold_loss":0},{"damage_healed":0,"gold_gain":0,"player_choice":"Left Gold","damage_taken":0,"max_hp_gain":0,"max_hp_loss":0,"event_name":"World of Goop","floor":13,"gold_loss":23},{"damage_healed":0,"gold_gain":0,"player_choice":"Simplicity","damage_taken":0,"max_hp_gain":0,"max_hp_loss":0,"event_name":"Back to Basics","floor":19,"gold_loss":0,"cards_upgraded":["Strike_R","Strike_R","Strike_R","Strike_R","Strike_R","Defend_R","Defend_R","Defend_R","Defend_R"]},{"damage_healed":0,"gold_gain":0,"player_choice":"Ignored","damage_taken":0,"max_hp_gain":0,"max_hp_loss":0,"event_name":"Ghosts","floor":20,"gold_loss":0},{"damage_healed":0,"gold_gain":0,"player_choice":"Traded Relic","damage_taken":0,"relics_obtained":["Nloth\u0027s Gift"],"max_hp_gain":0,"max_hp_loss":0,"event_name":"N\u0027loth","floor":21,"relics_lost":["Centennial Puzzle"],"gold_loss":0},{"damage_healed":0,"gold_gain":0,"player_choice":"Fight","damage_taken":0,"max_hp_gain":0,"max_hp_loss":0,"event_name":"Mysterious Sphere","floor":36,"gold_loss":0},{"damage_healed":0,"gold_gain":0,"player_choice":"Upgraded","damage_taken":0,"max_hp_gain":0,"max_hp_loss":0,"event_name":"Upgrade Shrine","floor":37,"gold_loss":0,"cards_upgraded":["Demon Form"]}],"is_beta":false,"boss_relics":[{"not_picked":["Black Star","Fusion Hammer"],"picked":"Snecko Eye"},{"not_picked":["Philosopher\u0027s Stone","Eternal Feather"],"picked":"Cursed Key"}],"items_purged_floors":[22],"is_endless":false,"potions_floor_spawned":[4,10,14,16,25,29,31,33,36,38,39,46],"ascension_level":3}