{"gold_per_floor":[118,136,155,173,185,210,210,245,245,263,263,263,294,30,30,132,132,149,64,64,75,86,86,102,102,171,8,36,36,55,55,55,150,150,166,184,184,184,202,4,4,4,4,22,41,53,66,66,66,66],"floor_reached":50,"playtime":3460,"items_purged":[],"score":803,"play_id":"85461a80-4b3d-42ea-81ca-1f33c730ac18","local_time":"20190513200828","is_ascension_mode":true,"campfire_choices":[{"data":"Echo Form","floor":7.0,"key":"SMITH"},{"floor":11.0,"key":"REST"},{"floor":15.0,"key":"REST"},{"data":"Thunder Strike","floor":23.0,"key":"SMITH"},{"floor":25.0,"key":"REST"},{"floor":29.0,"key":"REST"},{"data":"Strike_B","floor":32.0,"key":"PURGE"},{"floor":41.0,"key":"REST"},{"floor":49.0,"key":"REST"}],"neow_cost":"NONE","seed_source_timestamp":782369047872775,"circlet_count":0,"master_deck":["AscendersBane","Defend_B","Defend_B","Defend_B","Defend_B","Zap+1","Dualcast","BootSequence","Reinforced Body","Echo Form+1","Machine Learning+1","Coolheaded","Ball Lightning","Sweeping Beam","Capacitor+1","Thunder Strike+1","Capacitor+1","Defragment+1","Loop+1","Rebound","Electrodynamics+1","Barrage+1","Echo Form+1","Rebound+1","Rainbow+1","Streamline+1","Turbo+1","Creative AI+1","Madness","Madness","Defragment+1","Doom and Gloom+1","Seek","Parasite","Static Discharge+1"],"special_seed":0,"relics":["Cracked Core","Frozen Egg 2","Vajra","The Courier","PreservedInsect","Peace Pipe","Bronze Scales","Oddly Smooth Stone","Nuclear Battery","Regal Pillow","Pantograph","Anchor","Nloth\u0027s Gift","Astrolabe","Meat on the Bone","Molten Egg 2","Turnip"],"potions_floor_usage":[],"damage_taken":[{"damage":0.0,"enemies":"Jaw Worm","floor":1.0,"turns":3.0},{"damage":0.0,"enemies":"2 Louse","floor":2.0,"turns":3.0},{"damage":1.0,"enemies":"Cultist","floor":3.0,"turns":3.0},{"damage":8.0,"enemies":"Blue Slaver","floor":4.0,"turns":3.0},{"damage":8.0,"enemies":"Large Slime","floor":5.0,"turns":6.0},{"damage":6.0,"enemies":"Gremlin Nob","floor":6.0,"turns":4.0},{"damage":20.0,"enemies":"3 Sentries","floor":8.0,"turns":9.0},{"damage":13.0,"enemies":"Gremlin Gang","floor":10.0,"turns":6.0},{"damage":6.0,"enemies":"Gremlin Nob","floor":13.0,"turns":3.0},{"damage":48.0,"enemies":"Slime Boss","floor":16.0,"turns":11.0},{"damage":0.0,"enemies":"Shell Parasite","floor":18.0,"turns":6.0},{"damage":7.0,"enemies":"3 Byrds","floor":21.0,"turns":2.0},{"damage":13.0,"enemies":"Snecko","floor":22.0,"turns":5.0},{"damage":19.0,"enemies":"Centurion and Healer","floor":24.0,"turns":6.0},{"damage":24.0,"enemies":"Book of Stabbing","floor":28.0,"turns":5.0},{"damage":0.0,"enemies":"Sentry and Sphere","floor":30.0,"turns":3.0},{"damage":12.0,"enemies":"Champ","floor":33.0,"turns":6.0},{"damage":6.0,"enemies":"Orb Walker","floor":35.0,"turns":4.0},{"damage":18.0,"enemies":"3 Shapes","floor":36.0,"turns":6.0},{"damage":31.0,"enemies":"Spire Growth","floor":39.0,"turns":4.0},{"damage":7.0,"enemies":"4 Shapes","floor":44.0,"turns":4.0},{"damage":1.0,"enemies":"Jaw Worm Horde","floor":45.0,"turns":3.0},{"damage":6.0,"enemies":"3 Darklings","floor":46.0,"turns":3.0},{"damage":17.0,"enemies":"Writhing Mass","floor":47.0,"turns":6.0},{"damage":80,"enemies":"Time Eater","floor":50,"turns":4}],"seed_played":"4808446817717604939","potions_obtained":[{"floor":1.0,"key":"SkillPotion"},{"floor":3.0,"key":"Regen Potion"},{"floor":8.0,"key":"SpeedPotion"},{"floor":10.0,"key":"Strength Potion"},{"floor":16.0,"key":"Dexterity Potion"},{"floor":21.0,"key":"FocusPotion"},{"floor":28.0,"key":"FocusPotion"},{"floor":39.0,"key":"Strength Potion"},{"floor":45.0,"key":"Block Potion"}],"is_trial":false,"path_per_floor":["M","M","M","M","M","E","R","E","T","M","R","?","E","$","R","B",null,"M","?","?","M","M","R","M","R","T","$","E","R","M","?","R","B",null,"M","M","?","?","M","$","R","?","T","M","M","M","M","?","R","B"],"character_chosen":"DEFECT","items_purchased":["Capacitor+1","Bronze Scales","Oddly Smooth Stone","Anchor","Rebound","Meat on the Bone"],"campfire_rested":6,"item_purchase_floors":[14,14,14,27,27,40],"current_hp_per_floor":[68,68,67,59,51,57,57,37,37,24,46,34,28,28,50,2,57,57,57,57,50,37,37,18,55,55,55,31,68,68,68,68,63,72,66,48,48,39,8,8,45,45,45,38,49,43,38,38,75,0],"gold":66,"neow_bonus":"UPGRADE_CARD","is_prod":false,"is_daily":false,"chose_seed":false,"campfire_upgraded":2,"win_rate":0,"timestamp":1557792508,"path_taken":["M","M","M","M","M","E","R","E","T","M","R","?","E","$","R","BOSS","M","?","?","M","M","R","M","R","T","$","E","R","M","?","R","BOSS","M","M","?","?","M","$","R","?","T","M","M","?","?","?","R","BOSS"],"build_version":"2019-01-23","purchased_purges":0,"victory":false,"max_hp_per_floor":[75,75,75,75,75,75,75,75,75,75,75,75,75,75,75,75,75,75,75,75,75,75,75,75,75,75,75,75,75,75,75,75,75,75,75,75,75,75,75,75,75,75,75,75,75,75,75,75,75,75],"card_choices":[{"not_picked":["Barrage","White Noise"],"picked":"BootSequence","floor":1.0},{"not_picked":["Barrage","Turbo","Gash"],"picked":"SKIP","floor":2.0},{"not_picked":["Chaos","Gash","White Noise"],"picked":"SKIP","floor":3.0},{"not_picked":["Force Field","Stack"],"picked":"Reinforced Body","floor":4.0},{"not_picked":["Hologram","Steam Power"],"picked":"Echo Form","floor":5.0},{"not_picked":["Genetic Algorithm","Go for the Eyes"],"picked":"Machine Learning","floor":6.0},{"not_picked":["FTL","Beam Cell"],"picked":"Coolheaded","floor":8.0},{"not_picked":["Beam Cell","Go for the Eyes"],"picked":"Ball Lightning","floor":10.0},{"not_picked":["Amplify","Auto Shields"],"picked":"Sweeping Beam","floor":13.0},{"not_picked":["Reboot","Multi-Cast"],"picked":"Thunder Strike","floor":16.0},{"not_picked":["Streamline","Barrage","Steam"],"picked":"SKIP","floor":18.0},{"not_picked":["Turbo","Leap"],"picked":"Capacitor+1","floor":21.0},{"not_picked":["Hologram+1","Conserve Battery"],"picked":"Defragment+1","floor":22.0},{"not_picked":["Streamline","Ball Lightning"],"picked":"Loop+1","floor":24.0},{"not_picked":["Melter","FTL"],"picked":"Electrodynamics+1","floor":28.0},{"not_picked":["Steam","Stack"],"picked":"Barrage+1","floor":30.0},{"not_picked":["Meteor Strike","Electrodynamics+1"],"picked":"Echo Form+1","floor":33.0},{"not_picked":["Skim","Leap"],"picked":"Turbo+1","floor":35.0},{"not_picked":["Leap+1","Go for the Eyes+1"],"picked":"Creative AI+1","floor":36.0},{"not_picked":["Reboot","Fusion"],"picked":"Defragment+1","floor":39.0},{"not_picked":["Redo","Sweeping Beam+1","Hello World+1"],"picked":"SKIP","floor":44.0},{"not_picked":["Aggregate","FTL+1"],"picked":"Doom and Gloom+1","floor":45.0},{"not_picked":["Coolheaded","Sunder+1"],"picked":"Seek","floor":46.0},{"not_picked":["Streamline+1","Meteor Strike+1"],"picked":"Static Discharge+1","floor":47.0}],"player_experience":588591,"relics_obtained":[{"floor":6.0,"key":"Frozen Egg 2"},{"floor":8.0,"key":"Vajra"},{"floor":9.0,"key":"The Courier"},{"floor":13.0,"key":"Peace Pipe"},{"floor":26.0,"key":"Pantograph"},{"floor":28.0,"key":"Juzu Bracelet"},{"floor":43.0,"key":"Turnip"}],"event_choices":[{"damage_healed":0.0,"max_hp_gain":0.0,"max_hp_loss":0.0,"gold_gain":0.0,"event_name":"Scrap Ooze","player_choice":"Success","floor":12.0,"gold_loss":0.0,"damage_taken":12.0,"relics_obtained":["PreservedInsect"]},{"damage_healed":0.0,"max_hp_gain":0.0,"max_hp_loss":0.0,"gold_gain":0.0,"event_name":"Addict","player_choice":"Obtained Relic","floor":19.0,"gold_loss":85.0,"damage_taken":0.0,"relics_obtained":["Regal Pillow"]},{"damage_healed":0.0,"max_hp_gain":0.0,"max_hp_loss":0.0,"gold_gain":0.0,"event_name":"Beggar","player_choice":"Ignored","floor":20.0,"gold_loss":0.0,"damage_taken":0.0},{"damage_healed":0.0,"max_hp_gain":0.0,"max_hp_loss":0.0,"gold_gain":0.0,"event_name":"N\u0027loth","player_choice":"Traded Relic","floor":31.0,"relics_lost":["Juzu Bracelet"],"gold_loss":0.0,"damage_taken":0.0,"relics_obtained":["Nloth\u0027s Gift"]},{"damage_healed":0.0,"max_hp_gain":0.0,"max_hp_loss":0.0,"gold_gain":0.0,"event_name":"Tomb of Lord Red Mask","player_choice":"Ignored","floor":37.0,"gold_loss":0.0,"damage_taken":0.0},{"damage_healed":0.0,"max_hp_gain":0.0,"max_hp_loss":0.0,"gold_gain":0.0,"event_name":"Winding Halls","player_choice":"Embrace Madness","floor":38.0,"gold_loss":0.0,"damage_taken":9.0,"cards_obtained":["Madness","Madness"]},{"damage_healed":0.0,"max_hp_gain":0.0,"max_hp_loss":0.0,"gold_gain":0.0,"event_name":"WeMeetAgain","player_choice":"Gave Potion","floor":42.0,"gold_loss":0.0,"damage_taken":0.0,"relics_obtained":["Molten Egg 2"]},{"damage_healed":0.0,"max_hp_gain":0.0,"max_hp_loss":0.0,"gold_gain":0.0,"event_name":"SensoryStone","player_choice":"Memory 1","floor":48.0,"gold_loss":0.0,"damage_taken":0.0}],"is_beta":false,"boss_relics":[{"not_picked":["Lizard Tail","Velvet Choker"],"picked":"Nuclear Battery"},{"not_picked":["Empty Cage","Coffee Dripper"],"picked":"Astrolabe"}],"items_purged_floors":[],"is_endless":false,"potions_floor_spawned":[1,3,8,10,16,21,24,28,39,45],"killed_by":"Time Eater","ascension_level":12}