{"gold_per_floor":[112,124,124,124,140,140,12,51,51,51,92,105,105,105,105,105],"floor_reached":16,"playtime":707,"items_purged":["Injury"],"score":200,"play_id":"e4d6c81c-0736-4fe9-84e7-754a2b414462","local_time":"20190509184629","is_ascension_mode":true,"campfire_choices":[{"data":"Hemokinesis","floor":6,"key":"SMITH"},{"data":"True Grit","floor":10,"key":"SMITH"},{"data":"Flame Barrier","floor":13,"key":"SMITH"},{"data":"Cleave","floor":15,"key":"SMITH"}],"neow_cost":"NONE","seed_source_timestamp":435127576683967,"circlet_count":0,"master_deck":["AscendersBane","Strike_R","Strike_R","Strike_R","Strike_R","Strike_R","Defend_R","Defend_R","Defend_R","Defend_R","Bash+1","Hemokinesis+1","Cleave+1","Flame Barrier+1","True Grit+1","Headbutt","Flex","Metallicize"],"relics":["Burning Blood","Golden Idol","Nunchaku","Strawberry","Paper Frog","Sundial"],"potions_floor_usage":[8,11,16],"damage_taken":[{"damage":12,"enemies":"Jaw Worm","floor":1,"turns":3},{"damage":2,"enemies":"Cultist","floor":2,"turns":4},{"damage":4,"enemies":"Small Slimes","floor":5,"turns":5},{"damage":15,"enemies":"3 Sentries","floor":8,"turns":8},{"damage":16,"enemies":"Lagavulin","floor":11,"turns":5},{"damage":15,"enemies":"Exordium Thugs","floor":12,"turns":5},{"damage":53,"enemies":"Slime Boss","floor":16,"turns":5}],"seed_played":"7114565315036804052","potions_obtained":[{"floor":2,"key":"GamblersBrew"},{"floor":5,"key":"Dexterity Potion"},{"floor":11,"key":"PowerPotion"}],"is_trial":false,"path_per_floor":["M","M","?","T","M","R","$","E","T","R","E","M","R","?","R","B"],"character_chosen":"IRONCLAD","items_purchased":["True Grit"],"campfire_rested":0,"item_purchase_floors":[7],"current_hp_per_floor":[62,66,66,66,68,68,68,66,66,66,56,47,47,47,47,0],"gold":105,"neow_bonus":"UPGRADE_CARD","is_prod":false,"is_daily":false,"chose_seed":false,"campfire_upgraded":4,"win_rate":0,"timestamp":1557441989,"path_taken":["M","M","?","?","M","R","$","E","T","R","E","?","R","?","R","BOSS"],"build_version":"2019-01-23","purchased_purges":1,"victory":false,"max_hp_per_floor":[75,75,75,75,75,75,75,82,82,82,82,82,82,82,82,82],"card_choices":[{"not_picked":["Headbutt","Flex"],"picked":"Hemokinesis","floor":1},{"not_picked":["Flex","Evolve"],"picked":"Cleave","floor":2},{"not_picked":["Thunderclap","Armaments"],"picked":"Flame Barrier","floor":5},{"not_picked":["Iron Wave","Body Slam"],"picked":"Headbutt","floor":8},{"not_picked":["Pummel","True Grit"],"picked":"Flex","floor":11},{"not_picked":["Carnage","Headbutt"],"picked":"Metallicize","floor":12}],"player_experience":471874,"relics_obtained":[{"floor":4,"key":"Nunchaku"},{"floor":8,"key":"Strawberry"},{"floor":9,"key":"Paper Frog"},{"floor":11,"key":"Sundial"}],"event_choices":[{"damage_healed":0,"gold_gain":0,"player_choice":"Take Wound","damage_taken":0,"relics_obtained":["Golden Idol"],"max_hp_gain":0,"max_hp_loss":0,"event_name":"Golden Idol","floor":3,"gold_loss":0,"cards_obtained":["Injury"]},{"damage_healed":0,"gold_gain":0,"player_choice":"Searched \u00271\u0027 times","damage_taken":0,"max_hp_gain":0,"max_hp_loss":0,"event_name":"Dead Adventurer","floor":14,"gold_loss":0}],"is_beta":false,"boss_relics":[],"items_purged_floors":[7],"is_endless":false,"potions_floor_spawned":[2,5,11],"killed_by":"Slime Boss","ascension_level":17}