{"gold_per_floor":[115,134,9,9,9,9,27,54,89,120,132,160,202,227,239,325,337,360,390,317,329,75,75,75],"floor_reached":24,"playtime":1223,"items_purged":["Strike_B","Pain"],"score":412,"play_id":"06becff1-f2c9-414e-b63e-b3d30d7e738b","local_time":"20190515170923","is_ascension_mode":true,"campfire_choices":[{"data":"Sweeping Beam","floor":6.0,"key":"SMITH"},{"floor":11.0,"key":"REST"},{"data":"Creative AI","floor":15.0,"key":"SMITH"},{"floor":23,"key":"REST"}],"neow_cost":"NONE","seed_source_timestamp":94967323243616,"circlet_count":0,"master_deck":["AscendersBane","Strike_B","Strike_B","Strike_B","Defend_B","Defend_B","Defend_B","Defend_B","Zap+1","Dualcast","Melter+1","Ball Lightning","Sweeping Beam+1","Cold Snap+1","Creative AI+1","Self Repair","Go for the Eyes","Echo Form","Coolheaded","Loop","Seek","Enlightenment","Hologram"],"special_seed":0,"relics":["Runic Dome","WarpedTongs","MawBank","Whetstone","FossilizedHelix","Runic Pyramid","Molten Egg 2"],"potions_floor_usage":[19,24],"damage_taken":[{"damage":1.0,"enemies":"Cultist","floor":1.0,"turns":4.0},{"damage":9.0,"enemies":"Jaw Worm","floor":2.0,"turns":4.0},{"damage":2.0,"enemies":"2 Louse","floor":7.0,"turns":2.0},{"damage":12.0,"enemies":"3 Sentries","floor":8.0,"turns":6.0},{"damage":4.0,"enemies":"Red Slaver","floor":10.0,"turns":3.0},{"damage":8.0,"enemies":"3 Louse","floor":12.0,"turns":2.0},{"damage":24.0,"enemies":"Gremlin Nob","floor":13.0,"turns":4.0},{"damage":6.0,"enemies":"2 Fungi Beasts","floor":14.0,"turns":3.0},{"damage":13.0,"enemies":"Slime Boss","floor":16.0,"turns":9.0},{"damage":38.0,"enemies":"2 Thieves","floor":18.0,"turns":4.0},{"damage":23,"enemies":"Shell Parasite","floor":19,"turns":4},{"damage":41,"enemies":"Book of Stabbing","floor":24,"turns":4}],"seed_played":"8811236968041184429","potions_obtained":[{"floor":1.0,"key":"Energy Potion"},{"floor":2.0,"key":"Dexterity Potion"},{"floor":12.0,"key":"SpeedPotion"},{"floor":14.0,"key":"Weak Potion"},{"floor":16.0,"key":"GamblersBrew"},{"floor":19,"key":"Ancient Potion"}],"is_trial":false,"path_per_floor":["M","M","$","?","?","R","M","E","T","M","R","M","E","M","R","B",null,"M","M","?","?","$","R","E"],"character_chosen":"DEFECT","items_purchased":["Sweeping Beam","Enlightenment","Hologram"],"campfire_rested":2,"item_purchase_floors":[3,22,22],"current_hp_per_floor":[63,54,54,54,54,54,52,40,40,36,57,56,42,43,43,37,63,32,16,16,16,16,37,0],"gold":75,"neow_bonus":"BOSS_RELIC","is_prod":false,"is_daily":false,"chose_seed":false,"campfire_upgraded":2,"win_rate":0,"timestamp":1557954563,"path_taken":["M","?","$","?","?","R","M","E","T","M","R","?","E","M","R","BOSS","M","M","?","?","$","R","E"],"build_version":"2019-01-23","purchased_purges":2,"victory":false,"max_hp_per_floor":[71,71,71,71,71,71,71,71,71,71,71,71,71,71,71,71,71,71,71,71,71,71,71,71],"card_choices":[{"not_picked":["Leap","Steam Power"],"picked":"Melter","floor":1.0},{"not_picked":["Fusion","BootSequence"],"picked":"Ball Lightning","floor":2.0},{"not_picked":["Ball Lightning","Auto Shields"],"picked":"Cold Snap","floor":7.0},{"not_picked":["Tempest","Barrage"],"picked":"Creative AI","floor":8.0},{"not_picked":["Streamline","Ball Lightning"],"picked":"Self Repair","floor":10.0},{"not_picked":["Streamline","Rip and Tear"],"picked":"Go for the Eyes","floor":12.0},{"not_picked":["Melter","Redo","Gash"],"picked":"SKIP","floor":13.0},{"not_picked":["Ball Lightning","Cold Snap","Rebound"],"picked":"SKIP","floor":14.0},{"not_picked":["Hyperbeam","Buffer"],"picked":"Echo Form","floor":16.0},{"not_picked":["Stack","Hologram"],"picked":"Coolheaded","floor":18.0},{"not_picked":["Rebound+1","Recycle"],"picked":"Loop","floor":19}],"player_experience":655169,"relics_obtained":[{"floor":8.0,"key":"MawBank"},{"floor":9.0,"key":"Whetstone"},{"floor":13.0,"key":"FossilizedHelix"}],"event_choices":[{"damage_healed":0.0,"max_hp_gain":0.0,"max_hp_loss":0.0,"gold_gain":0.0,"event_name":"Living Wall","player_choice":"Grow","floor":4.0,"gold_loss":0.0,"damage_taken":0.0,"cards_upgraded":["Zap"]},{"damage_healed":0.0,"max_hp_gain":0.0,"max_hp_loss":0.0,"gold_gain":0.0,"event_name":"Accursed Blacksmith","player_choice":"Rummage","floor":5.0,"gold_loss":0.0,"damage_taken":0.0,"relics_obtained":["WarpedTongs"],"cards_obtained":["Pain"]},{"damage_healed":0,"gold_gain":0,"player_choice":"Obtained Relic","damage_taken":0,"relics_obtained":["Molten Egg 2"],"max_hp_gain":0,"max_hp_loss":0,"event_name":"Addict","floor":20,"gold_loss":85},{"damage_healed":0,"gold_gain":0,"player_choice":"1 cards matched","damage_taken":0,"max_hp_gain":0,"max_hp_loss":0,"event_name":"Match and Keep!","floor":21,"gold_loss":0,"cards_obtained":["Seek"]}],"is_beta":false,"boss_relics":[{"not_picked":["Coffee Dripper","Velvet Choker"],"picked":"Runic Pyramid"}],"items_purged_floors":[3,22],"is_endless":false,"potions_floor_spawned":[1,2,12,14,16,19],"killed_by":"Book of Stabbing","ascension_level":20}