{"path_per_floor":["M","M","M","M","?","E","?","E","T","R","M","?","T","$","R","B",null,"M","$","M","M","?","R","E","M","T","E","$","R","E","M","R","B",null,"M","?","?","M","$","E","M","R","T","R","M","E","M","?","R","B"],"character_chosen":"DEFECT","items_purchased":["Conserve Battery","Rebound","Capacitor","Stack","Ice Cream"],"gold_per_floor":[117,131,146,160,160,193,193,225,225,225,238,238,238,149,149,252,252,266,266,281,294,294,294,326,338,338,371,191,191,221,240,240,335,335,355,355,355,370,73,98,109,109,109,109,126,155,170,170,170,170],"floor_reached":51,"campfire_rested":0,"playtime":4588,"current_hp_per_floor":[75,75,75,71,71,45,45,31,31,31,43,31,31,31,31,25,75,73,73,75,75,75,75,75,75,75,75,75,75,58,74,74,75,75,75,75,65,75,75,75,75,75,89,89,89,89,89,78,78,89],"items_purged":["Strike_B"],"gold":170,"score":800,"play_id":"be731603-7211-4fd8-92a3-4c9bc62a148f","local_time":"20180427152214","is_prod":false,"is_daily":false,"chose_seed":false,"is_ascension_mode":false,"campfire_upgraded":8,"timestamp":1524856934,"path_taken":["M","M","M","M","?","E","?","E","T","R","?","?","?","$","R","BOSS","M","?","M","M","?","R","E","M","T","E","$","R","E","M","R","BOSS","M","?","?","M","$","E","M","R","T","R","M","E","M","?","R","BOSS"],"build_version":"2018-04-26v2","seed_source_timestamp":4395968539423180,"purchased_purges":2,"victory":true,"master_deck":["Defend_B","Defend_B","Defend_B","Zap+1","Go for the Eyes+1","Undo","Chill","Force Field","Buffer+1","Stack+1","Conserve Battery+1","Rebound","Machine Learning","Chill+1","Fusion+1","Sunder+1","White Noise+1","White Noise+1","Ball Lightning","Buffer+1","Capacitor","Creative AI+1","Capacitor+1","Stack+1","Buffer+1","Double Energy+1","Machine Learning","Panache+1","Secret Technique+1","Blaster+1","Chaos+1","Madness+1","Madness+1"],"max_hp_per_floor":[75,75,75,75,75,75,75,75,75,75,75,75,75,75,75,75,75,75,75,75,75,75,75,75,75,75,75,75,75,75,75,75,75,75,75,75,75,75,75,75,75,75,89,89,89,89,89,89,89,89],"relics":["Cracked Core","Orichalcum","Meat on the Bone","Toxic Egg 2","Kunai","Bird Faced Urn","Astrolabe","Gambling Chip","Pen Nib","Girya","Darkstone Periapt","Inserter","Ice Cream","Mummified Hand","Mango","Letter Opener"],"card_choices":[{"not_picked":["Sweeping Beam","Hologram"],"picked":"Go for the Eyes","floor":1},{"not_picked":["Capacitor","Axe Kick"],"picked":"Impulse","floor":2},{"not_picked":["Self Repair","Storm"],"picked":"Undo","floor":3},{"not_picked":["Capacitor","Static Discharge"],"picked":"Chill","floor":4},{"not_picked":["Fusion","FTL"],"picked":"Buffer","floor":6},{"not_picked":["Hello World","Double Energy"],"picked":"Stack","floor":8},{"not_picked":["Meteor Strike","All For One"],"picked":"Machine Learning","floor":16},{"not_picked":["Hologram","Cold Snap"],"picked":"White Noise","floor":18},{"not_picked":["Allocate","Go for the Eyes"],"picked":"White Noise","floor":20},{"not_picked":["Static Discharge","Capacitor"],"picked":"Ball Lightning","floor":21},{"not_picked":["Impulse","Turbo"],"picked":"Buffer","floor":24},{"not_picked":["Aggregate","Streamline"],"picked":"Capacitor","floor":25},{"not_picked":["Coolheaded","Barrage"],"picked":"Creative AI","floor":27},{"not_picked":["Impulse","Hologram"],"picked":"Buffer","floor":30},{"not_picked":["Streamline","Heatsinks"],"picked":"Double Energy","floor":31},{"not_picked":["Reboot","Multi-Cast"],"picked":"Machine Learning","floor":33},{"not_picked":["Dark Shackles","Swift Strike"],"picked":"Panache","floor":37},{"not_picked":["Dark Shackles","Bandage Up"],"picked":"Secret Technique","floor":37},{"not_picked":["Go for the Eyes","Gash"],"picked":"Blaster","floor":38},{"not_picked":["Loop","Axe Kick"],"picked":"Chaos","floor":40}],"player_experience":7849,"potions_floor_usage":[6,6,18,38],"damage_taken":[{"damage":0,"enemies":"Small Slimes","floor":1,"turns":4},{"damage":0,"enemies":"Cultist","floor":2,"turns":3},{"damage":0,"enemies":"2 Louse","floor":3,"turns":2},{"damage":11,"enemies":"Blue Slaver","floor":4,"turns":4},{"damage":37,"enemies":"Gremlin Nob","floor":6,"turns":5},{"damage":14,"enemies":"Lagavulin","floor":8,"turns":9},{"damage":0,"enemies":"2 Fungi Beasts","floor":11,"turns":5},{"damage":34,"enemies":"The Guardian","floor":16,"turns":20},{"damage":14,"enemies":"3 Byrds","floor":18,"turns":8},{"damage":0,"enemies":"Spheric Guardian","floor":20,"turns":5},{"damage":11,"enemies":"Snecko","floor":21,"turns":6},{"damage":16,"enemies":"Slavers","floor":24,"turns":8},{"damage":13,"enemies":"Centurion and Healer","floor":25,"turns":9},{"damage":7,"enemies":"Gremlin Leader","floor":27,"turns":10},{"damage":37,"enemies":"Slavers","floor":30,"turns":7},{"damage":0,"enemies":"Snake Plant","floor":31,"turns":4},{"damage":0,"enemies":"Collector","floor":33,"turns":9},{"damage":2,"enemies":"Flame Bruiser 1 Orb","floor":35,"turns":11},{"damage":25,"enemies":"3 Darklings","floor":38,"turns":8},{"damage":0,"enemies":"Nemesis","floor":40,"turns":9},{"damage":0,"enemies":"Maw","floor":41,"turns":6},{"damage":0,"enemies":"Flame Bruiser 2 Orb","floor":45,"turns":8},{"damage":26,"enemies":"2 Orb Walkers","floor":46,"turns":6},{"damage":0,"enemies":"4 Shapes","floor":47,"turns":3},{"damage":9,"enemies":"Time Eater","floor":50,"turns":10}],"event_choices":[{"event_name":"Transmorgrifier","player_choice":"Transform","floor":5,"damage_taken":0},{"event_name":"Living Wall","player_choice":"Grow","floor":7,"damage_taken":0},{"event_name":"Scrap Ooze","player_choice":"success","floor":12,"damage_taken":12},{"event_name":"Ghosts","player_choice":"Ignored","floor":22,"damage_taken":0},{"event_name":"SensoryStone","player_choice":"Memory 3","floor":37,"damage_taken":0},{"event_name":"Winding Halls","player_choice":"Embrace Madness","floor":48,"damage_taken":0}],"boss_relics":[{"not_picked":["Nuclear Battery","Velvet Choker"],"picked":"Astrolabe"},{"not_picked":["Snecko Eye","Calling Bell"],"picked":"Inserter"}],"potions_floor_spawned":[2,3,4,20,21,24,30,33,41,45],"seed_played":"7366697629873142024","ascension_level":0,"is_trial":false}