{"gold_per_floor":[117,135,410,162,177,204,204,232,232,17,28,39,39,72,72,147,147,159,159,9,24,41,41,72,72,72,87,87,97,123,138,138,138],"floor_reached":33,"playtime":1715,"items_purged":["Regret"],"score":664,"play_id":"402d8429-6149-4f8c-b347-c9f384b3d0f8","local_time":"20190520223029","is_ascension_mode":true,"campfire_choices":[{"floor":7.0,"key":"REST"},{"floor":13.0,"key":"REST"},{"data":"Zap","floor":15.0,"key":"SMITH"},{"data":"Buffer","floor":23,"key":"SMITH"},{"floor":25,"key":"REST"},{"floor":32,"key":"REST"}],"neow_cost":"NONE","seed_source_timestamp":16708049498376,"circlet_count":0,"master_deck":["AscendersBane","Strike_B","Strike_B+1","Strike_B+1","Strike_B","Defend_B","Defend_B","Defend_B","Defend_B","Zap+1","Dualcast","Compile Driver","Conserve Battery","Glacier","Consume","Rebound+1","Gash+1","Sweeping Beam+1","Buffer+1","Skim","Buffer","Electrodynamics","Gash+1","Hologram","Compile Driver+1","Ball Lightning+1","Decay","Chill","Coolheaded"],"special_seed":0,"relics":["Cracked Core","Whetstone","Mercury Hourglass","Molten Egg 2","Ornamental Fan","ClockworkSouvenir","Bag of Marbles","Nuclear Battery","Pen Nib","Pear","Omamori"],"potions_floor_usage":[30,30,30,33],"damage_taken":[{"damage":4.0,"enemies":"2 Louse","floor":1.0,"turns":3.0},{"damage":1.0,"enemies":"Cultist","floor":2.0,"turns":3.0},{"damage":7.0,"enemies":"Jaw Worm","floor":5.0,"turns":3.0},{"damage":31.0,"enemies":"Gremlin Nob","floor":6.0,"turns":4.0},{"damage":29.0,"enemies":"Lagavulin","floor":8.0,"turns":7.0},{"damage":0.0,"enemies":"Exordium Thugs","floor":11.0,"turns":3.0},{"damage":9.0,"enemies":"Blue Slaver","floor":12.0,"turns":3.0},{"damage":3.0,"enemies":"Gremlin Nob","floor":14.0,"turns":3.0},{"damage":14.0,"enemies":"Hexaghost","floor":16.0,"turns":9.0},{"damage":0.0,"enemies":"Shell Parasite","floor":18.0,"turns":4.0},{"damage":11,"enemies":"Spheric Guardian","floor":21,"turns":4},{"damage":9,"enemies":"Centurion and Healer","floor":22,"turns":6},{"damage":16,"enemies":"Gremlin Leader","floor":24,"turns":7},{"damage":0,"enemies":"Snecko","floor":27,"turns":5},{"damage":0,"enemies":"3 Cultists","floor":29,"turns":3},{"damage":0,"enemies":"Slavers","floor":30,"turns":4},{"damage":22,"enemies":"Centurion and Healer","floor":31,"turns":8},{"damage":72,"enemies":"Automaton","floor":33,"turns":10}],"seed_played":"5762168711890975236","potions_obtained":[{"floor":2.0,"key":"Ancient Potion"},{"floor":11.0,"key":"Weak Potion"},{"floor":12.0,"key":"SteroidPotion"},{"floor":14.0,"key":"AttackPotion"},{"floor":16.0,"key":"GamblersBrew"},{"floor":18.0,"key":"FocusPotion"},{"floor":21,"key":"FearPotion"},{"floor":24,"key":"EntropicBrew"}],"is_trial":false,"path_per_floor":["M","M","?","$","M","E","R","E","T","$","M","M","R","E","R","B",null,"M","?","$","M","M","R","E","R","T","M","?","M","E","M","R","B"],"character_chosen":"DEFECT","items_purchased":["Whetstone","ClockworkSouvenir","Electrodynamics"],"campfire_rested":4,"item_purchase_floors":[4,10,20],"current_hp_per_floor":[67,66,66,66,59,28,51,22,22,22,22,13,36,33,33,19,63,63,63,63,52,43,43,27,50,60,60,60,60,60,38,64,0],"gold":138,"neow_bonus":"TEN_PERCENT_HP_BONUS","is_prod":false,"is_daily":false,"chose_seed":false,"campfire_upgraded":2,"win_rate":0,"timestamp":1558405829,"path_taken":["M","M","?","?","M","E","R","E","T","$","M","M","R","E","R","BOSS","M","?","$","M","?","R","E","R","T","M","?","M","E","M","R","BOSS"],"build_version":"2019-01-23","purchased_purges":1,"victory":false,"max_hp_per_floor":[78,78,78,78,78,78,78,78,78,78,78,78,78,78,78,78,78,78,78,78,78,78,78,78,78,88,88,88,88,88,88,88,88],"card_choices":[{"not_picked":["Barrage","Rebound"],"picked":"Compile Driver","floor":1.0},{"not_picked":["Rebound","Lockon"],"picked":"Conserve Battery","floor":2.0},{"not_picked":["Stack","Reprogram"],"picked":"Glacier","floor":5.0},{"not_picked":["Meteor Strike","Sunder","Auto Shields"],"picked":"SKIP","floor":6.0},{"not_picked":["Auto Shields","Lockon"],"picked":"Consume","floor":8.0},{"not_picked":["Turbo","Leap"],"picked":"Rebound+1","floor":11.0},{"not_picked":["Compile Driver+1","Stack"],"picked":"Gash+1","floor":12.0},{"not_picked":["Blizzard+1","Rebound+1"],"picked":"Sweeping Beam+1","floor":14.0},{"not_picked":["Rainbow","Multi-Cast"],"picked":"Buffer","floor":16.0},{"not_picked":["Melter+1","Stack"],"picked":"Skim","floor":18.0},{"not_picked":["Barrage+1","Cold Snap+1"],"picked":"Gash+1","floor":21},{"not_picked":["Redo","Melter+1"],"picked":"Hologram","floor":22},{"not_picked":["Beam Cell+1","Hologram+1"],"picked":"Compile Driver+1","floor":24},{"not_picked":["Redo","Hyperbeam+1"],"picked":"Ball Lightning+1","floor":27},{"not_picked":["Go for the Eyes+1","Rip and Tear+1"],"picked":"Chill","floor":29},{"not_picked":["Force Field","Stack"],"picked":"Coolheaded","floor":30},{"not_picked":["Compile Driver+1","Auto Shields","Beam Cell+1"],"picked":"SKIP","floor":31}],"player_experience":715628,"relics_obtained":[{"floor":6.0,"key":"Mercury Hourglass"},{"floor":8.0,"key":"Molten Egg 2"},{"floor":9.0,"key":"Ornamental Fan"},{"floor":14.0,"key":"Bag of Marbles"},{"floor":24,"key":"Pen Nib"},{"floor":26,"key":"Pear"},{"floor":30,"key":"Omamori"}],"event_choices":[{"damage_healed":0.0,"max_hp_gain":0.0,"max_hp_loss":0.0,"gold_gain":275.0,"event_name":"Golden Shrine","player_choice":"Desecrate","floor":3.0,"gold_loss":0.0,"damage_taken":0.0,"cards_obtained":["Regret"]},{"damage_healed":0.0,"max_hp_gain":0.0,"max_hp_loss":0.0,"gold_gain":0.0,"event_name":"Duplicator","player_choice":"Copied","floor":19.0,"gold_loss":0.0,"damage_taken":0.0,"cards_obtained":["Buffer"]},{"damage_healed":0,"gold_gain":0,"player_choice":"Smashed Altar","damage_taken":0,"max_hp_gain":0,"max_hp_loss":0,"event_name":"Forgotten Altar","floor":28,"gold_loss":0,"cards_obtained":["Decay"]}],"is_beta":false,"boss_relics":[{"not_picked":["Calling Bell","Empty Cage"],"picked":"Nuclear Battery"}],"items_purged_floors":[4],"is_endless":false,"potions_floor_spawned":[2,11,12,14,16,18,21,24,29],"killed_by":"Automaton","ascension_level":20}