{"gold_per_floor":[114,129,144,159,174,204,204,204,204,219,62,92,107,24,24,124,124,139,139,154,184,164,164,33,33,83,98,62,62,92,122,122,222,222,237,273,97,97,112,112,112,112,112,112,112,112,43,58,58,58],"floor_reached":51,"playtime":3615,"items_purged":["Normality","Normality"],"score":736,"play_id":"80a350db-d24e-4397-a3c5-b6f3901d517d","local_time":"20190303132425","daily_mods":["Cursed Run","Flight","DeadlyEvents"],"is_ascension_mode":false,"campfire_choices":[{"data":"Fission","floor":8,"key":"SMITH"},{"floor":15,"key":"REST"},{"data":"Blizzard","floor":23,"key":"SMITH"},{"data":"Buffer","floor":25,"key":"SMITH"},{"floor":29,"key":"REST"},{"floor":32,"key":"REST"},{"floor":40,"key":"REST"},{"data":"1","floor":41,"key":"LIFT"},{"data":"2","floor":42,"key":"LIFT"},{"data":"3","floor":44,"key":"LIFT"},{"floor":46,"key":"REST"},{"data":"Seek","floor":49,"key":"SMITH"}],"neow_cost":"","seed_source_timestamp":0,"circlet_count":0,"master_deck":["Strike_B","Strike_B","Strike_B","Strike_B","Defend_B","Defend_B","Defend_B","Defend_B","Zap","Dualcast","Cold Snap","Ball Lightning","Chill","Blizzard+1","Fission+1","Coolheaded","Defragment","Ball Lightning","Redo","Doom and Gloom","Coolheaded","Parasite","Buffer+1","Compile Driver","Auto Shields+1","Streamline","Static Discharge","Bandage Up","Coolheaded","Static Discharge","Turbo","Darkness","Normality","Electrodynamics","Skim+1","Streamline+1","Seek+1","Mind Blast","Barrage+1","Writhe","Doom and Gloom","Streamline+1","Clumsy"],"special_seed":17958,"relics":["Cursed Key","Darkstone Periapt","Du-Vu Doll","Question Card","Bag of Preparation","Pear","Bottled Flame","Lizard Tail","Mercury Hourglass","Potion Belt","Happy Flower","Pantograph","Philosopher\u0027s Stone","Girya","Toxic Egg 2"],"potions_floor_usage":[12,21,33,50,50,50,50,50],"damage_taken":[{"damage":1,"enemies":"Cultist","floor":1,"turns":3},{"damage":0,"enemies":"2 Louse","floor":2,"turns":3},{"damage":0,"enemies":"Small Slimes","floor":3,"turns":3},{"damage":6,"enemies":"Red Slaver","floor":4,"turns":3},{"damage":7,"enemies":"2 Fungi Beasts","floor":5,"turns":3},{"damage":13,"enemies":"3 Sentries","floor":6,"turns":7},{"damage":8,"enemies":"Exordium Thugs","floor":10,"turns":4},{"damage":21,"enemies":"Gremlin Nob","floor":12,"turns":4},{"damage":0,"enemies":"Blue Slaver","floor":13,"turns":3},{"damage":20,"enemies":"The Guardian","floor":16,"turns":8},{"damage":14,"enemies":"Shell Parasite","floor":18,"turns":5},{"damage":16,"enemies":"2 Thieves","floor":20,"turns":3},{"damage":23,"enemies":"Slavers","floor":21,"turns":8},{"damage":3,"enemies":"3 Cultists","floor":27,"turns":4},{"damage":4,"enemies":"Gremlin Leader","floor":30,"turns":6},{"damage":34,"enemies":"Slavers","floor":31,"turns":4},{"damage":76,"enemies":"Automaton","floor":33,"turns":12},{"damage":0,"enemies":"3 Shapes","floor":35,"turns":3},{"damage":43,"enemies":"2 Orb Walkers","floor":36,"turns":5},{"damage":34,"enemies":"3 Darklings","floor":39,"turns":4},{"damage":19,"enemies":"4 Shapes","floor":48,"turns":3},{"damage":120,"enemies":"Time Eater","floor":50,"turns":9}],"seed_played":"-270384257363861475","potions_obtained":[{"floor":3,"key":"Dexterity Potion"},{"floor":6,"key":"LiquidBronze"},{"floor":10,"key":"SkillPotion"},{"floor":12,"key":"Block Potion"},{"floor":13,"key":"FearPotion"},{"floor":16,"key":"Ancient Potion"},{"floor":22,"key":"Regen Potion"},{"floor":30,"key":"Strength Potion"},{"floor":33,"key":"FearPotion"},{"floor":39,"key":"PowerPotion"}],"is_trial":false,"path_per_floor":["M","M","M","M","M","E","?","R","T","M","$","E","M","$","R","B",null,"M","?","M","E","?","R","$","R","T","M","$","R","E","E","R","B",null,"M","?","$","?","M","R","R","R","T","R","$","R","$","M","R","B",null],"character_chosen":"DEFECT","items_purchased":["Defragment","Doom and Gloom","Coolheaded","Static Discharge","Bandage Up","Static Discharge","Seek","Doom and Gloom"],"campfire_rested":5,"item_purchase_floors":[11,14,14,24,24,28,37,47],"current_hp_per_floor":[74,74,74,68,61,48,48,48,64,56,56,35,35,35,62,48,97,83,97,81,58,58,58,58,58,64,65,65,95,95,65,95,38,109,109,66,66,66,32,64,64,64,70,70,70,104,104,89,89,63],"gold":58,"neow_bonus":"","is_prod":false,"is_daily":true,"chose_seed":false,"campfire_upgraded":4,"win_rate":0.0,"timestamp":1551641065,"path_taken":["M","?","M","M","M","E","?","R","T","M","$","?","M","?","R","BOSS","M","?","M","?","?","R","$","R","T","M","$","R","E","?","R","BOSS","M","?","$","?","M","R","R","R","T","R","?","R","$","M","R","BOSS"],"build_version":"2019-01-23","purchased_purges":2,"victory":true,"max_hp_per_floor":[75,75,75,75,75,75,75,75,91,91,91,91,91,91,91,97,97,97,97,97,97,97,97,97,97,103,103,103,103,103,103,103,109,109,109,109,109,109,109,109,109,109,115,115,115,115,115,115,115,121],"card_choices":[{"not_picked":["Rebound","Hologram"],"picked":"Cold Snap","floor":1},{"not_picked":["Streamline","Undo"],"picked":"Ball Lightning","floor":2},{"not_picked":["Steam","Sweeping Beam"],"picked":"Chill","floor":3},{"not_picked":["Stack","Turbo"],"picked":"Blizzard","floor":4},{"not_picked":["Reprogram","Loop"],"picked":"White Noise","floor":5},{"not_picked":["Conserve Battery","Recycle"],"picked":"Fission","floor":6},{"not_picked":["Gash","Hello World","Ball Lightning"],"picked":"Coolheaded","floor":10},{"not_picked":["Sweeping Beam","Fission","Defragment"],"picked":"Ball Lightning","floor":12},{"not_picked":["Gash","Conserve Battery","Rebound"],"picked":"Redo","floor":13},{"not_picked":["Core Surge","Meteor Strike","Echo Form"],"picked":"Buffer","floor":16},{"not_picked":["Streamline","Stack","Sweeping Beam"],"picked":"Compile Driver","floor":18},{"not_picked":["Blizzard","Sweeping Beam+1","Cold Snap+1"],"picked":"Auto Shields+1","floor":20},{"not_picked":["Ball Lightning","Coolheaded","Steam+1"],"picked":"Streamline","floor":21},{"not_picked":["Ball Lightning","Consume","Loop"],"picked":"Coolheaded","floor":27},{"not_picked":["Scrape","Streamline","Redo"],"picked":"Turbo","floor":30},{"not_picked":["Double Energy","FTL","Self Repair"],"picked":"Darkness","floor":31},{"not_picked":["Biased Cognition","All For One","Meteor Strike"],"picked":"Electrodynamics","floor":33},{"not_picked":["BootSequence","Cold Snap+1","Turbo"],"picked":"Skim+1","floor":35},{"not_picked":["Turbo","Rebound","Redo+1"],"picked":"Streamline+1","floor":36},{"not_picked":["Impatience","Bandage Up","Jack Of All Trades"],"picked":"Mind Blast","floor":38},{"not_picked":["Steam+1","Streamline","Compile Driver"],"picked":"Barrage+1","floor":39},{"not_picked":["Compile Driver","Stack+1","Rebound"],"picked":"Streamline+1","floor":48}],"player_experience":87163,"relics_obtained":[{"floor":6,"key":"Question Card"},{"floor":9,"key":"Pear"},{"floor":12,"key":"Bottled Flame"},{"floor":21,"key":"Mercury Hourglass"},{"floor":26,"key":"Potion Belt"},{"floor":30,"key":"Happy Flower"},{"floor":31,"key":"Pantograph"},{"floor":36,"key":"Girya"},{"floor":43,"key":"Toxic Egg 2"}],"event_choices":[{"damage_healed":0,"gold_gain":0,"player_choice":"Gave Potion","damage_taken":0,"relics_obtained":["Bag of Preparation"],"max_hp_gain":0,"max_hp_loss":0,"event_name":"WeMeetAgain","floor":7,"gold_loss":0},{"cards_removed":["White Noise"],"damage_healed":14,"gold_gain":0,"player_choice":"Offered Uncommon","damage_taken":0,"max_hp_gain":0,"max_hp_loss":0,"event_name":"Bonfire Elementals","floor":19,"gold_loss":0},{"damage_healed":0,"gold_gain":0,"player_choice":"Bought 1 Potion","damage_taken":0,"max_hp_gain":0,"max_hp_loss":0,"event_name":"The Woman in Blue","floor":22,"gold_loss":0},{"damage_healed":0,"gold_gain":0,"player_choice":"Fight","damage_taken":0,"max_hp_gain":0,"max_hp_loss":0,"event_name":"Mysterious Sphere","floor":36,"gold_loss":0},{"damage_healed":0,"gold_gain":0,"player_choice":"Memory 1","damage_taken":0,"max_hp_gain":0,"max_hp_loss":0,"event_name":"SensoryStone","floor":38,"gold_loss":0}],"is_beta":false,"boss_relics":[{"not_picked":["Ectoplasm","Calling Bell"],"picked":"Lizard Tail"},{"not_picked":["Orrery","Pandora\u0027s Box"],"picked":"Philosopher\u0027s Stone"}],"items_purged_floors":[11,37],"is_endless":false,"potions_floor_spawned":[3,6,10,12,13,16,30,33,39],"ascension_level":0}