{"gold_per_floor":[111,111,111,31,50,75,75,85,136,170,170,201,211,226,226,298,298,310,310,250,264,276,276,306,318,330,368,380,392],"floor_reached":29,"playtime":1300,"items_purged":["Strike_B"],"score":612,"play_id":"5551bc60-96c7-447f-8746-de5dc7b09cd0","local_time":"20190525205656","is_ascension_mode":true,"campfire_choices":[{"data":"Zap","floor":7.0,"key":"SMITH"},{"data":"Sweeping Beam","floor":11.0,"key":"SMITH"},{"floor":15,"key":"REST"},{"data":"Static Discharge","floor":23,"key":"SMITH"},{"floor":25,"key":"REST"},{"floor":28,"key":"REST"}],"neow_cost":"NONE","seed_source_timestamp":443519136989552,"circlet_count":0,"master_deck":["AscendersBane","Strike_B","Strike_B","Strike_B","Defend_B","Defend_B","Defend_B","Defend_B","Zap+1","Dualcast","Genetic Algorithm","Rip and Tear","Sweeping Beam+1","Self Repair","Reinforced Body","Static Discharge+1","Go for the Eyes","Doom and Gloom","Coolheaded","Multi-Cast","Melter","Ghostly","Ghostly","Ghostly","Compile Driver","Undo","Cold Snap"],"special_seed":0,"relics":["Cracked Core","NeowsBlessing","Strawberry","Dream Catcher","The Courier","Cables","Inserter","MawBank","Question Card","Juzu Bracelet"],"potions_floor_usage":[12,16,24,29],"damage_taken":[{"damage":0.0,"enemies":"2 Louse","floor":1.0,"turns":1.0},{"damage":0.0,"enemies":"Small Slimes","floor":5.0,"turns":1.0},{"damage":0.0,"enemies":"Lagavulin","floor":6.0,"turns":1.0},{"damage":12.0,"enemies":"Jaw Worm","floor":8.0,"turns":3.0},{"damage":41.0,"enemies":"Gremlin Nob","floor":10.0,"turns":4.0},{"damage":22,"enemies":"Lagavulin","floor":12,"turns":5},{"damage":3,"enemies":"Blue Slaver","floor":13,"turns":4},{"damage":0,"enemies":"Large Slime","floor":14,"turns":4},{"damage":20,"enemies":"Slime Boss","floor":16,"turns":9},{"damage":32,"enemies":"Shell Parasite","floor":18,"turns":10},{"damage":0,"enemies":"Spheric Guardian","floor":21,"turns":5},{"damage":18,"enemies":"Chosen and Byrds","floor":22,"turns":8},{"damage":24,"enemies":"Slavers","floor":24,"turns":5},{"damage":17,"enemies":"Gremlin Leader","floor":27,"turns":5},{"damage":28,"enemies":"Slavers","floor":29,"turns":3}],"seed_played":"8893471460025859503","potions_obtained":[{"floor":6.0,"key":"Explosive Potion"},{"floor":8.0,"key":"FairyPotion"},{"floor":10.0,"key":"SteroidPotion"},{"floor":18,"key":"PowerPotion"},{"floor":24,"key":"Weak Potion"}],"is_trial":false,"path_per_floor":["M","?","?","$","M","E","R","M","T","E","R","E","M","M","R","B",null,"M","?","$","M","M","R","E","R","T","E","R","E"],"character_chosen":"DEFECT","items_purchased":["Genetic Algorithm"],"campfire_rested":3,"item_purchase_floors":[4],"current_hp_per_floor":[64,69,69,69,69,76,76,64,64,30,30,15,12,19,43,30,70,45,41,41,41,30,30,13,25,25,15,27,0],"gold":392,"neow_bonus":"THREE_ENEMY_KILL","is_prod":false,"is_daily":false,"chose_seed":false,"campfire_upgraded":3,"win_rate":0,"timestamp":1558832216,"path_taken":["M","?","?","?","M","E","R","M","T","E","R","E","M","M","R","BOSS","M","?","$","M","M","R","E","R","T","E","R","E"],"build_version":"2019-01-23","purchased_purges":1,"victory":false,"max_hp_per_floor":[71,76,76,76,76,83,83,83,83,83,83,83,83,83,83,83,83,83,41,41,41,41,41,41,41,41,41,41,41],"card_choices":[{"not_picked":["Stack","White Noise","Hologram"],"picked":"SKIP","floor":1.0},{"not_picked":["Beam Cell","Sweeping Beam"],"picked":"Rip and Tear","floor":5.0},{"not_picked":["Conserve Battery","Leap"],"picked":"Sweeping Beam","floor":6.0},{"not_picked":["Ball Lightning","Beam Cell"],"picked":"Self Repair","floor":8.0},{"not_picked":["Rip and Tear","Scrape"],"picked":"Reinforced Body","floor":10.0},{"not_picked":["Multi-Cast","Core Surge"],"picked":"Static Discharge","floor":12},{"not_picked":["Hologram","Storm"],"picked":"Go for the Eyes","floor":13},{"not_picked":["Rebound","Sweeping Beam"],"picked":"Doom and Gloom","floor":14},{"not_picked":["Streamline","Stack"],"picked":"Coolheaded","floor":15},{"not_picked":["Amplify","Machine Learning"],"picked":"Multi-Cast","floor":16},{"not_picked":["Beam Cell","Stack"],"picked":"Melter","floor":18},{"not_picked":["Static Discharge","Beam Cell","Sweeping Beam"],"picked":"SKIP","floor":21},{"not_picked":["Melter","Turbo","Redo"],"picked":"SKIP","floor":22},{"not_picked":["Go for the Eyes","Stack","Creative AI"],"picked":"SKIP","floor":24},{"not_picked":["Leap","Redo"],"picked":"Compile Driver","floor":25},{"not_picked":["Conserve Battery+1","Fusion","Go for the Eyes"],"picked":"Undo","floor":27},{"not_picked":["Amplify","Barrage","Stack"],"picked":"Cold Snap","floor":28}],"player_experience":812312,"relics_obtained":[{"floor":6.0,"key":"Strawberry"},{"floor":9.0,"key":"Dream Catcher"},{"floor":10.0,"key":"The Courier"},{"floor":12,"key":"Cables"},{"floor":24,"key":"MawBank"},{"floor":26,"key":"Question Card"},{"floor":27,"key":"Juzu Bracelet"}],"event_choices":[{"damage_healed":0.0,"max_hp_gain":5.0,"max_hp_loss":0.0,"gold_gain":0.0,"event_name":"Big Fish","player_choice":"Donut","floor":2.0,"gold_loss":0.0,"damage_taken":0.0},{"damage_healed":0.0,"max_hp_gain":0.0,"max_hp_loss":0.0,"gold_gain":0.0,"event_name":"Liars Game","player_choice":"Ignored","floor":3.0,"gold_loss":0.0,"damage_taken":0.0},{"damage_healed":0,"gold_gain":0,"player_choice":"Became a Ghost","damage_taken":0,"max_hp_gain":0,"max_hp_loss":42,"event_name":"Ghosts","floor":19,"gold_loss":0,"cards_obtained":["Ghostly","Ghostly","Ghostly"]}],"is_beta":false,"boss_relics":[{"not_picked":["Calling Bell","FrozenCore"],"picked":"Inserter"}],"items_purged_floors":[20],"is_endless":false,"potions_floor_spawned":[6,8,10,18,24],"killed_by":"Slavers","ascension_level":20}