{"gold_per_floor":[110,110,121,140,151,183,183,183,183,216,291,291,310,322,322,427,427,446,446,458,38,55,87,87],"floor_reached":24,"playtime":1035,"items_purged":["Decay"],"score":274,"play_id":"c30de910-63f8-4019-b8cf-8a932022214c","local_time":"20190526195041","is_ascension_mode":true,"campfire_choices":[{"floor":7,"key":"REST"},{"floor":12,"key":"REST"},{"floor":15,"key":"REST"}],"neow_cost":"NONE","seed_source_timestamp":392095038263290,"circlet_count":0,"master_deck":["Strike_B","Strike_B","Defend_B","Defend_B","Defend_B","Zap+1","Dualcast","Leap","Leap","Fusion+1","Glacier","Meteor Strike","Recycle","Compile Driver","Biased Cognition","Rip and Tear+1","BootSequence+1","Core Surge+1","Go for the Eyes","Rip and Tear","FTL","Genetic Algorithm+1"],"relics":["Cracked Core","Calipers","Matryoshka","Dodecahedron","PreservedInsect","Astrolabe","Runic Capacitor","Regal Pillow","Ancient Tea Set"],"potions_floor_usage":[5,16,16,18,20,22,23],"damage_taken":[{"damage":10,"enemies":"Small Slimes","floor":1,"turns":3},{"damage":0,"enemies":"Cultist","floor":3,"turns":3},{"damage":0,"enemies":"2 Louse","floor":4,"turns":1},{"damage":2,"enemies":"Large Slime","floor":5,"turns":7},{"damage":30,"enemies":"Gremlin Nob","floor":6,"turns":5},{"damage":24,"enemies":"Lagavulin","floor":10,"turns":11},{"damage":14,"enemies":"Lots of Slimes","floor":13,"turns":6},{"damage":0,"enemies":"Blue Slaver","floor":14,"turns":4},{"damage":46,"enemies":"Slime Boss","floor":16,"turns":13},{"damage":0,"enemies":"3 Byrds","floor":18,"turns":2},{"damage":5,"enemies":"Spheric Guardian","floor":20,"turns":4},{"damage":18,"enemies":"Snecko","floor":22,"turns":5},{"damage":21,"enemies":"Book of Stabbing","floor":23,"turns":5},{"damage":37,"enemies":"3 Cultists","floor":24,"turns":4}],"seed_played":"-145588916729379134","potions_obtained":[{"floor":4,"key":"Fire Potion"},{"floor":10,"key":"Poison Potion"},{"floor":13,"key":"Explosive Potion"},{"floor":14,"key":"LiquidBronze"},{"floor":16,"key":"SkillPotion"},{"floor":18,"key":"Block Potion"},{"floor":20,"key":"Fire Potion"}],"is_trial":false,"path_per_floor":["M","?","M","M","M","E","R","?","T","E","?","R","M","M","R","B",null,"M","?","M","$","M","E","M"],"character_chosen":"DEFECT","items_purchased":["Runic Capacitor","Regal Pillow"],"campfire_rested":3,"item_purchase_floors":[21,21],"current_hp_per_floor":[65,65,65,65,63,33,55,55,55,31,20,42,28,28,50,4,75,75,75,70,70,52,31,0],"gold":87,"neow_bonus":"UPGRADE_CARD","is_prod":false,"is_daily":false,"chose_seed":false,"campfire_upgraded":0,"win_rate":0,"timestamp":1558918241,"path_taken":["M","?","?","M","M","E","R","?","T","E","?","R","M","M","R","BOSS","M","?","?","$","M","E","M"],"build_version":"2019-01-23","purchased_purges":1,"victory":false,"max_hp_per_floor":[75,75,75,75,75,75,75,75,75,75,75,75,75,75,75,75,75,75,75,75,75,75,75,75],"card_choices":[{"not_picked":["Beam Cell","Turbo"],"picked":"Redo","floor":1},{"not_picked":["Auto Shields","BootSequence"],"picked":"Leap","floor":3},{"not_picked":["Reinforced Body","BootSequence"],"picked":"Leap","floor":4},{"not_picked":["Turbo","Stack"],"picked":"Fusion","floor":5},{"not_picked":["Rebound","Beam Cell"],"picked":"Glacier","floor":6},{"not_picked":["Fusion","Gash"],"picked":"Meteor Strike","floor":10},{"not_picked":["Skim","Self Repair"],"picked":"Recycle","floor":13},{"not_picked":["Turbo","Rebound"],"picked":"Compile Driver","floor":14},{"not_picked":["All For One","Fission"],"picked":"Biased Cognition","floor":16},{"not_picked":["Beam Cell","Turbo+1"],"picked":"Go for the Eyes","floor":18},{"not_picked":["Gash","Leap"],"picked":"Rip and Tear","floor":20},{"not_picked":["Sweeping Beam","Amplify"],"picked":"FTL","floor":22},{"not_picked":["Cold Snap","Gash"],"picked":"Genetic Algorithm+1","floor":23}],"player_experience":34172,"relics_obtained":[{"floor":6,"key":"Matryoshka"},{"floor":9,"key":"Dodecahedron"},{"floor":10,"key":"PreservedInsect"},{"floor":23,"key":"Ancient Tea Set"}],"event_choices":[{"cards_removed":["Redo"],"damage_healed":0,"gold_gain":0,"player_choice":"Gave Card","damage_taken":0,"relics_obtained":["Calipers"],"max_hp_gain":0,"max_hp_loss":0,"event_name":"WeMeetAgain","floor":2,"gold_loss":0},{"damage_healed":0,"gold_gain":0,"player_choice":"Grow","damage_taken":0,"max_hp_gain":0,"max_hp_loss":0,"event_name":"Living Wall","floor":8,"gold_loss":0,"cards_upgraded":["Fusion"]},{"damage_healed":0,"gold_gain":75,"player_choice":"Gather Gold","damage_taken":11,"max_hp_gain":0,"max_hp_loss":0,"event_name":"World of Goop","floor":11,"gold_loss":0},{"damage_healed":0,"gold_gain":0,"player_choice":"Cursed","damage_taken":0,"max_hp_gain":0,"max_hp_loss":0,"event_name":"Wheel of Change","floor":19,"gold_loss":0,"cards_obtained":["Decay"]}],"is_beta":false,"boss_relics":[{"not_picked":["Runic Pyramid","Calling Bell"],"picked":"Astrolabe"}],"items_purged_floors":[21],"is_endless":false,"potions_floor_spawned":[4,10,13,14,16,18,20],"killed_by":"3 Cultists","ascension_level":4}