{"gold_per_floor":[112,128,128,143,98,98,115,115,115,115,140,140,165,90,90,90],"floor_reached":16,"playtime":983,"items_purged":["Decay"],"score":173,"play_id":"365d3bca-ad5f-488c-b31e-b681b0c7323d","local_time":"20190503180025","is_ascension_mode":true,"campfire_choices":[{"data":"Neutralize","floor":6,"key":"SMITH"},{"data":"Footwork","floor":8,"key":"SMITH"},{"data":"Backflip","floor":10,"key":"SMITH"},{"floor":12,"key":"REST"},{"floor":15,"key":"REST"}],"neow_cost":"NONE","seed_source_timestamp":5115115113431745,"circlet_count":0,"master_deck":["AscendersBane","Defend_G","Defend_G","Defend_G","Defend_G","Defend_G","Strike_G","Strike_G","Strike_G","Strike_G","Strike_G","Survivor","Neutralize+1","Backflip+1","Footwork+1","PiercingWail","Terror","Crippling Poison"],"relics":["Ring of the Snake","Ancient Tea Set","Matryoshka","Gremlin Horn","Bag of Marbles"],"potions_floor_usage":[5,11,11],"damage_taken":[{"damage":0,"enemies":"Small Slimes","floor":1,"turns":4},{"damage":1,"enemies":"Cultist","floor":2,"turns":4},{"damage":0,"enemies":"2 Louse","floor":4,"turns":4},{"damage":5,"enemies":"Looter","floor":5,"turns":5},{"damage":2,"enemies":"Red Slaver","floor":7,"turns":4},{"damage":18,"enemies":"Gremlin Nob","floor":11,"turns":4},{"damage":30,"enemies":"Lagavulin","floor":13,"turns":10},{"damage":59,"enemies":"Slime Boss","floor":16,"turns":12}],"seed_played":"8766669564918872784","potions_obtained":[{"floor":2,"key":"SkillPotion"},{"floor":4,"key":"Regen Potion"},{"floor":7,"key":"PowerPotion"}],"is_trial":false,"path_per_floor":["M","M","?","M","M","R","M","R","T","R","E","R","E","$","R","B"],"character_chosen":"THE_SILENT","items_purchased":[],"campfire_rested":2,"item_purchase_floors":[],"current_hp_per_floor":[63,62,62,62,57,57,55,55,55,55,49,70,40,40,61,2],"gold":90,"neow_bonus":"RANDOM_COMMON_RELIC","is_prod":false,"is_daily":false,"chose_seed":false,"campfire_upgraded":3,"win_rate":0,"timestamp":1556920825,"path_taken":["M","M","?","M","?","R","M","R","T","R","E","R","E","$","R","BOSS"],"build_version":"2019-01-23","purchased_purges":1,"victory":false,"max_hp_per_floor":[70,70,70,70,70,70,70,70,70,70,70,70,70,70,70,70],"card_choices":[{"not_picked":["Acrobatics","Tactician"],"picked":"Backflip","floor":1},{"not_picked":["Dodge and Roll","Endless Agony"],"picked":"Footwork","floor":2},{"not_picked":["Setup","Deflect"],"picked":"PiercingWail","floor":4},{"not_picked":["Underhanded Strike","Dagger Throw"],"picked":"Terror","floor":5},{"not_picked":["Riddle With Holes","Calculated Gamble"],"picked":"Crippling Poison","floor":7},{"not_picked":["Accuracy","Masterful Stab","Poisoned Stab"],"picked":"SKIP","floor":11},{"not_picked":["Deadly Poison","Deflect","All Out Attack"],"picked":"SKIP","floor":13}],"player_experience":273353,"relics_obtained":[{"floor":9,"key":"Matryoshka"},{"floor":11,"key":"Gremlin Horn"},{"floor":13,"key":"Bag of Marbles"}],"event_choices":[{"damage_healed":0,"gold_gain":0,"player_choice":"Cursed","damage_taken":0,"max_hp_gain":0,"max_hp_loss":0,"event_name":"Wheel of Change","floor":3,"gold_loss":0,"cards_obtained":["Decay"]}],"is_beta":false,"boss_relics":[],"items_purged_floors":[14],"is_endless":false,"potions_floor_spawned":[2,4,7],"killed_by":"Slime Boss","ascension_level":12}