{"gold_per_floor":[114,289,305,367,367,397,397,432,432,443,64,75,93,111,111,213,213,225,245,245,245],"floor_reached":21,"playtime":1116,"items_purged":["Strike_G"],"score":267,"play_id":"462e7a06-9d68-4aec-b71f-7c13f894fb40","local_time":"20190517002916","is_ascension_mode":true,"campfire_choices":[{"data":"Sucker Punch","floor":7.0,"key":"SMITH"},{"floor":15,"key":"REST"}],"neow_cost":"NONE","seed_source_timestamp":699783211251450,"circlet_count":0,"master_deck":["Defend_G","Defend_G","Defend_G","Defend_G","Defend_G+1","Strike_G","Strike_G","Strike_G","Strike_G","Survivor+1","Neutralize","Underhanded Strike","Poisoned Stab","Sucker Punch+1","Flying Knee","Cloak And Dagger","Caltrops+1","Escape Plan","Blur","Predator","Deadly Poison","Glass Knife","Noxious Fumes+1","Noxious Fumes+1"],"special_seed":0,"relics":["Ring of the Snake","Shuriken","Bag of Preparation","Frozen Egg 2","War Paint","Black Star"],"potions_floor_usage":[12,20,20,20],"damage_taken":[{"damage":0.0,"enemies":"2 Louse","floor":1.0,"turns":3.0},{"damage":1.0,"enemies":"Small Slimes","floor":3.0,"turns":5.0},{"damage":24.0,"enemies":"Gremlin Nob","floor":6.0,"turns":4.0},{"damage":31.0,"enemies":"3 Sentries","floor":8.0,"turns":10.0},{"damage":0.0,"enemies":"Jaw Worm","floor":10.0,"turns":3.0},{"damage":4,"enemies":"Exordium Wildlife","floor":12,"turns":6},{"damage":0,"enemies":"2 Fungi Beasts","floor":13,"turns":4},{"damage":0,"enemies":"3 Louse","floor":14,"turns":3},{"damage":7,"enemies":"Hexaghost","floor":16,"turns":9},{"damage":36,"enemies":"Shell Parasite","floor":18,"turns":8},{"damage":13,"enemies":"Chosen","floor":19,"turns":4},{"damage":8,"enemies":"Colosseum Slavers","floor":20,"turns":4},{"damage":7,"enemies":"Centurion and Healer","floor":21,"turns":2}],"seed_played":"1610650086909578936","potions_obtained":[{"floor":3.0,"key":"Fire Potion"},{"floor":10.0,"key":"SpeedPotion"},{"floor":12,"key":"SneckoOil"},{"floor":14,"key":"Explosive Potion"},{"floor":19,"key":"AttackPotion"}],"is_trial":false,"path_per_floor":["M","?","M","?","?","E","R","E","T","M","$","M","M","M","R","B",null,"M","M","?","M"],"character_chosen":"THE_SILENT","items_purchased":["Caltrops+1","War Paint","Weak Potion","Escape Plan"],"campfire_rested":1,"item_purchase_floors":[11,11,11,11],"current_hp_per_floor":[70,70,69,69,69,45,45,14,14,14,14,10,10,10,33,26,64,28,15,7,0],"gold":245,"neow_bonus":"TEN_PERCENT_HP_BONUS","is_prod":false,"is_daily":false,"chose_seed":false,"campfire_upgraded":1,"win_rate":0,"timestamp":1558067356,"path_taken":["M","?","M","?","?","E","R","E","T","M","?","M","M","?","R","BOSS","M","M","?","M"],"build_version":"2019-01-23","purchased_purges":1,"victory":false,"max_hp_per_floor":[77,77,77,77,77,77,77,77,77,77,77,77,77,77,77,77,77,77,77,77,77],"card_choices":[{"not_picked":["Slice","Blade Dance"],"picked":"Underhanded Strike","floor":1.0},{"not_picked":["Escape Plan","Deflect"],"picked":"Poisoned Stab","floor":3.0},{"not_picked":["Flechettes","Deflect"],"picked":"Sucker Punch","floor":6.0},{"not_picked":["Blur","Doppelganger"],"picked":"Flying Knee","floor":8.0},{"not_picked":["Bane","Acrobatics"],"picked":"Cloak And Dagger","floor":10.0},{"not_picked":["Skewer","Flying Knee"],"picked":"Blur","floor":12},{"not_picked":["Tactician","Endless Agony"],"picked":"Predator","floor":13},{"not_picked":["Deflect","Outmaneuver"],"picked":"Deadly Poison","floor":14},{"not_picked":["Tools of the Trade+1","Night Terror"],"picked":"Glass Knife","floor":16},{"not_picked":["Bouncing Flask","Cloak And Dagger+1"],"picked":"Noxious Fumes+1","floor":18},{"not_picked":["Poisoned Stab","Dodge and Roll"],"picked":"Noxious Fumes+1","floor":19}],"player_experience":289764,"relics_obtained":[{"floor":6.0,"key":"Shuriken"},{"floor":8.0,"key":"Bag of Preparation"},{"floor":9.0,"key":"Frozen Egg 2"}],"event_choices":[{"damage_healed":0.0,"max_hp_gain":0.0,"max_hp_loss":0.0,"gold_gain":175.0,"event_name":"Liars Game","player_choice":"AGREE","floor":2.0,"gold_loss":0.0,"damage_taken":0.0,"cards_obtained":["Doubt"]},{"damage_healed":0.0,"max_hp_gain":0.0,"max_hp_loss":0.0,"gold_gain":62.0,"event_name":"Golden Wing","player_choice":"Gained Gold","floor":4.0,"gold_loss":0.0,"damage_taken":0.0},{"cards_removed":["Doubt"],"damage_healed":0.0,"max_hp_gain":0.0,"max_hp_loss":0.0,"gold_gain":0.0,"event_name":"Living Wall","player_choice":"Forget","floor":5.0,"gold_loss":0.0,"damage_taken":0.0},{"damage_healed":0,"gold_gain":0,"player_choice":"Fight","damage_taken":0,"max_hp_gain":0,"max_hp_loss":0,"event_name":"Colosseum","floor":20,"gold_loss":0},{"damage_healed":0,"gold_gain":0,"player_choice":"Fled From Nobs","damage_taken":0,"max_hp_gain":0,"max_hp_loss":0,"event_name":"Colosseum","floor":20,"gold_loss":0}],"is_beta":false,"boss_relics":[{"not_picked":["HoveringKite","Calling Bell"],"picked":"Black Star"}],"items_purged_floors":[11],"is_endless":false,"potions_floor_spawned":[3,10,12,14,19],"killed_by":"Centurion and Healer","ascension_level":8}