{"gold_per_floor":[114,129,144,144,144,144,170,170,170,170,185,220,231,245,245,317,317,237,237,237,237,32,32,32,32,32,32],"floor_reached":27,"playtime":1217,"items_purged":["Strike_B"],"score":482,"play_id":"f2190149-eb55-468f-963d-e887df3ea070","local_time":"20190516000829","is_ascension_mode":true,"campfire_choices":[{"floor":6.0,"key":"REST"},{"data":"Reinforced Body","floor":8.0,"key":"SMITH"},{"floor":10.0,"key":"REST"},{"data":"Dualcast","floor":15.0,"key":"SMITH"},{"data":"Enlightenment","floor":23.0,"key":"SMITH"}],"neow_cost":"PERCENT_DAMAGE","seed_source_timestamp":119582832155129,"circlet_count":0,"master_deck":["AscendersBane","Strike_B","Strike_B","Strike_B","Defend_B","Defend_B","Defend_B","Defend_B","Zap","Dualcast+1","Compile Driver","Sunder+1","Doom and Gloom","Reinforced Body+1","Reprogram","Loop","Reinforced Body","Echo Form+1","Darkness","Genetic Algorithm","Enlightenment+1","Static Discharge","Capacitor"],"special_seed":0,"relics":["Cracked Core","Blue Candle","Happy Flower","Anchor","Orichalcum","Ectoplasm","Matryoshka","Molten Egg 2","Ornamental Fan"],"potions_floor_usage":[27,27],"damage_taken":[{"damage":14.0,"enemies":"Jaw Worm","floor":1.0,"turns":4.0},{"damage":0.0,"enemies":"Cultist","floor":2.0,"turns":3.0},{"damage":14.0,"enemies":"Small Slimes","floor":3.0,"turns":3.0},{"damage":25.0,"enemies":"Lagavulin","floor":7.0,"turns":7.0},{"damage":0.0,"enemies":"Blue Slaver","floor":11.0,"turns":4.0},{"damage":20.0,"enemies":"3 Sentries","floor":12.0,"turns":6.0},{"damage":0.0,"enemies":"Lots of Slimes","floor":13.0,"turns":2.0},{"damage":0.0,"enemies":"Red Slaver","floor":14.0,"turns":2.0},{"damage":11.0,"enemies":"Slime Boss","floor":16.0,"turns":10.0},{"damage":20.0,"enemies":"2 Thieves","floor":18.0,"turns":3.0},{"damage":0.0,"enemies":"Chosen","floor":21.0,"turns":5.0},{"damage":21.0,"enemies":"Book of Stabbing","floor":25.0,"turns":5.0},{"damage":44,"enemies":"Slavers","floor":27,"turns":4}],"seed_played":"-6547684354030920089","potions_obtained":[{"floor":1.0,"key":"SmokeBomb"},{"floor":3.0,"key":"Weak Potion"},{"floor":11.0,"key":"FearPotion"},{"floor":16.0,"key":"Energy Potion"},{"floor":18.0,"key":"Regen Potion"},{"floor":25.0,"key":"Poison Potion"}],"is_trial":false,"path_per_floor":["M","M","M","?","?","R","E","R","T","R","M","E","M","M","R","B",null,"M","?","?","M","$","R","$","E","T","E"],"character_chosen":"DEFECT","items_purchased":["Enlightenment","Static Discharge"],"campfire_rested":2,"item_purchase_floors":[22,22],"current_hp_per_floor":[46,46,32,27,27,52,27,27,27,52,52,32,32,32,32,21,69,49,49,49,63,63,63,63,42,42,0],"gold":32,"neow_bonus":"TWENTY_PERCENT_HP_BONUS","is_prod":false,"is_daily":false,"chose_seed":false,"campfire_upgraded":3,"win_rate":0,"timestamp":1557979709,"path_taken":["M","M","M","?","?","R","E","R","T","R","M","E","M","?","R","BOSS","M","?","?","?","$","R","?","E","T","E"],"build_version":"2019-01-23","purchased_purges":1,"victory":false,"max_hp_per_floor":[85,85,85,85,85,85,85,85,85,85,85,85,85,85,85,85,85,85,85,85,85,85,85,85,85,85,85],"card_choices":[{"not_picked":["Chaos","Force Field"],"picked":"Compile Driver","floor":1.0},{"not_picked":["Steam","Tempest"],"picked":"Sunder","floor":2.0},{"not_picked":["Rebound","Coolheaded"],"picked":"Doom and Gloom","floor":3.0},{"not_picked":["Multi-Cast","Go for the Eyes"],"picked":"Reinforced Body","floor":7.0},{"not_picked":["Redo","Skim"],"picked":"Reprogram","floor":11.0},{"not_picked":["Beam Cell","Steam"],"picked":"Loop","floor":12.0},{"not_picked":["Turbo","Gash","Barrage"],"picked":"SKIP","floor":13.0},{"not_picked":["Recycle","Turbo"],"picked":"Reinforced Body","floor":14.0},{"not_picked":["Creative AI","All For One"],"picked":"Echo Form","floor":16.0},{"not_picked":["Heatsinks","Conserve Battery"],"picked":"Darkness","floor":18.0},{"not_picked":["Hologram","Compile Driver"],"picked":"Genetic Algorithm","floor":21.0},{"not_picked":["Chill","Cold Snap"],"picked":"Capacitor","floor":25.0}],"player_experience":676357,"relics_obtained":[{"floor":7.0,"key":"Happy Flower"},{"floor":9.0,"key":"Anchor"},{"floor":12.0,"key":"Orichalcum"},{"floor":25.0,"key":"Matryoshka"},{"floor":26.0,"key":"Molten Egg 2"},{"floor":26.0,"key":"Ornamental Fan"}],"event_choices":[{"damage_healed":0.0,"max_hp_gain":0.0,"max_hp_loss":0.0,"gold_gain":0.0,"event_name":"Scrap Ooze","player_choice":"Success","floor":4.0,"gold_loss":0.0,"damage_taken":5.0,"relics_obtained":["Blue Candle"]},{"damage_healed":0.0,"max_hp_gain":0.0,"max_hp_loss":0.0,"gold_gain":0.0,"event_name":"Upgrade Shrine","player_choice":"Upgraded","floor":5.0,"gold_loss":0.0,"damage_taken":0.0,"cards_upgraded":["Sunder"]},{"damage_healed":0.0,"max_hp_gain":0.0,"max_hp_loss":0.0,"gold_gain":0.0,"event_name":"The Mausoleum","player_choice":"Ignored","floor":19.0,"gold_loss":0.0,"damage_taken":0.0},{"damage_healed":0.0,"max_hp_gain":0.0,"max_hp_loss":0.0,"gold_gain":0.0,"event_name":"Upgrade Shrine","player_choice":"Upgraded","floor":20.0,"gold_loss":0.0,"damage_taken":0.0,"cards_upgraded":["Echo Form"]}],"is_beta":false,"boss_relics":[{"not_picked":["Lizard Tail","Calling Bell"],"picked":"Ectoplasm"}],"items_purged_floors":[22],"is_endless":false,"potions_floor_spawned":[1,3,11,16,18,25],"killed_by":"Slavers","ascension_level":20}