{"gold_per_floor":[116,116,132,144,161,186,186,31,57,73,73,108,108,124,124,201,201,215,5,5,5,36,48,40,52,89,15,15,34,66,66,66,66],"floor_reached":33,"playtime":1551,"items_purged":["Strike_B"],"score":546,"play_id":"07feb91f-1d85-4b2e-8216-be37c1e16b0d","local_time":"20190523214558","is_ascension_mode":true,"campfire_choices":[{"data":"1","floor":7.0,"key":"LIFT"},{"data":"2","floor":11.0,"key":"LIFT"},{"floor":13,"key":"REST"},{"data":"3","floor":15,"key":"LIFT"},{"floor":23,"key":"REST"},{"data":"Coolheaded","floor":25,"key":"SMITH"},{"data":"Zap","floor":28,"key":"SMITH"},{"floor":32,"key":"REST"}],"neow_cost":"NONE","seed_source_timestamp":273268026748580,"circlet_count":0,"master_deck":["AscendersBane","Strike_B","Strike_B+1","Strike_B+1","Defend_B","Defend_B","Defend_B","Defend_B","Zap+1","Dualcast","Conserve Battery","Ball Lightning","Reinforced Body","Loop","Electrodynamics","Rip and Tear","Rip and Tear","Thunder Strike","Seek","Loop+1","Coolheaded+1","Writhe","Doubt","Buffer+1","Hologram","Steam","Shame","Machine Learning+1"],"special_seed":0,"relics":["Cracked Core","Whetstone","Blue Candle","Girya","Juzu Bracelet","Frozen Egg 2","Cursed Key","Runic Capacitor","MawBank","Dream Catcher","Centennial Puzzle","Mummified Hand"],"potions_floor_usage":[12,12,16,30],"damage_taken":[{"damage":0.0,"enemies":"Cultist","floor":1.0,"turns":3.0},{"damage":5.0,"enemies":"Jaw Worm","floor":3.0,"turns":3.0},{"damage":8.0,"enemies":"Small Slimes","floor":4.0,"turns":2.0},{"damage":0.0,"enemies":"2 Fungi Beasts","floor":5.0,"turns":3.0},{"damage":21.0,"enemies":"Gremlin Nob","floor":6.0,"turns":4.0},{"damage":0.0,"enemies":"Looter","floor":10.0,"turns":3.0},{"damage":20,"enemies":"Lagavulin","floor":12,"turns":3},{"damage":6,"enemies":"Exordium Thugs","floor":14,"turns":3},{"damage":24,"enemies":"Hexaghost","floor":16,"turns":9},{"damage":6,"enemies":"Spheric Guardian","floor":18,"turns":3},{"damage":22,"enemies":"Shell Parasite","floor":22,"turns":5},{"damage":11,"enemies":"Sentry and Sphere","floor":29,"turns":4},{"damage":27,"enemies":"Slavers","floor":30,"turns":3},{"damage":57,"enemies":"Collector","floor":33,"turns":5}],"seed_played":"-6036492373265656518","potions_obtained":[{"floor":1.0,"key":"AttackPotion"},{"floor":4.0,"key":"EntropicBrew"},{"floor":10.0,"key":"SteroidPotion"},{"floor":14,"key":"GamblersBrew"},{"floor":22,"key":"PowerPotion"},{"floor":24,"key":"SmokeBomb"}],"is_trial":false,"path_per_floor":["M","T","M","M","M","E","R","$","T","M","R","E","R","M","R","B",null,"M","$","?","?","M","R","?","R","T","$","R","M","E","?","R","B"],"character_chosen":"DEFECT","items_purchased":["Rip and Tear","Runic Capacitor","Buffer+1"],"campfire_rested":3,"item_purchase_floors":[8,19,27],"current_hp_per_floor":[64,64,59,51,51,30,30,30,30,30,30,10,31,25,25,1,54,48,48,48,48,26,47,47,47,47,47,47,36,9,9,30,0],"gold":66,"neow_bonus":"RANDOM_COMMON_RELIC","is_prod":false,"is_daily":false,"chose_seed":false,"campfire_upgraded":2,"win_rate":0,"timestamp":1558662358,"path_taken":["M","?","M","M","M","E","R","$","T","M","R","E","R","M","R","BOSS","M","$","?","?","M","R","?","R","T","$","R","M","E","?","R","BOSS"],"build_version":"2019-01-23","purchased_purges":1,"victory":false,"max_hp_per_floor":[71,71,71,71,71,71,71,71,71,71,71,71,71,71,71,71,71,71,71,71,71,71,71,71,71,71,71,71,71,71,71,71,71],"card_choices":[{"not_picked":["Skim","BootSequence"],"picked":"Conserve Battery","floor":1.0},{"not_picked":["Rebound","Sunder"],"picked":"Ball Lightning","floor":3.0},{"not_picked":["Sweeping Beam","Turbo"],"picked":"Reinforced Body","floor":4.0},{"not_picked":["Melter","Reinforced Body"],"picked":"Loop","floor":5.0},{"not_picked":["Go for the Eyes","Barrage"],"picked":"Electrodynamics","floor":6.0},{"not_picked":["Aggregate","Tempest"],"picked":"Rip and Tear","floor":10.0},{"not_picked":["Gash","Lockon"],"picked":"Thunder Strike","floor":12},{"not_picked":["Conserve Battery","Recycle","Hello World+1"],"picked":"SKIP","floor":14},{"not_picked":["Rainbow","Reboot"],"picked":"Seek","floor":16},{"not_picked":["Conserve Battery+1","Rebound"],"picked":"Loop+1","floor":18},{"not_picked":["Ball Lightning","Blizzard","Steam"],"picked":"SKIP","floor":22},{"not_picked":["Ball Lightning","Sweeping Beam"],"picked":"Hologram","floor":29},{"not_picked":["Conserve Battery","Darkness"],"picked":"Steam","floor":30},{"not_picked":["Streamline","Hologram+1"],"picked":"Machine Learning+1","floor":32}],"player_experience":782949,"relics_obtained":[{"floor":2.0,"key":"Blue Candle"},{"floor":6.0,"key":"Girya"},{"floor":9.0,"key":"Juzu Bracelet"},{"floor":12,"key":"Frozen Egg 2"},{"floor":26,"key":"Dream Catcher"},{"floor":30,"key":"Centennial Puzzle"}],"event_choices":[{"damage_healed":0,"gold_gain":0,"player_choice":"Read","damage_taken":0,"max_hp_gain":0,"max_hp_loss":0,"event_name":"The Library","floor":20,"gold_loss":0,"cards_obtained":["Coolheaded"]},{"damage_healed":0,"gold_gain":0,"player_choice":"Opened","damage_taken":0,"relics_obtained":["MawBank"],"max_hp_gain":0,"max_hp_loss":0,"event_name":"The Mausoleum","floor":21,"gold_loss":0,"cards_obtained":["Writhe"]},{"damage_healed":0,"gold_gain":0,"player_choice":"Bought 1 Potion","damage_taken":0,"max_hp_gain":0,"max_hp_loss":0,"event_name":"The Woman in Blue","floor":24,"gold_loss":0},{"damage_healed":0,"gold_gain":0,"player_choice":"Stole Relic","damage_taken":0,"relics_obtained":["Mummified Hand"],"max_hp_gain":0,"max_hp_loss":0,"event_name":"Addict","floor":31,"gold_loss":0,"cards_obtained":["Shame"]}],"is_beta":false,"boss_relics":[{"not_picked":["Sozu","Snecko Eye"],"picked":"Cursed Key"}],"items_purged_floors":[8],"is_endless":false,"potions_floor_spawned":[1,4,10,14,22,29],"killed_by":"Collector","ascension_level":20}