{"path_per_floor":["M","?","M","?","?","E","M","E","T","?","$","R","M","$","R","B",null,"M","M","?","$","M","E","?","M","T","R","T"],"character_chosen":"IRONCLAD","items_purchased":["Thunderclap","Madness"],"gold_per_floor":[113,113,124,124,124,153,170,200,224,224,122,122,137,37,37,167,167,185,201,201,99,116,150,50,62,88,88,88],"floor_reached":29,"campfire_rested":2,"playtime":1397,"current_hp_per_floor":[80,80,80,80,80,80,77,59,59,39,39,63,69,69,69,47,80,52,66,66,66,61,53,53,29,34,58,58],"items_purged":["Defend_R","Strike_R"],"gold":88,"play_id":"62f83bef-1ffe-43bc-b163-2fa70f815582","is_prod":false,"is_daily":false,"is_ascension_mode":false,"campfire_upgraded":1,"path_taken":["M","?","M","?","?","E","M","E","T","?","$","R","?","$","R","BOSS","M","?","?","$","M","E","?","M","T","R","?","E"],"build_version":"2018-02-01-PROD3","purchased_purges":3,"victory":false,"master_deck":["Strike_R","Strike_R","Strike_R","Defend_R","Defend_R+1","Defend_R","Bash","Dual Wield+1","Evolve","Twin Strike","True Grit+1","Thunderclap","Blood for Blood","Demon Form","Twin Strike+1","Wild Strike+1","Madness","Blood for Blood","J.A.X."],"max_hp_per_floor":[80,80,80,80,80,80,80,80,80,80,80,80,80,80,80,80,80,80,80,80,80,80,80,80,80,80,80,80],"relics":["Burning Blood","NeowsBlessing","Ornamental Fan","Spirit Poop","Mercury Hourglass","War Paint","Omamori","Bloody Idol","White Beast Statue","Oddly Smooth Stone","Orichalcum","Blood Vial"],"card_choices":[{"not_picked":["Flex","Warcry"],"picked":"Dual Wield"},{"not_picked":["Flex","Hemokinesis"],"picked":"Twin Strike"},{"not_picked":["Cleave","Havoc"],"picked":"True Grit"},{"not_picked":["Havoc","Dual Wield"],"picked":"Blood for Blood"},{"not_picked":["Reaper","Dark Embrace"],"picked":"Demon Form"},{"not_picked":["Headbutt","Dropkick"],"picked":"Twin Strike"},{"not_picked":["Inflame","Armaments"],"picked":"Wild Strike"},{"not_picked":["Burning Pact","Clothesline"],"picked":"Blood for Blood"}],"player_experience":37309,"potions_floor_usage":[16,18,19,22,22,23,23,25,29],"damage_taken":[{"damage":0,"enemies":"2 Louse","floor":1,"turns":1},{"damage":0,"enemies":"Small Slimes","floor":3,"turns":1},{"damage":0,"enemies":"3 Sentries","floor":6,"turns":1},{"damage":9,"enemies":"Blue Slaver","floor":7,"turns":3},{"damage":24,"enemies":"Gremlin Nob","floor":8,"turns":4},{"damage":0,"enemies":"2 Fungi Beasts","floor":13,"turns":2},{"damage":28,"enemies":"Hexaghost","floor":16,"turns":7},{"damage":40,"enemies":"2 Thieves","floor":18,"turns":4},{"damage":1,"enemies":"Chosen","floor":19,"turns":5},{"damage":16,"enemies":"Centurion and Healer","floor":22,"turns":5},{"damage":19,"enemies":"Slavers","floor":23,"turns":4},{"damage":35,"enemies":"Snake Plant","floor":25,"turns":3},{"damage":66,"enemies":"Gremlin Leader","floor":29,"turns":5}],"event_choices":[{"event_name":"Big Fish","player_choice":"Box","floor":2,"damage_taken":0},{"event_name":"Bonfire Elementals","player_choice":"CURSE","floor":4,"damage_taken":0},{"event_name":"Transmorgrifier","player_choice":"Transform","floor":5,"damage_taken":0},{"event_name":"Golden Idol","player_choice":"Take Damage","floor":10,"damage_taken":0},{"event_name":"Forgotten Altar","player_choice":"Gave Idol","floor":20,"damage_taken":0},{"event_name":"Drug Dealer","player_choice":"Got JAXXED","floor":24,"damage_taken":0}],"boss_relics":[{"not_picked":["Eternal Feather","Velvet Choker"],"picked":"White Beast Statue"}],"potions_floor_spawned":[1,6,13,16,18,19,22,23,25],"seed_played":"-6536671775553141159","killed_by":"Gremlin Leader","ascension_level":0,"is_trial":false}