{"gold_per_floor":[114,66,66,83,136,136,197,212,236,236,291,31,48,76,76,177,177,195,210,210,210,135,168,183,216,216,241,253,2,2,2,2,98,98,114,131,231,251,251,251,270,289,289,289,304,304,0,0,0,0],"floor_reached":50,"playtime":1898,"items_purged":["Defend_R","Clumsy"],"score":691,"play_id":"05d54f2c-3029-4500-acf4-219e14391653","local_time":"20190505011427","is_ascension_mode":true,"campfire_choices":[{"data":"Bash","floor":6.0,"key":"SMITH"},{"data":"Seeing Red","floor":10.0,"key":"SMITH"},{"data":"Armaments","floor":15.0,"key":"SMITH"},{"data":"True Grit","floor":32.0,"key":"SMITH"},{"floor":40.0,"key":"REST"},{"data":"Flame Barrier","floor":44.0,"key":"SMITH"},{"data":"Combust","floor":49.0,"key":"SMITH"}],"neow_cost":"NONE","seed_source_timestamp":0,"circlet_count":0,"master_deck":["Defend_R","Defend_R","Defend_R","Bash+1","Clash","Seeing Red+1","Battle Trance","Clash","Combust+1","Armaments+1","Bludgeon+1","Shrug It Off+1","Flame Barrier+1","Bite","Bite","Bite","Bite","Shrug It Off","True Grit+1","Impervious"],"special_seed":0,"relics":["Black Blood","NeowsBlessing","PreservedInsect","Tiny Chest","Centennial Puzzle","Matryoshka","Paper Frog","Cursed Key","Ornamental Fan","Self Forming Clay","Art of War","Torii","Unceasing Top","Omamori","Darkstone Periapt","Charon\u0027s Ashes","StoneCalendar","Turnip","Red Mask"],"potions_floor_usage":[50,50],"damage_taken":[{"damage":0.0,"enemies":"Jaw Worm","floor":1.0,"turns":1.0},{"damage":0.0,"enemies":"2 Louse","floor":4.0,"turns":1.0},{"damage":0.0,"enemies":"Gremlin Nob","floor":7.0,"turns":1.0},{"damage":0.0,"enemies":"Small Slimes","floor":8.0,"turns":3.0},{"damage":16.0,"enemies":"Gremlin Nob","floor":11.0,"turns":3.0},{"damage":4.0,"enemies":"Exordium Thugs","floor":13.0,"turns":3.0},{"damage":13.0,"enemies":"3 Sentries","floor":14.0,"turns":4.0},{"damage":43.0,"enemies":"Hexaghost","floor":16.0,"turns":6.0},{"damage":9.0,"enemies":"Shell Parasite","floor":18.0,"turns":3.0},{"damage":6.0,"enemies":"2 Thieves","floor":19.0,"turns":2.0},{"damage":25.0,"enemies":"Book of Stabbing","floor":23.0,"turns":4.0},{"damage":11.0,"enemies":"Cultist and Chosen","floor":24.0,"turns":7.0},{"damage":20.0,"enemies":"Gremlin Leader","floor":25.0,"turns":2.0},{"damage":17.0,"enemies":"Slavers","floor":27.0,"turns":4.0},{"damage":21.0,"enemies":"Chosen and Byrds","floor":28.0,"turns":3.0},{"damage":60.0,"enemies":"Automaton","floor":33.0,"turns":8.0},{"damage":14.0,"enemies":"3 Darklings","floor":35.0,"turns":4.0},{"damage":1.0,"enemies":"Orb Walker","floor":36.0,"turns":4.0},{"damage":10.0,"enemies":"Mind Bloom Boss Battle","floor":37.0,"turns":7.0},{"damage":63.0,"enemies":"Transient","floor":38.0,"turns":5.0},{"damage":18.0,"enemies":"Maw","floor":41.0,"turns":8.0},{"damage":14.0,"enemies":"3 Darklings","floor":42.0,"turns":6.0},{"damage":34.0,"enemies":"Sphere and 2 Shapes","floor":45.0,"turns":6.0},{"damage":90,"enemies":"Awakened One","floor":50,"turns":15}],"seed_played":"-6712629775108529569","potions_obtained":[{"floor":8.0,"key":"LiquidBronze"},{"floor":13.0,"key":"AttackPotion"},{"floor":16.0,"key":"Poison Potion"},{"floor":18.0,"key":"EssenceOfSteel"},{"floor":25.0,"key":"Weak Potion"},{"floor":27.0,"key":"Regen Potion"},{"floor":28.0,"key":"FairyPotion"},{"floor":38.0,"key":"LiquidBronze"},{"floor":45.0,"key":"Explosive Potion"}],"is_trial":false,"path_per_floor":["M","$","?","M","?","R","E","M","T","R","?","$","M","E","R","B",null,"M","M","?","?","$","E","M","E","T","E","M","$","T","T","R","B",null,"M","M","?","M","?","R","M","M","T","R","M","T","?","T","R","B"],"character_chosen":"IRONCLAD","items_purchased":["Clash","Paper Frog","Omamori"],"campfire_rested":1,"item_purchase_floors":[2,12,29],"current_hp_per_floor":[80,80,77,80,80,80,80,80,80,80,70,70,72,65,65,28,67,64,64,56,56,56,43,55,49,49,46,39,39,39,39,39,20,47,52,56,56,14,14,30,39,50,50,50,38,38,38,38,38,0],"gold":0,"neow_bonus":"THREE_ENEMY_KILL","is_prod":false,"is_daily":false,"chose_seed":false,"campfire_upgraded":6,"win_rate":0,"timestamp":1557036867,"path_taken":["M","$","?","M","?","R","E","M","T","R","?","$","?","E","R","BOSS","M","M","?","?","$","E","M","E","T","E","M","?","?","?","R","BOSS","M","M","?","M","?","R","M","M","T","R","M","?","?","?","R","BOSS"],"build_version":"2019-01-23","purchased_purges":2,"victory":false,"max_hp_per_floor":[80,80,80,80,80,80,80,80,80,80,80,80,80,80,80,80,80,80,80,56,56,56,56,56,56,56,56,56,56,56,56,56,56,56,56,56,56,56,56,56,56,56,56,56,56,56,56,56,56,56],"card_choices":[{"not_picked":["Perfected Strike","Intimidate","Uppercut"],"picked":"SKIP","floor":1.0},{"not_picked":["Havoc","Wild Strike","Warcry"],"picked":"SKIP","floor":4.0},{"not_picked":["Heavy Blade","Blood for Blood"],"picked":"Seeing Red","floor":7.0},{"not_picked":["Blood for Blood","Shrug It Off"],"picked":"Battle Trance","floor":8.0},{"not_picked":["Havoc","Perfected Strike"],"picked":"Clash","floor":11.0},{"not_picked":["Headbutt","Juggernaut"],"picked":"Combust","floor":13.0},{"not_picked":["Ghostly Armor","Havoc"],"picked":"Armaments","floor":14.0},{"not_picked":["Fiend Fire","Juggernaut"],"picked":"Bludgeon","floor":16.0},{"not_picked":["Whirlwind","Warcry"],"picked":"Shrug It Off+1","floor":18.0},{"not_picked":["Burning Pact","Thunderclap"],"picked":"Flame Barrier","floor":19.0},{"not_picked":["Headbutt","Feed"],"picked":"Shrug It Off","floor":23.0},{"not_picked":["Seeing Red","Flex","Fire Breathing+1"],"picked":"SKIP","floor":24.0},{"not_picked":["Iron Wave+1","Pommel Strike+1"],"picked":"True Grit","floor":25.0},{"not_picked":["Sword Boomerang","Pommel Strike","Dark Embrace"],"picked":"SKIP","floor":27.0},{"not_picked":["Armaments","Shockwave+1","Entrench"],"picked":"SKIP","floor":28.0},{"not_picked":["Double Tap","Barricade"],"picked":"Impervious","floor":33.0},{"not_picked":["Spot Weakness","Flex+1","Entrench+1"],"picked":"SKIP","floor":35.0},{"not_picked":["Warcry","Power Through+1","Armaments"],"picked":"SKIP","floor":36.0},{"not_picked":["Impervious","Twin Strike","Fire Breathing"],"picked":"SKIP","floor":38.0},{"not_picked":["Pommel Strike+1","Warcry","Iron Wave"],"picked":"SKIP","floor":41.0},{"not_picked":["Shockwave","Clash+1","Armaments"],"picked":"SKIP","floor":42.0},{"not_picked":["Feel No Pain+1","Anger","Shockwave"],"picked":"SKIP","floor":45.0}],"player_experience":207842,"relics_obtained":[{"floor":7.0,"key":"Tiny Chest"},{"floor":9.0,"key":"Centennial Puzzle"},{"floor":11.0,"key":"Matryoshka"},{"floor":23.0,"key":"Ornamental Fan"},{"floor":25.0,"key":"Self Forming Clay"},{"floor":26.0,"key":"Art of War"},{"floor":26.0,"key":"Torii"},{"floor":27.0,"key":"Unceasing Top"},{"floor":30.0,"key":"Darkstone Periapt"},{"floor":30.0,"key":"Charon\u0027s Ashes"},{"floor":31.0,"key":"StoneCalendar"},{"floor":37.0,"key":"Turnip"}],"event_choices":[{"damage_healed":0.0,"max_hp_gain":0.0,"max_hp_loss":0.0,"gold_gain":0.0,"event_name":"Scrap Ooze","player_choice":"Success","floor":3.0,"gold_loss":0.0,"damage_taken":3.0,"relics_obtained":["PreservedInsect"]},{"damage_healed":0.0,"max_hp_gain":0.0,"max_hp_loss":0.0,"gold_gain":53.0,"event_name":"Golden Wing","player_choice":"Gained Gold","floor":5.0,"gold_loss":0.0,"damage_taken":0.0},{"damage_healed":0.0,"max_hp_gain":0.0,"max_hp_loss":0.0,"gold_gain":0.0,"event_name":"Dead Adventurer","player_choice":"Searched \u00271\u0027 times","floor":11.0,"gold_loss":0.0,"damage_taken":0.0},{"damage_healed":0.0,"max_hp_gain":0.0,"max_hp_loss":24.0,"gold_gain":0.0,"event_name":"Vampires","player_choice":"Became a vampire","floor":20.0,"gold_loss":0.0,"damage_taken":0.0,"cards_obtained":["Bite","Bite","Bite","Bite","Bite"]},{"damage_healed":0.0,"max_hp_gain":0.0,"max_hp_loss":0.0,"gold_gain":0.0,"event_name":"Upgrade Shrine","player_choice":"Upgraded","floor":21.0,"gold_loss":0.0,"damage_taken":0.0,"cards_upgraded":["Bludgeon"]},{"damage_healed":0.0,"max_hp_gain":0.0,"max_hp_loss":0.0,"gold_gain":0.0,"event_name":"MindBloom","player_choice":"Fight","floor":37.0,"gold_loss":0.0,"damage_taken":0.0},{"cards_removed":["Bite"],"damage_healed":0.0,"max_hp_gain":0.0,"max_hp_loss":0.0,"gold_gain":0.0,"event_name":"Falling","player_choice":"Removed Attack","floor":39.0,"gold_loss":0.0,"damage_taken":0.0},{"damage_healed":0.0,"max_hp_gain":0.0,"max_hp_loss":0.0,"gold_gain":0.0,"event_name":"Tomb of Lord Red Mask","player_choice":"Paid","floor":47.0,"gold_loss":304.0,"damage_taken":0.0,"relics_obtained":["Red Mask"]}],"is_beta":false,"boss_relics":[{"not_picked":["Empty Cage","Calling Bell"],"picked":"Cursed Key"},{"not_picked":["Busted Crown","Tiny House"],"picked":"Black Blood"}],"items_purged_floors":[22,29],"is_endless":false,"potions_floor_spawned":[8,13,16,18,25,27,28,38,45],"killed_by":"Awakened One","ascension_level":5}