{"gold_per_floor":[118,118,118,129,146,146,177,6,6,52,52,72,72,83,83,156,156,175,193,193,19,31,31,50,79,104,133,133,160,160,194,206,292,304,334,366,378,83,63,93,109,18,18,18,38,57,57,90,90,90,90,90,10,43,43],"floor_reached":55,"playtime":4526,"items_purged":["Strike_G","Strike_G","Quick Slash"],"score":1474,"play_id":"b1a8e1d4-5981-4519-be78-12b83f311261","local_time":"20190525100414","is_ascension_mode":true,"campfire_choices":[{"data":"All Out Attack","floor":6,"key":"SMITH"},{"floor":11,"key":"REST"},{"data":"Neutralize","floor":13,"key":"SMITH"},{"data":"Footwork","floor":15,"key":"SMITH"},{"floor":23,"key":"REST"},{"floor":28,"key":"REST"},{"data":"Wraith Form v2","floor":32,"key":"SMITH"},{"floor":47,"key":"RECALL"},{"data":"Burst","floor":49,"key":"SMITH"},{"floor":52,"key":"REST"}],"neow_cost":"NONE","seed_source_timestamp":0,"circlet_count":0,"master_deck":["AscendersBane","Defend_G+1","Defend_G","Defend_G","Defend_G","Defend_G","Survivor","Neutralize+1","Flying Knee","All Out Attack+1","Wraith Form v2+1","Footwork+1","Backflip+1","Infinite Blades","Footwork+1","Dash","Acrobatics","Footwork+1","Well Laid Plans+1","Footwork+1","Escape Plan","Blur","Burst+1","Catalyst","Backflip","Deadly Poison","Finesse","Night Terror","Acrobatics","Footwork+1","Noxious Fumes+1"],"special_seed":0,"relics":["Ring of the Snake","Ninja Scroll","The Courier","Frozen Egg 2","Omamori","Sozu","Smiling Mask","Art of War","War Paint","Potion Belt","MawBank","Philosopher\u0027s Stone","Mummified Hand","Shuriken","Kunai","Strawberry"],"potions_floor_usage":[7,27,27],"damage_taken":[{"damage":5,"enemies":"Cultist","floor":1,"turns":5},{"damage":0,"enemies":"2 Louse","floor":4,"turns":2},{"damage":0,"enemies":"Jaw Worm","floor":5,"turns":3},{"damage":31,"enemies":"Lagavulin","floor":7,"turns":6},{"damage":0,"enemies":"Gremlin Gang","floor":12,"turns":3},{"damage":3,"enemies":"3 Louse","floor":14,"turns":3},{"damage":14,"enemies":"The Guardian","floor":16,"turns":17},{"damage":0,"enemies":"Shell Parasite","floor":18,"turns":9},{"damage":6,"enemies":"Spheric Guardian","floor":19,"turns":6},{"damage":18,"enemies":"Colosseum Slavers","floor":20,"turns":7},{"damage":7,"enemies":"Snake Plant","floor":22,"turns":7},{"damage":2,"enemies":"Shelled Parasite and Fungi","floor":24,"turns":8},{"damage":10,"enemies":"Gremlin Leader","floor":25,"turns":13},{"damage":12,"enemies":"Slavers","floor":27,"turns":9},{"damage":4,"enemies":"Gremlin Leader","floor":29,"turns":9},{"damage":0,"enemies":"Book of Stabbing","floor":31,"turns":13},{"damage":4,"enemies":"Collector","floor":33,"turns":23},{"damage":0,"enemies":"3 Shapes","floor":35,"turns":8},{"damage":0,"enemies":"3 Darklings","floor":36,"turns":7},{"damage":22,"enemies":"Nemesis","floor":40,"turns":19},{"damage":10,"enemies":"Transient","floor":41,"turns":5},{"damage":7,"enemies":"Writhing Mass","floor":45,"turns":7},{"damage":0,"enemies":"Sphere and 2 Shapes","floor":46,"turns":8},{"damage":0,"enemies":"Giant Head","floor":48,"turns":8},{"damage":15,"enemies":"Time Eater","floor":50,"turns":7},{"damage":15,"enemies":"Shield and Spear","floor":54,"turns":18},{"damage":92,"enemies":"The Heart","floor":55,"turns":3}],"seed_played":"4764322249693441025","potions_obtained":[{"floor":1,"key":"SkillPotion"},{"floor":12,"key":"AttackPotion"},{"floor":14,"key":"Block Potion"}],"is_trial":false,"path_per_floor":["M","?","?","M","M","R","E","$","T","T","R","M","R","M","R","B",null,"M","M","?","$","M","R","M","E","T","E","R","E","?","E","R","B",null,"M","M","?","$","?","E","M","$","T","?","M","M","R","E","R","B",null,"R","$","E","B"],"character_chosen":"THE_SILENT","items_purchased":["Footwork","Backflip","Infinite Blades","Swift Potion","Footwork+1","Well Laid Plans+1","Mummified Hand","Catalyst","Deadly Poison","Acrobatics","Footwork+1"],"campfire_rested":4,"item_purchase_floors":[8,8,8,8,21,21,38,38,42,53,53],"current_hp_per_floor":[54,43,36,36,36,36,5,5,5,5,24,24,24,21,21,7,51,51,45,27,27,20,39,37,27,27,15,34,30,30,30,30,26,56,56,56,66,66,66,44,34,34,34,34,27,27,27,27,27,12,53,66,66,58,0],"gold":43,"neow_bonus":"REMOVE_CARD","is_prod":false,"is_daily":false,"chose_seed":false,"campfire_upgraded":5,"win_rate":0,"timestamp":1558793054,"path_taken":["M","?","?","M","M","R","E","$","T","?","R","M","R","M","R","BOSS","M","?","?","$","M","R","M","E","T","E","R","E","?","E","R","BOSS","M","M","?","$","?","E","?","$","T","?","M","M","R","E","R","BOSS","R","$","E","BOSS"],"build_version":"2019-01-23","purchased_purges":3,"victory":false,"max_hp_per_floor":[66,66,66,66,66,66,66,66,66,66,66,66,66,66,66,66,66,66,66,66,66,66,66,66,66,66,66,66,66,66,66,66,66,66,66,66,66,66,66,66,66,66,66,66,66,66,66,66,66,66,66,66,66,73,73],"card_choices":[{"not_picked":["Heel Hook","Backflip"],"picked":"Flying Knee","floor":1},{"not_picked":["Calculated Gamble","Endless Agony"],"picked":"Quick Slash","floor":4},{"not_picked":["Slice","Flying Knee"],"picked":"All Out Attack","floor":5},{"not_picked":["Acrobatics","Dagger Spray"],"picked":"Wraith Form v2","floor":7},{"not_picked":["Blade Dance","Crippling Poison"],"picked":"Footwork+1","floor":12},{"not_picked":["Riddle With Holes","Sucker Punch"],"picked":"Dash","floor":14},{"not_picked":["All Out Attack","Skewer","Poisoned Stab"],"picked":"SKIP","floor":18},{"not_picked":["Poisoned Stab","Dagger Spray"],"picked":"Acrobatics","floor":19},{"not_picked":["Riddle With Holes","Distraction"],"picked":"Footwork+1","floor":22},{"not_picked":["Blade Dance","Distraction"],"picked":"Escape Plan","floor":24},{"not_picked":["Die Die Die","Night Terror","Dagger Throw"],"picked":"SKIP","floor":25},{"not_picked":["Quick Slash","Dagger Throw","Outmaneuver"],"picked":"SKIP","floor":27},{"not_picked":["PiercingWail+1","Calculated Gamble"],"picked":"Blur","floor":29},{"not_picked":["Sucker Punch","Eviscerate","Well Laid Plans+1"],"picked":"SKIP","floor":31},{"not_picked":["Grand Finale","Phantasmal Killer"],"picked":"Burst","floor":33},{"not_picked":["Riddle With Holes+1","Sucker Punch","Flying Knee"],"picked":"SKIP","floor":35},{"not_picked":["Slice","Deflect","Setup+1"],"picked":"SKIP","floor":36},{"not_picked":["Riddle With Holes","Quick Slash"],"picked":"Backflip","floor":40},{"not_picked":["Poisoned Stab","Catalyst+1","Flying Knee+1"],"picked":"SKIP","floor":41},{"not_picked":["Impatience","Transmutation"],"picked":"Finesse","floor":44},{"not_picked":["Accuracy+1","Blade Dance","Masterful Stab"],"picked":"SKIP","floor":45},{"not_picked":["Quick Slash","Blade Dance"],"picked":"Night Terror","floor":46},{"not_picked":["Sucker Punch+1","Acrobatics","Skewer"],"picked":"SKIP","floor":48},{"not_picked":["Skewer+1","Wraith Form v2+1"],"picked":"Noxious Fumes+1","floor":54}],"player_experience":1317523,"relics_obtained":[{"floor":7,"key":"The Courier"},{"floor":9,"key":"Frozen Egg 2"},{"floor":10,"key":"Omamori"},{"floor":25,"key":"Smiling Mask"},{"floor":26,"key":"Art of War"},{"floor":27,"key":"War Paint"},{"floor":29,"key":"Potion Belt"},{"floor":31,"key":"MawBank"},{"floor":40,"key":"Shuriken"},{"floor":48,"key":"Kunai"},{"floor":54,"key":"Strawberry"}],"event_choices":[{"damage_healed":0,"gold_gain":0,"player_choice":"Success","damage_taken":11,"relics_obtained":["Ninja Scroll"],"max_hp_gain":0,"max_hp_loss":0,"event_name":"Scrap Ooze","floor":2,"gold_loss":0},{"cards_removed":["Strike_G"],"damage_healed":0,"gold_gain":0,"player_choice":"Card Removal","damage_taken":7,"max_hp_gain":0,"max_hp_loss":0,"event_name":"Golden Wing","floor":3,"gold_loss":0},{"damage_healed":0,"gold_gain":0,"player_choice":"Fight","damage_taken":0,"max_hp_gain":0,"max_hp_loss":0,"event_name":"Colosseum","floor":20,"gold_loss":0},{"damage_healed":0,"gold_gain":0,"player_choice":"Fled From Nobs","damage_taken":0,"max_hp_gain":0,"max_hp_loss":0,"event_name":"Colosseum","floor":20,"gold_loss":0},{"cards_removed":["Strike_G"],"damage_healed":0,"gold_gain":0,"player_choice":"Elegance","damage_taken":0,"max_hp_gain":0,"max_hp_loss":0,"event_name":"Back to Basics","floor":30,"gold_loss":0},{"damage_healed":13,"gold_gain":0,"player_choice":"Writhe","damage_taken":0,"max_hp_gain":0,"max_hp_loss":0,"event_name":"Winding Halls","floor":37,"gold_loss":0,"cards_obtained":["Writhe"]},{"damage_healed":0,"gold_gain":0,"player_choice":"Bought 1 Potion","damage_taken":0,"max_hp_gain":0,"max_hp_loss":0,"event_name":"The Woman in Blue","floor":39,"gold_loss":0},{"damage_healed":0,"gold_gain":0,"player_choice":"Memory 1","damage_taken":0,"max_hp_gain":0,"max_hp_loss":0,"event_name":"SensoryStone","floor":44,"gold_loss":0}],"is_beta":false,"boss_relics":[{"not_picked":["Empty Cage","Velvet Choker"],"picked":"Sozu"},{"not_picked":["Busted Crown","Black Star"],"picked":"Philosopher\u0027s Stone"}],"items_purged_floors":[21,38,42],"is_endless":false,"potions_floor_spawned":[1,12,14,16,22,29,31,41,45],"killed_by":"The Heart","ascension_level":15}