{"gold_per_floor":[209,224,243,243,257,257,53,53,80,80,123,148,192,207,207,302,302,323,323,342,360,1,32,52,93,142,161,177,177],"floor_reached":29,"playtime":1970,"items_purged":["Strike_G"],"score":608,"play_id":"64ffd738-a59b-48f3-a8ba-15d9f4486492","local_time":"20190517224404","is_ascension_mode":true,"campfire_choices":[{"data":"Neutralize","floor":6.0,"key":"SMITH"},{"data":"Survivor","floor":10.0,"key":"SMITH"},{"data":"Cloak And Dagger","floor":15.0,"key":"SMITH"}],"neow_cost":"NONE","seed_source_timestamp":286920037466116,"circlet_count":0,"master_deck":["AscendersBane","Defend_G","Defend_G","Defend_G","Defend_G","Defend_G","Strike_G","Strike_G","Strike_G","Survivor+1","Neutralize+1","Well Laid Plans","Masterful Stab","Caltrops","Choke","Dash","Crippling Poison","Infinite Blades","Endless Agony","Sucker Punch","Cloak And Dagger+1","Corpse Explosion","Dagger Throw+1","Leg Sweep","PiercingWail","Cloak And Dagger","Calculated Gamble","Dagger Spray","Well Laid Plans+1","Cloak And Dagger+1","Prepared+1","Skewer+1"],"special_seed":0,"relics":["Ring of the Snake","Golden Idol","Bronze Scales","Strawberry","Ninja Scroll","Fusion Hammer","FaceOfCleric","Membership Card","PreservedInsect","Toxic Egg 2","Ancient Tea Set"],"potions_floor_usage":[29],"damage_taken":[{"damage":0.0,"enemies":"Small Slimes","floor":1.0,"turns":5.0},{"damage":1.0,"enemies":"2 Louse","floor":2.0,"turns":4.0},{"damage":1.0,"enemies":"Cultist","floor":3.0,"turns":4.0},{"damage":6.0,"enemies":"Large Slime","floor":5.0,"turns":8.0},{"damage":1.0,"enemies":"Lagavulin","floor":11.0,"turns":7.0},{"damage":0.0,"enemies":"2 Fungi Beasts","floor":12.0,"turns":2.0},{"damage":21.0,"enemies":"Gremlin Nob","floor":13.0,"turns":4.0},{"damage":0.0,"enemies":"Gremlin Gang","floor":14.0,"turns":4.0},{"damage":7.0,"enemies":"The Guardian","floor":16.0,"turns":10.0},{"damage":12.0,"enemies":"Shell Parasite","floor":18.0,"turns":4.0},{"damage":1.0,"enemies":"2 Thieves","floor":20.0,"turns":3.0},{"damage":7.0,"enemies":"Snake Plant","floor":21.0,"turns":3.0},{"damage":0.0,"enemies":"Book of Stabbing","floor":23.0,"turns":4.0},{"damage":2.0,"enemies":"Snecko","floor":24.0,"turns":5.0},{"damage":11.0,"enemies":"Gremlin Leader","floor":25.0,"turns":6.0},{"damage":2.0,"enemies":"Centurion and Healer","floor":27.0,"turns":4.0},{"damage":10.0,"enemies":"Snake Plant","floor":28.0,"turns":4.0},{"damage":25,"enemies":"Shelled Parasite and Fungi","floor":29,"turns":2}],"seed_played":"919067306155472220","potions_obtained":[{"floor":2.0,"key":"GamblersBrew"},{"floor":5.0,"key":"Dexterity Potion"},{"floor":12.0,"key":"SteroidPotion"},{"floor":13.0,"key":"SkillPotion"},{"floor":14.0,"key":"SkillPotion"},{"floor":21.0,"key":"LiquidBronze"},{"floor":23.0,"key":"Block Potion"},{"floor":28.0,"key":"Poison Potion"}],"is_trial":false,"path_per_floor":["M","M","M","?","M","R","$","?","T","R","E","M","E","M","R","B",null,"M","?","M","M","$","E","M","E","T","M","M","M"],"character_chosen":"THE_SILENT","items_purchased":["Dash","Crippling Poison","Infinite Blades","Membership Card","Energy Potion","Cloak And Dagger","Calculated Gamble"],"campfire_rested":0,"item_purchase_floors":[7,7,7,22,22,22,22],"current_hp_per_floor":[59,58,57,50,44,44,44,44,44,44,50,50,29,29,29,22,56,44,44,44,38,38,39,38,28,28,27,18,0],"gold":177,"neow_bonus":"HUNDRED_GOLD","is_prod":false,"is_daily":false,"chose_seed":false,"campfire_upgraded":3,"win_rate":0,"timestamp":1558147444,"path_taken":["M","M","M","?","M","R","$","?","T","R","E","M","E","M","R","BOSS","M","?","M","?","$","E","M","E","T","M","M","M"],"build_version":"2019-01-23","purchased_purges":1,"victory":false,"max_hp_per_floor":[66,66,66,66,66,66,66,60,60,60,67,67,67,67,67,67,67,67,67,68,69,69,70,71,72,72,73,74,74],"card_choices":[{"not_picked":["Cloak And Dagger","Dodge and Roll"],"picked":"Well Laid Plans","floor":1.0},{"not_picked":["Sucker Punch","Crippling Poison"],"picked":"Masterful Stab","floor":2.0},{"not_picked":["Bane","Wraith Form v2"],"picked":"Caltrops","floor":3.0},{"not_picked":["Endless Agony","Acrobatics"],"picked":"Choke","floor":5.0},{"not_picked":["Flying Knee","Calculated Gamble"],"picked":"Endless Agony","floor":11.0},{"not_picked":["Bane","Outmaneuver"],"picked":"Sucker Punch","floor":12.0},{"not_picked":["Tactician","Dagger Throw"],"picked":"Cloak And Dagger","floor":13.0},{"not_picked":["Distraction","Slice","Outmaneuver"],"picked":"SKIP","floor":14.0},{"not_picked":["Venomology","Tools of the Trade"],"picked":"Corpse Explosion","floor":16.0},{"not_picked":["Endless Agony","Cloak And Dagger"],"picked":"Dagger Throw+1","floor":18.0},{"not_picked":["Accuracy","Blade Dance"],"picked":"Leg Sweep","floor":20.0},{"not_picked":["Slice","Deadly Poison"],"picked":"PiercingWail","floor":21.0},{"not_picked":["Burst","Quick Slash"],"picked":"Dagger Spray","floor":23.0},{"not_picked":["Reflex+1","Sucker Punch"],"picked":"Well Laid Plans+1","floor":24.0},{"not_picked":["Infinite Blades+1","All Out Attack"],"picked":"Cloak And Dagger","floor":25.0},{"not_picked":["Underhanded Strike","Dodge and Roll+1"],"picked":"Prepared+1","floor":27.0},{"not_picked":["Well Laid Plans","Flying Knee"],"picked":"Skewer+1","floor":28.0}],"player_experience":698839,"relics_obtained":[{"floor":9.0,"key":"Bronze Scales"},{"floor":11.0,"key":"Strawberry"},{"floor":13.0,"key":"Ninja Scroll"},{"floor":23.0,"key":"PreservedInsect"},{"floor":25.0,"key":"Toxic Egg 2"},{"floor":26.0,"key":"Ancient Tea Set"}],"event_choices":[{"cards_removed":["Strike_G"],"damage_healed":0.0,"max_hp_gain":0.0,"max_hp_loss":0.0,"gold_gain":0.0,"event_name":"Golden Wing","player_choice":"Card Removal","floor":4.0,"gold_loss":0.0,"damage_taken":7.0},{"damage_healed":0.0,"max_hp_gain":0.0,"max_hp_loss":6.0,"gold_gain":0.0,"event_name":"Golden Idol","player_choice":"Lose Max HP","floor":8.0,"gold_loss":0.0,"damage_taken":0.0,"relics_obtained":["Golden Idol"]},{"damage_healed":0.0,"max_hp_gain":0.0,"max_hp_loss":0.0,"gold_gain":0.0,"event_name":"FaceTrader","player_choice":"Trade","floor":19.0,"gold_loss":0.0,"damage_taken":0.0,"relics_obtained":["FaceOfCleric"]}],"is_beta":false,"boss_relics":[{"not_picked":["White Beast Statue","Runic Pyramid"],"picked":"Fusion Hammer"}],"items_purged_floors":[22],"is_endless":false,"potions_floor_spawned":[2,5,12,13,14,21,23,28],"killed_by":"Shelled Parasite and Fungi","ascension_level":20}