{"gold_per_floor":[111,286,298,317,21,47,47,78,102,102,114,69,69,99,99,200,200,187,187,201,211,211,211],"floor_reached":23,"playtime":2015,"items_purged":["Doubt"],"score":334,"play_id":"ce9985a2-534b-4870-88a8-52799c384128","local_time":"20190503231641","is_ascension_mode":true,"campfire_choices":[{"data":"Sucker Punch","floor":7,"key":"SMITH"},{"floor":10,"key":"REST"},{"floor":15,"key":"REST"}],"neow_cost":"NONE","seed_source_timestamp":5133061286184009,"circlet_count":0,"master_deck":["AscendersBane","Defend_G","Defend_G","Defend_G","Defend_G","Defend_G","Strike_G","Strike_G","Strike_G","Strike_G","Survivor","Neutralize+1","Escape Plan","Flying Knee","Sucker Punch+1","Caltrops","Calculated Gamble","Footwork+1","Dodge and Roll","Envenom","Die Die Die","Cloak And Dagger+1","Injury"],"relics":["Ring of the Snake","Anchor","Regal Pillow","Art of War","Vajra","Bottled Tornado","Cursed Key","Dream Catcher"],"potions_floor_usage":[8,23,23],"damage_taken":[{"damage":0,"enemies":"Small Slimes","floor":1,"turns":6},{"damage":0,"enemies":"Jaw Worm","floor":3,"turns":4},{"damage":0,"enemies":"Cultist","floor":4,"turns":4},{"damage":19,"enemies":"3 Sentries","floor":6,"turns":11},{"damage":32,"enemies":"Gremlin Nob","floor":8,"turns":6},{"damage":13,"enemies":"Exordium Thugs","floor":11,"turns":7},{"damage":10,"enemies":"Lagavulin","floor":14,"turns":7},{"damage":26,"enemies":"The Guardian","floor":16,"turns":15},{"damage":1,"enemies":"2 Thieves","floor":18,"turns":4},{"damage":28,"enemies":"Chosen","floor":20,"turns":7},{"damage":21,"enemies":"Sentry and Sphere","floor":21,"turns":8},{"damage":15,"enemies":"Gremlin Leader","floor":23,"turns":3}],"seed_played":"245858058865598125","potions_obtained":[{"floor":1,"key":"Regen Potion"},{"floor":16,"key":"PowerPotion"},{"floor":20,"key":"Poison Potion"},{"floor":21,"key":"Energy Potion"}],"is_trial":false,"path_per_floor":["M","?","M","M","$","E","R","E","T","R","M","$","?","E","R","B",null,"M","?","M","M","T","E"],"character_chosen":"THE_SILENT","items_purchased":["Anchor","Caltrops","Dodge and Roll"],"campfire_rested":2,"item_purchase_floors":[5,5,12],"current_hp_per_floor":[63,63,63,63,63,44,44,27,27,63,50,50,50,40,70,44,64,63,63,35,14,14,0],"gold":211,"neow_bonus":"UPGRADE_CARD","is_prod":false,"is_daily":false,"chose_seed":false,"campfire_upgraded":1,"win_rate":0,"timestamp":1556939801,"path_taken":["M","?","M","M","$","E","R","E","T","R","M","$","?","E","R","BOSS","M","?","M","?","?","E"],"build_version":"2019-01-23","purchased_purges":1,"victory":false,"max_hp_per_floor":[70,70,70,70,70,70,70,70,70,70,70,70,70,70,70,70,70,70,70,70,70,70,70],"card_choices":[{"not_picked":["Underhanded Strike","Blade Dance"],"picked":"Escape Plan","floor":1},{"not_picked":["Backflip","Poisoned Stab"],"picked":"Flying Knee","floor":3},{"not_picked":["Accuracy","Dagger Throw"],"picked":"Sucker Punch","floor":4},{"not_picked":["Deadly Poison","Burst"],"picked":"Calculated Gamble","floor":6},{"not_picked":["Noxious Fumes","Backstab"],"picked":"Footwork","floor":8},{"not_picked":["Blade Dance","Sucker Punch","Slice"],"picked":"SKIP","floor":11},{"not_picked":["Underhanded Strike","Concentrate","Reflex"],"picked":"SKIP","floor":14},{"not_picked":["Unload","A Thousand Cuts"],"picked":"Envenom","floor":16},{"not_picked":["Setup","Expertise","Eviscerate"],"picked":"SKIP","floor":18},{"not_picked":["Endless Agony","Sucker Punch"],"picked":"Cloak And Dagger+1","floor":20},{"not_picked":["Masterful Stab","Slice","Quick Slash"],"picked":"SKIP","floor":21}],"player_experience":290549,"relics_obtained":[{"floor":6,"key":"Regal Pillow"},{"floor":8,"key":"Art of War"},{"floor":9,"key":"Vajra"},{"floor":14,"key":"Bottled Tornado"},{"floor":22,"key":"Dream Catcher"}],"event_choices":[{"damage_healed":0,"gold_gain":175,"player_choice":"AGREE","damage_taken":0,"max_hp_gain":0,"max_hp_loss":0,"event_name":"Liars Game","floor":2,"gold_loss":0,"cards_obtained":["Doubt"]},{"damage_healed":0,"gold_gain":0,"player_choice":"Grow","damage_taken":0,"max_hp_gain":0,"max_hp_loss":0,"event_name":"Living Wall","floor":13,"gold_loss":0,"cards_upgraded":["Footwork"]},{"damage_healed":0,"gold_gain":0,"cards_transformed":["Strike_G"],"player_choice":"Transformed","damage_taken":0,"max_hp_gain":0,"max_hp_loss":0,"event_name":"Transmorgrifier","floor":19,"gold_loss":0,"cards_obtained":["Die Die Die"]}],"is_beta":false,"boss_relics":[{"not_picked":["Runic Pyramid","Fusion Hammer"],"picked":"Cursed Key"}],"items_purged_floors":[5],"is_endless":false,"potions_floor_spawned":[1,16,20,21],"killed_by":"Gremlin Leader","ascension_level":12}