{"gold_per_floor":[114,129,144,159,174,174,189,189,189,204,234,234,249,264,264,364,364,379,87,87,187,38,38,53,53,78,90,102,129,156,83,95,207,219,246,273,385,397,424,436,448,475,487,514,526,538,565,0,12,24],"floor_reached":51,"playtime":3770,"items_purged":["Defend_G","Tools of the Trade"],"score":703,"play_id":"53f82e4b-678b-4dc4-b09d-75dd086307be","local_time":"20190210191333","daily_mods":["Specialized","Vintage","Terminal"],"is_ascension_mode":false,"campfire_choices":[{"data":"Crippling Poison","floor":6,"key":"SMITH"},{"floor":8,"key":"DIG"},{"data":"Crippling Poison","floor":12,"key":"SMITH"},{"data":"Crippling Poison","floor":15,"key":"SMITH"},{"data":"Poisoned Stab","floor":23,"key":"SMITH"},{"data":"Noxious Fumes","floor":25,"key":"SMITH"},{"data":"Crippling Poison","floor":28,"key":"SMITH"},{"data":"Crippling Poison","floor":32,"key":"SMITH"},{"floor":40,"key":"REST"},{"data":"Storm of Steel","floor":41,"key":"SMITH"},{"floor":45,"key":"REST"},{"data":"Madness","floor":49,"key":"SMITH"}],"neow_cost":"","seed_source_timestamp":0,"circlet_count":0,"master_deck":["Defend_G","Defend_G","Defend_G","Defend_G","Strike_G","Strike_G","Strike_G","Strike_G","Strike_G","Survivor","Neutralize","Crippling Poison+1","Crippling Poison+1","Crippling Poison+1","Crippling Poison+1","Crippling Poison+1","Poisoned Stab+1","Heel Hook","Bandage Up","Noxious Fumes+1","Poisoned Stab+1","Flying Knee","Storm of Steel+1","Madness+1","Madness"],"special_seed":17938,"relics":["Ring of the Snake","Tingsha","Mummified Hand","Shuriken","Torii","WingedGreaves","Shovel","Snake Skull","Meat on the Bone","Question Card","Ginger","Juzu Bracelet","Runic Pyramid","Bag of Preparation","Nloth\u0027s Gift","Incense Burner","Letter Opener","Bottled Tornado","MawBank","Orichalcum","Potion Belt","Matryoshka","Lizard Tail","Blue Candle","The Courier","Molten Egg 2","Omamori","Pen Nib","Dead Branch","Oddly Smooth Stone","Mercury Hourglass","Red Mask"],"potions_floor_usage":[],"damage_taken":[{"damage":1,"enemies":"Cultist","floor":1,"turns":4},{"damage":3,"enemies":"Jaw Worm","floor":2,"turns":6},{"damage":0,"enemies":"2 Louse","floor":3,"turns":2},{"damage":11,"enemies":"Large Slime","floor":4,"turns":9},{"damage":8,"enemies":"Gremlin Gang","floor":5,"turns":4},{"damage":0,"enemies":"2 Fungi Beasts","floor":7,"turns":3},{"damage":1,"enemies":"Blue Slaver","floor":10,"turns":4},{"damage":2,"enemies":"Lagavulin","floor":11,"turns":6},{"damage":0,"enemies":"Looter","floor":13,"turns":4},{"damage":1,"enemies":"2 Fungi Beasts","floor":14,"turns":3},{"damage":2,"enemies":"The Guardian","floor":16,"turns":9},{"damage":0,"enemies":"3 Byrds","floor":18,"turns":3},{"damage":2,"enemies":"Colosseum Slavers","floor":21,"turns":4},{"damage":2,"enemies":"Colosseum Nobs","floor":21,"turns":4},{"damage":9,"enemies":"2 Thieves","floor":24,"turns":3},{"damage":0,"enemies":"Centurion and Healer","floor":29,"turns":4},{"damage":1,"enemies":"3 Cultists","floor":30,"turns":3},{"damage":10,"enemies":"Collector","floor":33,"turns":6},{"damage":1,"enemies":"3 Darklings","floor":35,"turns":3},{"damage":1,"enemies":"Orb Walker","floor":36,"turns":4},{"damage":11,"enemies":"Sphere and 2 Shapes","floor":39,"turns":4},{"damage":17,"enemies":"Maw","floor":42,"turns":6},{"damage":0,"enemies":"4 Shapes","floor":44,"turns":3},{"damage":19,"enemies":"Jaw Worm Horde","floor":47,"turns":3},{"damage":22,"enemies":"Donu and Deca","floor":50,"turns":6}],"seed_played":"6339212738474030288","potions_obtained":[{"floor":3,"key":"Fire Potion"},{"floor":11,"key":"SpeedPotion"},{"floor":13,"key":"PowerPotion"},{"floor":14,"key":"Regen Potion"},{"floor":29,"key":"AttackPotion"},{"floor":30,"key":"Poison Potion"},{"floor":47,"key":"Poison Potion"}],"is_trial":false,"path_per_floor":["M","M","M","M","M","R","M","R","T","M","E","R","M","M","R","B",null,"M","$","?","?","$","R","M","R","T","?","R","M","M","?","R","B",null,"M","M","?","?","M","R","R","M","T","M","R","?","M","?","R","B",null],"character_chosen":"THE_SILENT","items_purchased":["Heel Hook","Bandage Up","Noxious Fumes","Flying Knee"],"campfire_rested":2,"item_purchase_floors":[19,19,19,22],"current_hp_per_floor":[68,65,65,54,46,46,46,46,46,45,43,43,43,42,42,40,52,51,50,49,48,47,46,41,41,41,41,41,40,39,38,37,31,35,34,33,32,28,21,29,28,15,15,15,22,22,15,15,15,19],"gold":36,"neow_bonus":"","is_prod":false,"is_daily":true,"chose_seed":false,"campfire_upgraded":9,"win_rate":0.0,"timestamp":1549847613,"path_taken":["M","M","M","M","M","R","M","R","T","M","E","R","M","M","R","BOSS","M","?","?","?","$","R","M","R","T","?","R","M","M","?","R","BOSS","M","M","?","?","M","R","R","M","T","M","R","?","M","?","R","BOSS"],"build_version":"2019-01-23","purchased_purges":2,"victory":true,"max_hp_per_floor":[68,67,66,65,64,63,62,61,60,59,58,57,56,55,54,53,52,51,50,49,48,47,46,45,44,43,42,41,40,39,38,37,36,35,34,33,32,31,30,29,28,27,26,25,24,23,22,21,20,19],"card_choices":[{"not_picked":["Backflip","Reflex","PiercingWail"],"picked":"Poisoned Stab","floor":11},{"not_picked":["Bullet Time","Grand Finale","After Image"],"picked":"Tools of the Trade","floor":16},{"not_picked":["Prepared","Acrobatics","Slice"],"picked":"Poisoned Stab+1","floor":21},{"not_picked":["Venomology","Night Terror","Die Die Die"],"picked":"Storm of Steel","floor":33}],"player_experience":36984,"relics_obtained":[{"floor":1,"key":"Tingsha"},{"floor":2,"key":"Mummified Hand"},{"floor":3,"key":"Shuriken"},{"floor":4,"key":"Torii"},{"floor":5,"key":"WingedGreaves"},{"floor":7,"key":"Shovel"},{"floor":8,"key":"Snake Skull"},{"floor":9,"key":"Meat on the Bone"},{"floor":10,"key":"Question Card"},{"floor":11,"key":"Ginger"},{"floor":13,"key":"Smiling Mask"},{"floor":14,"key":"Juzu Bracelet"},{"floor":18,"key":"Bag of Preparation"},{"floor":21,"key":"Incense Burner"},{"floor":21,"key":"Letter Opener"},{"floor":24,"key":"Bottled Tornado"},{"floor":26,"key":"MawBank"},{"floor":29,"key":"Potion Belt"},{"floor":35,"key":"Blue Candle"},{"floor":36,"key":"The Courier"},{"floor":39,"key":"Molten Egg 2"},{"floor":42,"key":"Omamori"},{"floor":43,"key":"Pen Nib"},{"floor":43,"key":"Dead Branch"},{"floor":44,"key":"Oddly Smooth Stone"},{"floor":47,"key":"Mercury Hourglass"}],"event_choices":[{"damage_healed":0,"gold_gain":0,"player_choice":"Traded Relic","damage_taken":0,"relics_obtained":["Nloth\u0027s Gift"],"max_hp_gain":0,"max_hp_loss":0,"event_name":"N\u0027loth","floor":20,"relics_lost":["Smiling Mask"],"gold_loss":0},{"damage_healed":0,"gold_gain":0,"player_choice":"Fight","damage_taken":0,"max_hp_gain":0,"max_hp_loss":0,"event_name":"Colosseum","floor":21,"gold_loss":0},{"damage_healed":0,"gold_gain":0,"player_choice":"Fought Nobs","damage_taken":0,"max_hp_gain":0,"max_hp_loss":0,"event_name":"Colosseum","floor":21,"gold_loss":0},{"damage_healed":0,"gold_gain":0,"player_choice":"Opened","damage_taken":0,"relics_obtained":["Orichalcum"],"max_hp_gain":0,"max_hp_loss":0,"event_name":"The Mausoleum","floor":27,"gold_loss":0},{"damage_healed":0,"gold_gain":0,"player_choice":"Obtained Relic","damage_taken":0,"relics_obtained":["Matryoshka"],"max_hp_gain":0,"max_hp_loss":0,"event_name":"Addict","floor":31,"gold_loss":85},{"damage_healed":0,"gold_gain":100,"player_choice":"Pray","damage_taken":0,"max_hp_gain":0,"max_hp_loss":0,"event_name":"Golden Shrine","floor":37,"gold_loss":0},{"damage_healed":0,"gold_gain":0,"player_choice":"Embrace Madness","damage_taken":4,"max_hp_gain":0,"max_hp_loss":0,"event_name":"Winding Halls","floor":38,"gold_loss":0,"cards_obtained":["Madness","Madness"]},{"damage_healed":0,"gold_gain":0,"player_choice":"Memory 1","damage_taken":0,"max_hp_gain":0,"max_hp_loss":0,"event_name":"SensoryStone","floor":46,"gold_loss":0},{"damage_healed":0,"gold_gain":0,"player_choice":"Paid","damage_taken":0,"relics_obtained":["Red Mask"],"max_hp_gain":0,"max_hp_loss":0,"event_name":"Tomb of Lord Red Mask","floor":48,"gold_loss":577}],"is_beta":false,"boss_relics":[{"not_picked":["Runic Dome","White Beast Statue"],"picked":"Runic Pyramid"},{"not_picked":["Black Star","Snecko Eye"],"picked":"Lizard Tail"}],"items_purged_floors":[19,22],"is_endless":false,"potions_floor_spawned":[3,11,13,14,18,29,30,33,35,47],"ascension_level":0}