{"gold_per_floor":[112,112,61,72,72,105,120,151,151,151,185,185,211,222,222,323,323,342,342,353,134,149,182,43,74,97,128,128,160,3,28,28,131,131,150,169,169,188,202,229,245,277,277,292,292,317,317,343,343,343],"floor_reached":51,"playtime":6082,"items_purged":["Strike_B","Defend_B"],"score":1142,"play_id":"99ccbe1c-17ed-401c-999b-2333d95a15b4","local_time":"20190425223814","is_ascension_mode":true,"campfire_choices":[{"data":"Defragment","floor":10,"key":"SMITH"},{"data":"Chill","floor":15,"key":"SMITH"},{"data":"Buffer","floor":28,"key":"SMITH"},{"data":"Machine Learning","floor":32,"key":"SMITH"},{"data":"Creative AI","floor":45,"key":"SMITH"},{"data":"1","floor":47,"key":"LIFT"},{"data":"Static Discharge","floor":49,"key":"SMITH"}],"neow_cost":"NONE","seed_source_timestamp":4435459301868600,"circlet_count":0,"master_deck":["Strike_B","Defend_B","Zap","Dualcast","Chill+1","Go for the Eyes","Defragment+1","Ball Lightning","Conserve Battery","Reprogram","Multi-Cast","Coolheaded+1","Buffer+1","Glacier","Static Discharge","Self Repair","Self Repair+1","Seek+1","Machine Learning+1","Creative AI+1","Machine Learning","Chill+1","Cold Snap+1","Static Discharge+1","Static Discharge+1","All For One"],"relics":["Cracked Core","Mercury Hourglass","Girya","Blood Vial","Mango","Boot","Pen Nib","Inserter","Happy Flower","Gambling Chip","Mummified Hand","PreservedInsect","Bag of Preparation","War Paint","Lantern","Red Mask","Philosopher\u0027s Stone","Anchor","Strawberry","Gremlin Horn","Bag of Marbles","Ice Cream"],"potions_floor_usage":[11,13,23,23,25,33,50,50,50],"damage_taken":[{"damage":7,"enemies":"Jaw Worm","floor":1,"turns":4},{"damage":0,"enemies":"Small Slimes","floor":4,"turns":2},{"damage":3,"enemies":"3 Sentries","floor":6,"turns":6},{"damage":0,"enemies":"Cultist","floor":7,"turns":2},{"damage":16,"enemies":"Lagavulin","floor":8,"turns":6},{"damage":4,"enemies":"3 Sentries","floor":11,"turns":7},{"damage":7,"enemies":"Gremlin Nob","floor":13,"turns":3},{"damage":0,"enemies":"Exordium Wildlife","floor":14,"turns":3},{"damage":22,"enemies":"The Guardian","floor":16,"turns":9},{"damage":0,"enemies":"Chosen","floor":18,"turns":5},{"damage":11,"enemies":"Spheric Guardian","floor":20,"turns":5},{"damage":9,"enemies":"Centurion and Healer","floor":22,"turns":9},{"damage":9,"enemies":"Book of Stabbing","floor":23,"turns":6},{"damage":16,"enemies":"Gremlin Leader","floor":25,"turns":5},{"damage":30,"enemies":"Slavers","floor":27,"turns":5},{"damage":0,"enemies":"Gremlin Leader","floor":29,"turns":6},{"damage":0,"enemies":"Masked Bandits","floor":31,"turns":5},{"damage":20,"enemies":"Automaton","floor":33,"turns":10},{"damage":0,"enemies":"Orb Walker","floor":35,"turns":4},{"damage":17,"enemies":"3 Darklings","floor":36,"turns":6},{"damage":0,"enemies":"Maw","floor":38,"turns":7},{"damage":0,"enemies":"Sphere and 2 Shapes","floor":39,"turns":5},{"damage":0,"enemies":"Nemesis","floor":40,"turns":5},{"damage":25,"enemies":"4 Shapes","floor":41,"turns":4},{"damage":0,"enemies":"Reptomancer","floor":42,"turns":6},{"damage":0,"enemies":"3 Darklings","floor":44,"turns":5},{"damage":0,"enemies":"Giant Head","floor":46,"turns":9},{"damage":15,"enemies":"Nemesis","floor":48,"turns":3},{"damage":0,"enemies":"Donu and Deca","floor":50,"turns":8}],"seed_played":"6205245770392301755","potions_obtained":[{"floor":4,"key":"FearPotion"},{"floor":8,"key":"SkillPotion"},{"floor":11,"key":"SpeedPotion"},{"floor":16,"key":"Weak Potion"},{"floor":20,"key":"Fire Potion"},{"floor":23,"key":"Fire Potion"},{"floor":31,"key":"Explosive Potion"},{"floor":33,"key":"FearPotion"},{"floor":35,"key":"EssenceOfSteel"},{"floor":44,"key":"LiquidBronze"},{"floor":46,"key":"Strength Potion"}],"is_trial":false,"path_per_floor":["M","?","?","M","?","E","M","E","T","R","E","?","E","M","R","B",null,"M","?","M","$","M","E","$","E","T","E","R","E","$","?","R","B",null,"M","M","?","M","M","E","M","E","T","M","R","E","R","E","R","B",null],"character_chosen":"DEFECT","items_purchased":["Happy Flower","Self Repair","Lantern"],"campfire_rested":0,"item_purchase_floors":[21,24,30],"current_hp_per_floor":[68,61,61,61,66,63,63,47,61,61,59,59,54,56,56,36,94,94,94,83,83,76,69,69,62,62,51,51,70,70,89,89,88,94,94,94,94,94,94,94,86,101,101,101,101,101,101,96,96,101],"gold":343,"neow_bonus":"TRANSFORM_CARD","is_prod":false,"is_daily":false,"chose_seed":false,"campfire_upgraded":6,"win_rate":0,"timestamp":1556246294,"path_taken":["M","?","?","?","?","E","M","E","T","R","E","?","E","M","R","BOSS","M","?","M","$","M","E","?","E","T","E","R","E","$","?","R","BOSS","M","M","?","?","M","E","M","E","T","?","R","E","R","E","R","BOSS"],"build_version":"2019-01-23","purchased_purges":2,"victory":true,"max_hp_per_floor":[75,75,75,75,80,80,80,80,94,94,94,94,94,94,94,94,94,94,94,94,94,94,94,94,94,94,94,94,94,94,94,94,94,94,94,94,94,94,94,94,94,101,101,101,101,101,101,101,101,101],"card_choices":[{"not_picked":["Gash","Chaos"],"picked":"Go for the Eyes","floor":1},{"not_picked":["Stack","Gash"],"picked":"Defragment","floor":4},{"not_picked":["Melter","Compile Driver"],"picked":"Ball Lightning","floor":6},{"not_picked":["Go for the Eyes","Force Field"],"picked":"Conserve Battery","floor":7},{"not_picked":["Gash","Compile Driver"],"picked":"Reprogram","floor":8},{"not_picked":["Steam","Beam Cell"],"picked":"Multi-Cast","floor":11},{"not_picked":["Stack","Streamline","Biased Cognition"],"picked":"SKIP","floor":13},{"not_picked":["Go for the Eyes","Force Field"],"picked":"Coolheaded","floor":14},{"not_picked":["Thunder Strike","Core Surge"],"picked":"Buffer","floor":16},{"not_picked":["Aggregate","Steam"],"picked":"Glacier","floor":18},{"not_picked":["Rebound","Hologram","Leap"],"picked":"SKIP","floor":20},{"not_picked":["Steam Power+1","Tempest"],"picked":"Static Discharge","floor":22},{"not_picked":["Stack+1","Double Energy","Rebound"],"picked":"SKIP","floor":23},{"not_picked":["Sweeping Beam","Redo"],"picked":"Self Repair+1","floor":25},{"not_picked":["Go for the Eyes","Stack+1"],"picked":"Seek","floor":27},{"not_picked":["Conserve Battery","Reprogram"],"picked":"Machine Learning","floor":29},{"not_picked":["Machine Learning","Amplify"],"picked":"Creative AI","floor":33},{"not_picked":["Stack","Streamline","Auto Shields+1"],"picked":"SKIP","floor":35},{"not_picked":["Darkness","Gash","Leap"],"picked":"SKIP","floor":36},{"not_picked":["Leap+1","Stack+1"],"picked":"Chill+1","floor":38},{"not_picked":["Sweeping Beam+1","Darkness"],"picked":"Cold Snap+1","floor":39},{"not_picked":["Amplify","Steam"],"picked":"Static Discharge+1","floor":40},{"not_picked":["Rebound","Turbo","Steam+1"],"picked":"SKIP","floor":41},{"not_picked":["Streamline","Go for the Eyes","Reinforced Body"],"picked":"SKIP","floor":42},{"not_picked":["Beam Cell","FTL","Coolheaded"],"picked":"SKIP","floor":44},{"not_picked":["Steam+1","Genetic Algorithm+1"],"picked":"Static Discharge","floor":46},{"not_picked":["Go for the Eyes","Streamline"],"picked":"All For One","floor":48}],"player_experience":148082,"relics_obtained":[{"floor":6,"key":"Girya"},{"floor":8,"key":"Blood Vial"},{"floor":9,"key":"Mango"},{"floor":11,"key":"Boot"},{"floor":13,"key":"Pen Nib"},{"floor":23,"key":"Gambling Chip"},{"floor":25,"key":"Mummified Hand"},{"floor":26,"key":"PreservedInsect"},{"floor":27,"key":"Bag of Preparation"},{"floor":29,"key":"War Paint"},{"floor":31,"key":"Red Mask"},{"floor":40,"key":"Anchor"},{"floor":42,"key":"Strawberry"},{"floor":43,"key":"Gremlin Horn"},{"floor":46,"key":"Bag of Marbles"},{"floor":48,"key":"Ice Cream"}],"event_choices":[{"cards_removed":["Defend_B"],"damage_healed":0,"gold_gain":0,"player_choice":"Card Removal","damage_taken":7,"max_hp_gain":0,"max_hp_loss":0,"event_name":"Golden Wing","floor":2,"gold_loss":0},{"damage_healed":0,"gold_gain":0,"player_choice":"Paid Gold","damage_taken":0,"relics_obtained":["Mercury Hourglass"],"max_hp_gain":0,"max_hp_loss":0,"event_name":"WeMeetAgain","floor":3,"gold_loss":51},{"damage_healed":0,"gold_gain":0,"player_choice":"Donut","damage_taken":0,"max_hp_gain":5,"max_hp_loss":0,"event_name":"Big Fish","floor":5,"gold_loss":0},{"cards_removed":["Strike_B"],"damage_healed":0,"gold_gain":0,"player_choice":"Forget","damage_taken":0,"max_hp_gain":0,"max_hp_loss":0,"event_name":"Living Wall","floor":12,"gold_loss":0},{"cards_removed":["Defend_B"],"damage_healed":0,"gold_gain":0,"player_choice":"Offered Basic","damage_taken":0,"max_hp_gain":0,"max_hp_loss":0,"event_name":"Bonfire Elementals","floor":19,"gold_loss":0},{"damage_healed":0,"gold_gain":0,"player_choice":"Fought Bandits","damage_taken":0,"max_hp_gain":0,"max_hp_loss":0,"event_name":"Masked Bandits","floor":31,"gold_loss":0},{"damage_healed":0,"gold_gain":0,"player_choice":"1 cards matched","damage_taken":0,"max_hp_gain":0,"max_hp_loss":0,"event_name":"Match and Keep!","floor":37,"gold_loss":0,"cards_obtained":["Machine Learning"]}],"is_beta":false,"boss_relics":[{"not_picked":["White Beast Statue","Empty Cage"],"picked":"Inserter"},{"not_picked":["Tiny House","Calling Bell"],"picked":"Philosopher\u0027s Stone"}],"items_purged_floors":[21,24],"is_endless":false,"potions_floor_spawned":[4,8,11,16,20,23,31,33,35,40,44,46],"ascension_level":3}