{"gold_per_floor":[116,116,116,116,129,129,155,169,250,263,263,275,295,329,329,403,403,423,338,131,144,154,154,173,173],"floor_reached":25,"playtime":1174,"items_purged":["Strike_B"],"score":430,"play_id":"ef58f7d8-e291-49d6-bee5-4baf61687c9d","local_time":"20190525152717","is_ascension_mode":true,"campfire_choices":[{"data":"Zap","floor":6.0,"key":"SMITH"},{"data":"Sweeping Beam","floor":11.0,"key":"SMITH"},{"floor":15,"key":"REST"},{"floor":23,"key":"REST"}],"neow_cost":"NONE","seed_source_timestamp":423855571663248,"circlet_count":0,"master_deck":["AscendersBane","Strike_B","Strike_B","Strike_B","Defend_B","Defend_B","Defend_B","Defend_B","Zap+1","Dualcast","Capacitor","Go for the Eyes","Ball Lightning","Sweeping Beam+1","Beam Cell","Defragment","Biased Cognition","Doom and Gloom","Steam","Hologram","Cold Snap"],"special_seed":0,"relics":["Cracked Core","Incense Burner","Shuriken","Letter Opener","Unceasing Top","Busted Crown","Orichalcum"],"potions_floor_usage":[16,16,24],"damage_taken":[{"damage":4.0,"enemies":"Small Slimes","floor":1.0,"turns":3.0},{"damage":12.0,"enemies":"Jaw Worm","floor":5.0,"turns":3.0},{"damage":9.0,"enemies":"Gremlin Nob","floor":7.0,"turns":4.0},{"damage":2.0,"enemies":"2 Louse","floor":8.0,"turns":2.0},{"damage":8.0,"enemies":"Blue Slaver","floor":10.0,"turns":3.0},{"damage":7.0,"enemies":"3 Louse","floor":12.0,"turns":3.0},{"damage":3.0,"enemies":"Exordium Thugs","floor":13.0,"turns":3.0},{"damage":15,"enemies":"3 Sentries","floor":14,"turns":6},{"damage":27,"enemies":"Hexaghost","floor":16,"turns":8},{"damage":27,"enemies":"Spheric Guardian","floor":18,"turns":4},{"damage":28,"enemies":"2 Thieves","floor":21,"turns":3},{"damage":10,"enemies":"Chosen and Byrds","floor":22,"turns":5},{"damage":2,"enemies":"Snecko","floor":24,"turns":5},{"damage":26,"enemies":"Book of Stabbing","floor":25,"turns":3}],"seed_played":"8915065999328122313","potions_obtained":[{"floor":1.0,"key":"EntropicBrew"},{"floor":5.0,"key":"FearPotion"},{"floor":13.0,"key":"Weak Potion"},{"floor":14,"key":"Swift Potion"},{"floor":21,"key":"FocusPotion"},{"floor":22,"key":"Swift Potion"},{"floor":24,"key":"SneckoOil"}],"is_trial":false,"path_per_floor":["M","?","T","?","M","R","E","M","T","M","R","M","M","E","R","B",null,"M","?","$","M","M","R","M","E"],"character_chosen":"DEFECT","items_purchased":["Doom and Gloom","Steam"],"campfire_rested":2,"item_purchase_floors":[20,20],"current_hp_per_floor":[67,72,72,72,60,60,51,49,49,41,41,34,31,16,40,13,66,39,39,39,11,1,25,23,0],"gold":173,"neow_bonus":"TEN_PERCENT_HP_BONUS","is_prod":false,"is_daily":false,"chose_seed":false,"campfire_upgraded":2,"win_rate":0,"timestamp":1558812437,"path_taken":["M","?","?","?","M","R","E","M","T","M","R","M","M","E","R","BOSS","M","?","$","M","M","R","M","E"],"build_version":"2019-01-23","purchased_purges":1,"victory":false,"max_hp_per_floor":[78,83,83,83,83,83,83,83,83,83,83,83,83,83,83,83,83,83,83,83,83,83,83,83,83],"card_choices":[{"not_picked":["Redo","Turbo"],"picked":"Capacitor","floor":1.0},{"not_picked":["Aggregate","Hologram"],"picked":"Go for the Eyes","floor":5.0},{"not_picked":["Sunder","Recycle"],"picked":"Ball Lightning","floor":7.0},{"not_picked":["Go for the Eyes","Streamline"],"picked":"Sweeping Beam","floor":8.0},{"not_picked":["Storm","Leap","Go for the Eyes"],"picked":"SKIP","floor":10.0},{"not_picked":["Thunder Strike","Streamline"],"picked":"Beam Cell","floor":12.0},{"not_picked":["Blizzard","Stack","Turbo"],"picked":"SKIP","floor":13.0},{"not_picked":["Skim","Hello World"],"picked":"Defragment","floor":14},{"not_picked":["Rainbow","Core Surge"],"picked":"Biased Cognition","floor":16},{"not_picked":["Auto Shields"],"picked":"SKIP","floor":18},{"not_picked":[],"picked":"Hologram","floor":21},{"not_picked":[],"picked":"Cold Snap","floor":22},{"not_picked":["Conserve Battery"],"picked":"SKIP","floor":24}],"player_experience":799877,"relics_obtained":[{"floor":3.0,"key":"Incense Burner"},{"floor":7.0,"key":"Shuriken"},{"floor":9.0,"key":"Letter Opener"},{"floor":14,"key":"Unceasing Top"}],"event_choices":[{"damage_healed":0.0,"max_hp_gain":5.0,"max_hp_loss":0.0,"gold_gain":0.0,"event_name":"Big Fish","player_choice":"Donut","floor":2.0,"gold_loss":0.0,"damage_taken":0.0},{"damage_healed":0.0,"max_hp_gain":0.0,"max_hp_loss":0.0,"gold_gain":0.0,"event_name":"The Cleric","player_choice":"Leave","floor":4.0,"gold_loss":0.0,"damage_taken":0.0},{"damage_healed":0,"gold_gain":0,"player_choice":"Obtained Relic","damage_taken":0,"relics_obtained":["Orichalcum"],"max_hp_gain":0,"max_hp_loss":0,"event_name":"Addict","floor":19,"gold_loss":85}],"is_beta":false,"boss_relics":[{"not_picked":["Runic Pyramid","Lizard Tail"],"picked":"Busted Crown"}],"items_purged_floors":[20],"is_endless":false,"potions_floor_spawned":[1,5,13,14,21,22,24],"killed_by":"Book of Stabbing","ascension_level":20}