{"gold_per_floor":[117,70,85,105,120,120,53,66,66,98,117,117,117,129,129,203,203,220,270,185,75,94,109,109,120,146,146,146,159,2,13,13,13],"floor_reached":33,"playtime":1739,"items_purged":["Strike_B"],"score":439,"play_id":"85124a04-9e6b-40d3-866d-61b671b23153","local_time":"20190522161734","is_ascension_mode":true,"campfire_choices":[{"floor":6,"key":"REST"},{"floor":13,"key":"REST"},{"floor":15,"key":"REST"},{"floor":24,"key":"REST"},{"floor":27,"key":"REST"},{"floor":32,"key":"REST"}],"neow_cost":"NONE","seed_source_timestamp":227842571703075,"circlet_count":0,"master_deck":["AscendersBane","Strike_B","Defend_B","Defend_B","Defend_B","Defend_B","Zap+1","Dualcast+1","Rebound","Coolheaded","Compile Driver","Go for the Eyes","Capacitor+1","Tempest","Genetic Algorithm+1","Self Repair","Conserve Battery","Seek","Compile Driver","Steam","Cold Snap","Conserve Battery","Hello World","Coolheaded+1"],"relics":["Cracked Core","Question Card","Mercury Hourglass","Inserter","Cables","War Paint"],"potions_floor_usage":[14,16,29,31,33],"damage_taken":[{"damage":0,"enemies":"Cultist","floor":1,"turns":4},{"damage":7,"enemies":"Small Slimes","floor":3,"turns":3},{"damage":5,"enemies":"Jaw Worm","floor":4,"turns":3},{"damage":24,"enemies":"Exordium Thugs","floor":5,"turns":5},{"damage":8,"enemies":"Blue Slaver","floor":8,"turns":5},{"damage":22,"enemies":"Lagavulin","floor":10,"turns":7},{"damage":6,"enemies":"2 Fungi Beasts","floor":11,"turns":3},{"damage":31,"enemies":"Exordium Thugs","floor":14,"turns":4},{"damage":30,"enemies":"Hexaghost","floor":16,"turns":14},{"damage":31,"enemies":"Spheric Guardian","floor":18,"turns":9},{"damage":8,"enemies":"Chosen","floor":22,"turns":5},{"damage":18,"enemies":"Centurion and Healer","floor":23,"turns":9},{"damage":32,"enemies":"3 Cultists","floor":25,"turns":7},{"damage":17,"enemies":"Snecko","floor":29,"turns":6},{"damage":7,"enemies":"Shelled Parasite and Fungi","floor":31,"turns":7},{"damage":55,"enemies":"Automaton","floor":33,"turns":6}],"seed_played":"-6893650228443007588","potions_obtained":[{"floor":3,"key":"FearPotion"},{"floor":8,"key":"SpeedPotion"},{"floor":10,"key":"EssenceOfSteel"},{"floor":16,"key":"Weak Potion"},{"floor":18,"key":"LiquidBronze"},{"floor":25,"key":"Swift Potion"},{"floor":29,"key":"Poison Potion"}],"is_trial":false,"path_per_floor":["M","$","M","M","M","R","?","M","T","E","M","?","R","M","R","B",null,"M","?","?","?","M","M","R","M","T","R","$","M","$","M","R","B"],"character_chosen":"DEFECT","items_purchased":["Coolheaded","Hello World"],"campfire_rested":6,"item_purchase_floors":[2,30],"current_hp_per_floor":[64,64,57,52,28,49,49,41,41,19,13,13,34,10,31,8,55,31,31,31,31,30,19,40,15,15,36,36,26,26,26,47,0],"gold":13,"neow_bonus":"REMOVE_CARD","is_prod":false,"is_daily":false,"chose_seed":false,"campfire_upgraded":0,"win_rate":0,"timestamp":1558556254,"path_taken":["M","$","?","M","M","R","?","M","T","E","M","?","R","M","R","BOSS","M","?","?","?","?","M","R","M","T","R","?","?","$","M","R","BOSS"],"build_version":"2019-01-23","purchased_purges":1,"victory":false,"max_hp_per_floor":[71,71,71,71,71,71,71,71,71,71,71,71,71,71,71,71,71,71,71,71,71,71,71,71,71,71,71,71,71,71,71,71,71],"card_choices":[{"not_picked":["Redo","Scrape"],"picked":"Rebound","floor":1},{"not_picked":["Conserve Battery","Beam Cell"],"picked":"Compile Driver","floor":3},{"not_picked":["Aggregate","Reboot"],"picked":"Go for the Eyes","floor":4},{"not_picked":["Hologram","Rebound"],"picked":"Capacitor","floor":5},{"not_picked":["Go for the Eyes","Blizzard"],"picked":"Tempest","floor":8},{"not_picked":["Chaos","Conserve Battery","Hologram"],"picked":"Genetic Algorithm","floor":10},{"not_picked":["Hologram","FTL","Ball Lightning"],"picked":"Self Repair","floor":11},{"not_picked":["Leap","Double Energy","Turbo"],"picked":"Conserve Battery","floor":14},{"not_picked":["Hyperbeam","Fission","All For One"],"picked":"Seek","floor":16},{"not_picked":["Loop","Melter","White Noise"],"picked":"Compile Driver","floor":18},{"not_picked":["Streamline","Go for the Eyes","Beam Cell"],"picked":"Steam","floor":22},{"not_picked":["Tempest","Force Field","Streamline","All For One"],"picked":"SKIP","floor":23},{"not_picked":["Gash","Ball Lightning","Go for the Eyes"],"picked":"Cold Snap","floor":25},{"not_picked":["Steam","Redo","Gash"],"picked":"Conserve Battery","floor":29},{"not_picked":["Fission","Stack","Hologram"],"picked":"Coolheaded+1","floor":31}],"player_experience":1287299,"relics_obtained":[{"floor":9,"key":"Question Card"},{"floor":10,"key":"Mercury Hourglass"},{"floor":26,"key":"War Paint"}],"event_choices":[{"damage_healed":0,"gold_gain":0,"player_choice":"Left Gold","damage_taken":0,"max_hp_gain":0,"max_hp_loss":0,"event_name":"World of Goop","floor":7,"gold_loss":67},{"damage_healed":0,"gold_gain":0,"player_choice":"Upgraded","damage_taken":0,"max_hp_gain":0,"max_hp_loss":0,"event_name":"Upgrade Shrine","floor":12,"gold_loss":0,"cards_upgraded":["Capacitor"]},{"damage_healed":0,"gold_gain":50,"player_choice":"Stole From Cult","damage_taken":0,"max_hp_gain":0,"max_hp_loss":0,"event_name":"Nest","floor":19,"gold_loss":0},{"damage_healed":0,"gold_gain":0,"player_choice":"Obtained Relic","damage_taken":0,"relics_obtained":["Cables"],"max_hp_gain":0,"max_hp_loss":0,"event_name":"Addict","floor":20,"gold_loss":85},{"cards_removed":["Strike_B"],"damage_healed":0,"gold_gain":0,"player_choice":"Upgrade and Remove","damage_taken":0,"max_hp_gain":0,"max_hp_loss":0,"event_name":"Designer","floor":21,"gold_loss":110,"cards_upgraded":["Dualcast"]}],"is_beta":false,"boss_relics":[{"not_picked":["Busted Crown","Lizard Tail"],"picked":"Inserter"}],"items_purged_floors":[30],"is_endless":false,"potions_floor_spawned":[3,8,10,16,18,23,25,29],"killed_by":"Automaton","ascension_level":15}