{"gold_per_floor":[116,116,197,211,231,231,146,159,159,184,184,196,206,233,233,333,333,347,347,89,49,64,64,77,92,92,103,122,122],"floor_reached":29,"playtime":1013,"items_purged":["Strike_R"],"score":317,"play_id":"5b33d5bd-5af1-4b18-9c9f-27496108df91","local_time":"20190504125219","is_ascension_mode":true,"campfire_choices":[{"data":"Whirlwind","floor":6,"key":"SMITH"},{"data":"Bash","floor":11,"key":"SMITH"},{"data":"Spot Weakness","floor":15,"key":"SMITH"},{"data":"Carnage","floor":23,"key":"SMITH"}],"neow_cost":"NONE","seed_source_timestamp":10676990233400,"circlet_count":0,"master_deck":["Strike_R","Strike_R","Strike_R+1","Strike_R","Defend_R","Defend_R","Defend_R","Defend_R","Bash+1","Whirlwind+1","Carnage+1","Inflame+1","Spot Weakness+1","Armaments+1","Shrug It Off","Reaper"],"relics":["Burning Blood","Smiling Mask","Sundial","Dodecahedron","Bag of Marbles","Shuriken","Sozu","MutagenicStrength","Matryoshka","Pear","Meat on the Bone"],"potions_floor_usage":[14],"damage_taken":[{"damage":0,"enemies":"Small Slimes","floor":1,"turns":2},{"damage":7,"enemies":"Jaw Worm","floor":4,"turns":4},{"damage":1,"enemies":"Cultist","floor":5,"turns":3},{"damage":11,"enemies":"Blue Slaver","floor":8,"turns":3},{"damage":24,"enemies":"Gremlin Nob","floor":10,"turns":4},{"damage":0,"enemies":"3 Louse","floor":12,"turns":1},{"damage":0,"enemies":"Large Slime","floor":13,"turns":3},{"damage":0,"enemies":"3 Sentries","floor":14,"turns":2},{"damage":5,"enemies":"Slime Boss","floor":16,"turns":7},{"damage":18,"enemies":"2 Thieves","floor":18,"turns":3},{"damage":2,"enemies":"Chosen","floor":22,"turns":3},{"damage":33,"enemies":"Shelled Parasite and Fungi","floor":24,"turns":5},{"damage":0,"enemies":"Sentry and Sphere","floor":25,"turns":3},{"damage":42,"enemies":"Centurion and Healer","floor":27,"turns":5},{"damage":7,"enemies":"Cultist and Chosen","floor":28,"turns":4},{"damage":53,"enemies":"Book of Stabbing","floor":29,"turns":4}],"seed_played":"9094516466155640756","potions_obtained":[{"floor":1,"key":"LiquidBronze"},{"floor":4,"key":"SteroidPotion"},{"floor":10,"key":"Ancient Potion"}],"is_trial":false,"path_per_floor":["M","?","T","M","M","R","$","M","T","E","R","M","M","E","R","B",null,"M","?","$","?","M","R","M","M","T","M","M","E"],"character_chosen":"IRONCLAD","items_purchased":["Inflame","Matryoshka"],"campfire_rested":0,"item_purchase_floors":[7,20],"current_hp_per_floor":[80,62,62,61,66,66,66,61,61,43,43,49,55,61,61,62,80,68,68,68,68,72,72,45,51,61,37,48,0],"gold":122,"neow_bonus":"THREE_CARDS","is_prod":false,"is_daily":false,"chose_seed":false,"campfire_upgraded":4,"win_rate":0,"timestamp":1556992339,"path_taken":["M","?","?","M","M","R","$","M","T","E","R","M","M","E","R","BOSS","M","?","$","?","M","R","M","?","T","M","M","E"],"build_version":"2019-01-23","purchased_purges":1,"victory":false,"max_hp_per_floor":[80,80,80,80,80,80,80,80,80,80,80,80,80,80,80,80,80,80,80,80,80,80,80,80,80,90,90,90,90],"card_choices":[{"not_picked":["Perfected Strike","Flex"],"picked":"Whirlwind","floor":0},{"not_picked":["Uppercut","Flex"],"picked":"Carnage","floor":1},{"not_picked":["Whirlwind","Clothesline","Thunderclap"],"picked":"SKIP","floor":4},{"not_picked":["Iron Wave","Twin Strike","Disarm"],"picked":"SKIP","floor":5},{"not_picked":["Whirlwind","Headbutt","Perfected Strike"],"picked":"SKIP","floor":8},{"not_picked":["Warcry","Pommel Strike","Cleave"],"picked":"SKIP","floor":10},{"not_picked":["Corruption","Iron Wave","Anger"],"picked":"SKIP","floor":12},{"not_picked":["Evolve","Pummel"],"picked":"Spot Weakness","floor":13},{"not_picked":["Wild Strike","Impervious","Warcry"],"picked":"SKIP","floor":14},{"not_picked":["Sever Soul","Spot Weakness","Perfected Strike+1"],"picked":"SKIP","floor":18},{"not_picked":["Body Slam+1","Sword Boomerang","Clothesline"],"picked":"SKIP","floor":22},{"not_picked":["Iron Wave","Havoc"],"picked":"Armaments+1","floor":24},{"not_picked":["Twin Strike","Headbutt","Body Slam"],"picked":"SKIP","floor":25},{"not_picked":["Clothesline","Disarm"],"picked":"Shrug It Off","floor":27},{"not_picked":["Metallicize","Perfected Strike+1"],"picked":"Reaper","floor":28}],"player_experience":195688,"relics_obtained":[{"floor":3,"key":"Sundial"},{"floor":9,"key":"Dodecahedron"},{"floor":10,"key":"Bag of Marbles"},{"floor":14,"key":"Shuriken"},{"floor":26,"key":"Pear"},{"floor":26,"key":"Meat on the Bone"}],"event_choices":[{"damage_healed":0,"gold_gain":0,"player_choice":"Success","damage_taken":18,"relics_obtained":["Smiling Mask"],"max_hp_gain":0,"max_hp_loss":0,"event_name":"Scrap Ooze","floor":2,"gold_loss":0},{"damage_healed":0,"gold_gain":0,"player_choice":"Inject Mutagens","damage_taken":0,"relics_obtained":["MutagenicStrength"],"max_hp_gain":0,"max_hp_loss":0,"event_name":"Drug Dealer","floor":19,"gold_loss":0},{"damage_healed":0,"gold_gain":0,"player_choice":"Upgraded Two","damage_taken":0,"max_hp_gain":0,"max_hp_loss":0,"event_name":"Designer","floor":21,"gold_loss":40,"cards_upgraded":["Strike_R","Inflame"]}],"is_beta":false,"boss_relics":[{"not_picked":["Pandora\u0027s Box","White Beast Statue"],"picked":"Sozu"}],"items_purged_floors":[7],"is_endless":false,"potions_floor_spawned":[1,4,10,12,22,25],"killed_by":"Book of Stabbing","ascension_level":4}