{"gold_per_floor":[117,127,145,145,165,165,198,198,223,247,247,247,291,49,49,147,147,160,160,70,85,108,131,149,149,149,149,149],"floor_reached":28,"playtime":1283,"items_purged":["Strike_B"],"score":460,"play_id":"b82223d4-f69f-46b3-8d1a-0413403d3673","local_time":"20190521205654","is_ascension_mode":true,"campfire_choices":[{"data":"Zap","floor":6.0,"key":"SMITH"},{"data":"Dualcast","floor":8.0,"key":"SMITH"},{"data":"Doom and Gloom","floor":11.0,"key":"SMITH"},{"data":"Static Discharge","floor":15.0,"key":"SMITH"},{"floor":25,"key":"REST"},{"floor":27,"key":"REST"}],"neow_cost":"NONE","seed_source_timestamp":97947342831171,"circlet_count":0,"master_deck":["AscendersBane","Strike_B","Strike_B","Strike_B","Defend_B","Defend_B","Defend_B","Defend_B","Zap+1","Dualcast+1","Undo","Doom and Gloom+1","Self Repair","Echo Form","Reinforced Body+1","Static Discharge+1","Sunder","Electrodynamics","Go for the Eyes","Darkness","Redo","Consume","Steam+1"],"special_seed":0,"relics":["Cracked Core","NeowsBlessing","Golden Idol","Oddly Smooth Stone","Bronze Scales","Anchor","Inserter","Frozen Egg 2"],"potions_floor_usage":[22,24],"damage_taken":[{"damage":0.0,"enemies":"2 Louse","floor":1.0,"turns":1.0},{"damage":0.0,"enemies":"Jaw Worm","floor":2.0,"turns":1.0},{"damage":0.0,"enemies":"Cultist","floor":3.0,"turns":1.0},{"damage":1.0,"enemies":"Looter","floor":5.0,"turns":4.0},{"damage":42.0,"enemies":"3 Sentries","floor":7.0,"turns":9.0},{"damage":5.0,"enemies":"Red Slaver","floor":10.0,"turns":4.0},{"damage":10.0,"enemies":"Lagavulin","floor":13.0,"turns":6.0},{"damage":23.0,"enemies":"Hexaghost","floor":16.0,"turns":9.0},{"damage":22.0,"enemies":"Spheric Guardian","floor":18.0,"turns":4.0},{"damage":0,"enemies":"3 Byrds","floor":21,"turns":2},{"damage":36,"enemies":"Cultist and Chosen","floor":22,"turns":4},{"damage":25,"enemies":"Snecko","floor":23,"turns":5},{"damage":18,"enemies":"Snake Plant","floor":24,"turns":3},{"damage":45,"enemies":"Slavers","floor":28,"turns":4}],"seed_played":"-8695324904333030976","potions_obtained":[{"floor":1.0,"key":"SmokeBomb"},{"floor":5.0,"key":"SpeedPotion"},{"floor":10.0,"key":"FearPotion"},{"floor":16.0,"key":"PowerPotion"},{"floor":18.0,"key":"FairyPotion"},{"floor":23,"key":"Regen Potion"}],"is_trial":false,"path_per_floor":["M","M","M","?","M","R","E","R","T","M","R","?","E","$","R","B",null,"M","?","$","M","M","M","M","R","T","R","E"],"character_chosen":"DEFECT","items_purchased":["Static Discharge","Sunder","Darkness"],"campfire_rested":2,"item_purchase_floors":[14,14,20],"current_hp_per_floor":[64,64,64,64,63,63,28,28,28,37,37,37,34,34,34,18,53,38,38,38,45,9,13,7,26,26,45,0],"gold":149,"neow_bonus":"THREE_ENEMY_KILL","is_prod":false,"is_daily":false,"chose_seed":false,"campfire_upgraded":4,"win_rate":0,"timestamp":1558486614,"path_taken":["M","M","M","?","M","R","E","R","T","M","R","?","E","$","R","BOSS","M","?","$","?","M","M","M","R","T","R","E"],"build_version":"2019-01-23","purchased_purges":1,"victory":false,"max_hp_per_floor":[71,71,71,64,64,64,64,64,64,64,64,64,64,64,64,64,64,64,64,64,64,64,64,64,64,64,64,64],"card_choices":[{"not_picked":["Auto Shields","Turbo","Steam"],"picked":"SKIP","floor":1.0},{"not_picked":["Rebound","Steam"],"picked":"Undo","floor":2.0},{"not_picked":["Undo","Storm"],"picked":"Doom and Gloom","floor":3.0},{"not_picked":["Capacitor","Genetic Algorithm"],"picked":"Self Repair","floor":5.0},{"not_picked":["Beam Cell","Steam"],"picked":"Echo Form","floor":7.0},{"not_picked":["Steam","Compile Driver"],"picked":"Reinforced Body","floor":10.0},{"not_picked":["White Noise","Hello World","Barrage"],"picked":"SKIP","floor":13.0},{"not_picked":["Seek","Reboot"],"picked":"Electrodynamics","floor":16.0},{"not_picked":["Streamline","Sweeping Beam"],"picked":"Go for the Eyes","floor":18.0},{"not_picked":["Blizzard","Conserve Battery"],"picked":"Redo","floor":21},{"not_picked":["Rip and Tear","Streamline","Doom and Gloom"],"picked":"SKIP","floor":22},{"not_picked":["Rip and Tear","Streamline","Doom and Gloom"],"picked":"SKIP","floor":22},{"not_picked":["Sweeping Beam","Reinforced Body"],"picked":"Consume","floor":23},{"not_picked":["Leap","Scrape"],"picked":"Steam+1","floor":24}],"player_experience":721693,"relics_obtained":[{"floor":7.0,"key":"Oddly Smooth Stone"},{"floor":9.0,"key":"Bronze Scales"},{"floor":13.0,"key":"Anchor"},{"floor":26,"key":"Frozen Egg 2"}],"event_choices":[{"damage_healed":0.0,"max_hp_gain":0.0,"max_hp_loss":7.0,"gold_gain":0.0,"event_name":"Golden Idol","player_choice":"Lose Max HP","floor":4.0,"gold_loss":0.0,"damage_taken":0.0,"relics_obtained":["Golden Idol"]},{"damage_healed":0.0,"max_hp_gain":0.0,"max_hp_loss":0.0,"gold_gain":0.0,"event_name":"Living Wall","player_choice":"Grow","floor":12.0,"gold_loss":0.0,"damage_taken":0.0,"cards_upgraded":["Reinforced Body"]},{"damage_healed":0.0,"max_hp_gain":0.0,"max_hp_loss":0.0,"gold_gain":0.0,"event_name":"N\u0027loth","player_choice":"Ignored","floor":19.0,"gold_loss":0.0,"damage_taken":0.0}],"is_beta":false,"boss_relics":[{"not_picked":["Calling Bell","Busted Crown"],"picked":"Inserter"}],"items_purged_floors":[14],"is_endless":false,"potions_floor_spawned":[1,5,10,16,18,21,23],"killed_by":"Slavers","ascension_level":20}