{"gold_per_floor":[368,75,91,106,125,125,150,150,203,203,139,139],"floor_reached":12,"playtime":422,"items_purged":["Pain"],"score":156,"play_id":"3f115398-8f34-4af1-b139-89fe8a7d1810","local_time":"20190515153656","is_ascension_mode":true,"campfire_choices":[{"data":"Zap","floor":6.0,"key":"SMITH"},{"data":"Compile Driver","floor":8.0,"key":"SMITH"},{"data":"Fission","floor":10,"key":"SMITH"}],"neow_cost":"CURSE","seed_source_timestamp":90367651646717,"circlet_count":0,"master_deck":["AscendersBane","Strike_B","Strike_B","Strike_B","Strike_B","Defend_B","Defend_B","Defend_B","Defend_B","Zap+1","Dualcast","Cold Snap","Compile Driver+1","BootSequence","Fission+1","Reinforced Body"],"special_seed":0,"relics":["Cracked Core","Runic Capacitor","Vajra","Tiny Chest"],"potions_floor_usage":[],"damage_taken":[{"damage":7.0,"enemies":"2 Louse","floor":1.0,"turns":3.0},{"damage":1.0,"enemies":"Small Slimes","floor":3.0,"turns":3.0},{"damage":5.0,"enemies":"Jaw Worm","floor":4.0,"turns":3.0},{"damage":0.0,"enemies":"2 Fungi Beasts","floor":5.0,"turns":3.0},{"damage":22.0,"enemies":"Lagavulin","floor":7.0,"turns":7.0},{"damage":34,"enemies":"Gremlin Nob","floor":12,"turns":3}],"seed_played":"72312628434321239","potions_obtained":[{"floor":5.0,"key":"Block Potion"}],"is_trial":false,"path_per_floor":["M","$","M","M","M","R","E","R","T","R","?","E"],"character_chosen":"DEFECT","items_purchased":["Runic Capacitor"],"campfire_rested":0,"item_purchase_floors":[2],"current_hp_per_floor":[57,57,56,51,51,51,29,29,29,29,29,0],"gold":139,"neow_bonus":"TWO_FIFTY_GOLD","is_prod":false,"is_daily":false,"chose_seed":false,"campfire_upgraded":3,"win_rate":0,"timestamp":1557949016,"path_taken":["M","$","M","M","M","R","E","R","T","R","?","E"],"build_version":"2019-01-23","purchased_purges":1,"victory":false,"max_hp_per_floor":[71,71,71,71,71,71,71,71,71,71,71,71],"card_choices":[{"not_picked":["Coolheaded","Gash"],"picked":"Cold Snap","floor":1.0},{"not_picked":["Turbo","Coolheaded"],"picked":"Compile Driver","floor":3.0},{"not_picked":["Steam","Streamline"],"picked":"BootSequence","floor":4.0},{"not_picked":["Hello World","Conserve Battery"],"picked":"Fission","floor":5.0},{"not_picked":["Storm","Barrage"],"picked":"Reinforced Body","floor":7.0}],"player_experience":650888,"relics_obtained":[{"floor":7.0,"key":"Vajra"},{"floor":9.0,"key":"Tiny Chest"}],"event_choices":[{"damage_healed":0,"gold_gain":0,"player_choice":"Left Gold","damage_taken":0,"max_hp_gain":0,"max_hp_loss":0,"event_name":"World of Goop","floor":11,"gold_loss":64}],"is_beta":false,"boss_relics":[],"items_purged_floors":[2],"is_endless":false,"potions_floor_spawned":[5],"killed_by":"Gremlin Nob","ascension_level":20}