{"gold_per_floor":[115,133,143,143,218,218,244,214,241,255,255],"floor_reached":11,"playtime":822,"items_purged":[],"score":73,"play_id":"f3dd4af6-41ce-4e02-bed4-09e001504ad6","local_time":"20190407185522","is_ascension_mode":false,"campfire_choices":[{"data":"Seeing Red","floor":6,"key":"SMITH"}],"neow_cost":"NONE","seed_source_timestamp":2872211494608294,"circlet_count":0,"master_deck":["Strike_R","Strike_R","Strike_R","Strike_R","Defend_R","Defend_R","Defend_R","Defend_R","Bash","Limit Break","Combust","Rage","Seeing Red+1","Berserk","Uppercut","Combust"],"relics":["Burning Blood","Juzu Bracelet","Bag of Preparation"],"potions_floor_usage":[],"damage_taken":[{"damage":3,"enemies":"Jaw Worm","floor":1,"turns":5},{"damage":0,"enemies":"2 Louse","floor":2,"turns":3},{"damage":0,"enemies":"Cultist","floor":3,"turns":3},{"damage":46,"enemies":"Lagavulin","floor":7,"turns":7},{"damage":4,"enemies":"Looter","floor":8,"turns":4},{"damage":13,"enemies":"2 Fungi Beasts","floor":10,"turns":4},{"damage":13,"enemies":"Gremlin Nob","floor":11,"turns":3}],"seed_played":"-4197194040991619104","potions_obtained":[{"floor":1,"key":"EssenceOfSteel"},{"floor":7,"key":"Weak Potion"},{"floor":10,"key":"Swift Potion"}],"is_trial":false,"path_per_floor":["M","M","M","?","?","R","E","M","T","M","E"],"character_chosen":"IRONCLAD","items_purchased":[],"campfire_rested":0,"item_purchase_floors":[],"current_hp_per_floor":[80,80,80,73,62,62,22,24,24,17,4],"gold":255,"neow_bonus":"ONE_RANDOM_RARE_CARD","is_prod":false,"is_daily":false,"chose_seed":false,"campfire_upgraded":1,"win_rate":0.0,"timestamp":1554677722,"path_taken":["M","M","M","?","?","R","E","M","T","M","E"],"build_version":"2019-01-23","purchased_purges":0,"victory":false,"max_hp_per_floor":[80,80,80,80,80,80,80,80,80,80,80],"card_choices":[{"not_picked":["Intimidate","Pommel Strike"],"picked":"Combust","floor":1},{"not_picked":["Clash","Shrug It Off"],"picked":"Rage","floor":2},{"not_picked":["Wild Strike","Twin Strike"],"picked":"Seeing Red","floor":3},{"not_picked":["Heavy Blade","Sword Boomerang"],"picked":"Berserk","floor":7},{"not_picked":["Perfected Strike","Wild Strike"],"picked":"Uppercut","floor":8},{"not_picked":["Armaments","Heavy Blade"],"picked":"Combust","floor":10}],"player_experience":24103,"relics_obtained":[{"floor":7,"key":"Juzu Bracelet"},{"floor":9,"key":"Bag of Preparation"}],"event_choices":[{"cards_removed":["Strike_R"],"damage_healed":0,"gold_gain":0,"player_choice":"Card Removal","damage_taken":7,"max_hp_gain":0,"max_hp_loss":0,"event_name":"Golden Wing","floor":4,"gold_loss":0},{"damage_healed":0,"gold_gain":75,"player_choice":"Gather Gold","damage_taken":11,"max_hp_gain":0,"max_hp_loss":0,"event_name":"World of Goop","floor":5,"gold_loss":0}],"is_beta":false,"boss_relics":[],"items_purged_floors":[],"is_endless":false,"potions_floor_spawned":[1,7,10],"killed_by":"Gremlin Nob","ascension_level":0}