{"gold_per_floor":[216,34,48,65,80,80,115,115,141,141,141,160,189,200,200,276,276,288,288,338,351,366,393,393,423,476,489,62,96,96,108,108,187,187,204,204,224,224,235,235,269,298,378,390,420,6,6,23,23,23],"floor_reached":51,"playtime":5437,"items_purged":["Strike_R"],"score":1388,"play_id":"abfcc8ed-2995-4331-939a-f0a6892f3e4c","local_time":"20190510154432","is_ascension_mode":true,"campfire_choices":[{"data":"Bash","floor":6.0,"key":"SMITH"},{"data":"True Grit","floor":8.0,"key":"SMITH"},{"data":"Dark Embrace","floor":15.0,"key":"SMITH"},{"floor":24.0,"key":"REST"},{"data":"Pommel Strike","floor":30.0,"key":"SMITH"},{"data":"Sentinel","floor":32.0,"key":"SMITH"},{"data":"Sentinel","floor":40,"key":"SMITH"},{"data":"Shrug It Off","floor":44,"key":"SMITH"},{"data":"Double Tap","floor":47,"key":"SMITH"},{"data":"Shrug It Off","floor":49,"key":"SMITH"}],"neow_cost":"NONE","seed_source_timestamp":505565060961502,"circlet_count":0,"master_deck":["AscendersBane","Strike_R","Strike_R","Defend_R","Defend_R","Defend_R","Defend_R","Bash+1","True Grit+1","Pommel Strike+1","Shrug It Off+1","Corruption+1","Shrug It Off+1","Dark Embrace+1","Sentinel+1","Cleave","Thunderclap","Reaper","Clothesline","Anger","Reckless Charge+1","Shockwave+1","Headbutt","Sentinel+1","Hemokinesis+1","Second Wind+1","Demon Form","Pommel Strike+1","Flame Barrier+1","Blood for Blood","Parasite","Second Wind+1","Double Tap+1","Anger+1"],"special_seed":0,"relics":["Burning Blood","Art of War","Bag of Marbles","Red Skull","Eternal Feather","Kunai","Thread and Needle","Potion Belt","Charon\u0027s Ashes","Blood Vial","Sozu","MawBank","Pear","Oddly Smooth Stone","Shuriken"],"potions_floor_usage":[],"damage_taken":[{"damage":11.0,"enemies":"Jaw Worm","floor":1.0,"turns":5.0},{"damage":0.0,"enemies":"Small Slimes","floor":3.0,"turns":3.0},{"damage":8.0,"enemies":"Cultist","floor":4.0,"turns":5.0},{"damage":0.0,"enemies":"Blue Slaver","floor":5.0,"turns":4.0},{"damage":20.0,"enemies":"Lagavulin","floor":7.0,"turns":8.0},{"damage":0.0,"enemies":"2 Fungi Beasts","floor":12.0,"turns":4.0},{"damage":31.0,"enemies":"3 Sentries","floor":13.0,"turns":8.0},{"damage":0.0,"enemies":"Large Slime","floor":14.0,"turns":4.0},{"damage":34.0,"enemies":"Slime Boss","floor":16.0,"turns":6.0},{"damage":23.0,"enemies":"Chosen","floor":18.0,"turns":7.0},{"damage":43.0,"enemies":"3 Byrds","floor":21.0,"turns":6.0},{"damage":10.0,"enemies":"Centurion and Healer","floor":22.0,"turns":5.0},{"damage":10.0,"enemies":"Slavers","floor":23.0,"turns":3.0},{"damage":55.0,"enemies":"Gremlin Leader","floor":25.0,"turns":7.0},{"damage":2.0,"enemies":"Snake Plant","floor":27.0,"turns":5.0},{"damage":37.0,"enemies":"Slavers","floor":29.0,"turns":6.0},{"damage":3.0,"enemies":"Snecko","floor":31.0,"turns":5.0},{"damage":52.0,"enemies":"Automaton","floor":33.0,"turns":10.0},{"damage":0,"enemies":"3 Shapes","floor":35,"turns":3},{"damage":24,"enemies":"3 Darklings","floor":37,"turns":4},{"damage":37,"enemies":"Transient","floor":39,"turns":6},{"damage":38,"enemies":"Giant Head","floor":41,"turns":8},{"damage":9,"enemies":"Writhing Mass","floor":42,"turns":5},{"damage":26,"enemies":"Sphere and 2 Shapes","floor":45,"turns":7},{"damage":4,"enemies":"Maw","floor":48,"turns":5},{"damage":63,"enemies":"Donu and Deca","floor":50,"turns":8}],"seed_played":"-5013231523943699792","potions_obtained":[{"floor":1.0,"key":"SteroidPotion"},{"floor":3.0,"key":"Swift Potion"},{"floor":13.0,"key":"EssenceOfSteel"},{"floor":16.0,"key":"PowerPotion"},{"floor":18.0,"key":"PowerPotion"},{"floor":27.0,"key":"Dexterity Potion"},{"floor":31.0,"key":"SkillPotion"}],"is_trial":false,"path_per_floor":["M","$","M","M","M","R","E","R","T","?","?","M","E","M","R","B",null,"M","?","?","M","M","E","R","E","T","M","$","E","R","M","R","B",null,"M","?","M","?","M","R","E","M","T","R","M","$","R","M","R","B",null],"character_chosen":"IRONCLAD","items_purchased":["Pommel Strike","Shrug It Off","Charon\u0027s Ashes","Sentinel","Oddly Smooth Stone","Shuriken"],"campfire_rested":1,"item_purchase_floors":[2,2,28,28,46,46],"current_hp_per_floor":[63,63,69,67,73,73,59,59,59,59,52,58,33,39,39,11,59,46,61,61,31,34,30,64,36,36,45,45,29,44,55,70,36,65,73,73,65,65,36,51,28,27,37,55,72,72,85,85,85,58],"gold":23,"neow_bonus":"HUNDRED_GOLD","is_prod":false,"is_daily":false,"chose_seed":false,"campfire_upgraded":9,"win_rate":0,"timestamp":1557517472,"path_taken":["M","$","M","M","M","R","E","R","T","?","?","M","E","M","R","BOSS","M","?","?","M","M","E","R","E","T","?","$","E","R","M","R","BOSS","M","?","M","?","M","R","E","M","T","R","M","$","R","M","R","BOSS"],"build_version":"2019-01-23","purchased_purges":1,"victory":true,"max_hp_per_floor":[75,75,75,75,75,75,75,75,75,75,75,75,75,75,75,75,75,75,75,75,75,75,75,75,75,75,75,75,75,75,75,75,75,75,75,75,75,75,75,75,75,75,85,85,85,85,85,85,85,85],"card_choices":[{"not_picked":["Entrench","Iron Wave"],"picked":"True Grit","floor":1.0},{"not_picked":["Heavy Blade","Thunderclap"],"picked":"Corruption","floor":3.0},{"not_picked":["Headbutt","Combust"],"picked":"Shrug It Off","floor":4.0},{"not_picked":["Sever Soul","Cleave"],"picked":"Dark Embrace","floor":5.0},{"not_picked":["Dual Wield","Infernal Blade","Brutality"],"picked":"SKIP","floor":7.0},{"not_picked":["Fire Breathing","Shrug It Off"],"picked":"Sentinel","floor":12.0},{"not_picked":["Dark Embrace","Evolve"],"picked":"Cleave","floor":13.0},{"not_picked":["Iron Wave","Twin Strike"],"picked":"Thunderclap","floor":14.0},{"not_picked":["Dark Embrace","Juggernaut"],"picked":"Reaper","floor":16.0},{"not_picked":["True Grit","Pummel"],"picked":"Clothesline","floor":18.0},{"not_picked":["Dual Wield+1","Havoc"],"picked":"Anger","floor":21.0},{"not_picked":["Clash","Uppercut","Heavy Blade"],"picked":"SKIP","floor":22.0},{"not_picked":["Offering","Hemokinesis"],"picked":"Reckless Charge+1","floor":23.0},{"not_picked":["Heavy Blade","Sever Soul"],"picked":"Shockwave+1","floor":25.0},{"not_picked":["Warcry","Wild Strike"],"picked":"Headbutt","floor":27.0},{"not_picked":["Rupture","Carnage"],"picked":"Hemokinesis+1","floor":29.0},{"not_picked":["Flex","Heavy Blade"],"picked":"Second Wind+1","floor":31.0},{"not_picked":["Barricade","Offering"],"picked":"Demon Form","floor":33.0},{"not_picked":["Havoc","Armaments"],"picked":"Pommel Strike+1","floor":35},{"not_picked":["Uppercut","Anger","Fire Breathing"],"picked":"SKIP","floor":37},{"not_picked":["Entrench","Clash"],"picked":"Flame Barrier+1","floor":39},{"not_picked":["Evolve","Sever Soul"],"picked":"Blood for Blood","floor":41},{"not_picked":["Sword Boomerang","Clothesline"],"picked":"Second Wind+1","floor":42},{"not_picked":["Pommel Strike","Bloodletting"],"picked":"Double Tap","floor":45},{"not_picked":["Blood for Blood","Perfected Strike"],"picked":"Anger+1","floor":48}],"player_experience":498337,"relics_obtained":[{"floor":7.0,"key":"Art of War"},{"floor":9.0,"key":"Bag of Marbles"},{"floor":13.0,"key":"Red Skull"},{"floor":23.0,"key":"Kunai"},{"floor":25.0,"key":"Thread and Needle"},{"floor":26.0,"key":"Potion Belt"},{"floor":29.0,"key":"Blood Vial"},{"floor":41,"key":"MawBank"},{"floor":43,"key":"Pear"}],"event_choices":[{"damage_healed":0.0,"max_hp_gain":0.0,"max_hp_loss":0.0,"gold_gain":0.0,"event_name":"Living Wall","player_choice":"Grow","floor":10.0,"gold_loss":0.0,"damage_taken":0.0,"cards_upgraded":["Corruption"]},{"cards_removed":["Strike_R"],"damage_healed":0.0,"max_hp_gain":0.0,"max_hp_loss":0.0,"gold_gain":0.0,"event_name":"Golden Wing","player_choice":"Card Removal","floor":11.0,"gold_loss":0.0,"damage_taken":7.0},{"damage_healed":15.0,"max_hp_gain":0.0,"max_hp_loss":0.0,"gold_gain":0.0,"event_name":"The Library","player_choice":"Heal","floor":19.0,"gold_loss":0.0,"damage_taken":0.0},{"damage_healed":0.0,"max_hp_gain":0.0,"max_hp_loss":0.0,"gold_gain":100.0,"event_name":"The Joust","player_choice":"Bet on Murderer","floor":20.0,"gold_loss":50.0,"damage_taken":0.0},{"cards_removed":["Strike_R"],"damage_healed":0,"gold_gain":0,"player_choice":"Removed Attack","damage_taken":0,"max_hp_gain":0,"max_hp_loss":0,"event_name":"Falling","floor":36,"gold_loss":0},{"damage_healed":0,"gold_gain":0,"player_choice":"Ignored","damage_taken":0,"max_hp_gain":0,"max_hp_loss":0,"event_name":"Tomb of Lord Red Mask","floor":38,"gold_loss":0}],"is_beta":false,"boss_relics":[{"not_picked":["White Beast Statue","Pandora\u0027s Box"],"picked":"Eternal Feather"},{"not_picked":["Orrery","Philosopher\u0027s Stone"],"picked":"Sozu"}],"items_purged_floors":[2],"is_endless":false,"potions_floor_spawned":[1,3,13,16,18,22,27,31,35,37,42,48],"ascension_level":19}