{"gold_per_floor":[115,127,127,17,37,50,50,16,84,119,131,177,189,233,245,355,367,397,409,436,448,470,482,523,535,547,53,53,85,98,114,114,209,209,228,247,247,266,66,66,94,94,146,171,15,15,15,35,35,35],"floor_reached":51,"playtime":3330,"items_purged":["Pain","Strike_G"],"score":1130,"play_id":"b1a9910f-ec66-421a-99c4-a5267d90a2a4","local_time":"20190329172214","is_ascension_mode":true,"campfire_choices":[{"data":"Crippling Poison","floor":7,"key":"SMITH"},{"data":"Noxious Fumes","floor":11,"key":"SMITH"},{"floor":13,"key":"REST"},{"floor":15,"key":"REST"},{"data":"Catalyst","floor":23,"key":"SMITH"},{"data":"Footwork","floor":28,"key":"SMITH"},{"floor":32,"key":"REST"},{"floor":40,"key":"REST"},{"floor":42,"key":"REST"},{"floor":49,"key":"REST"}],"neow_cost":"NONE","seed_source_timestamp":756645891234508,"circlet_count":0,"master_deck":["Defend_G","Defend_G","Defend_G","Defend_G","Defend_G","Strike_G+1","Strike_G","Strike_G","Strike_G","Survivor","Neutralize","Catalyst","Crippling Poison+1","Footwork+1","Dash","Dodge and Roll","Noxious Fumes+1","Poisoned Stab","Poisoned Stab+1","Die Die Die","Sucker Punch","Catalyst+1","PiercingWail+1","Venomology","Corpse Explosion","Cloak And Dagger","Catalyst+1","Catalyst","Leg Sweep+1","Footwork+1","Neutralize"],"relics":["Ring of the Snake","WarpedTongs","Kunai","MawBank","Boot","Anchor","Runic Pyramid","Enchiridion","Orichalcum","Bag of Marbles","Whetstone","Vajra","Pear","Dodecahedron","Fusion Hammer","Lee\u0027s Waffle","Happy Flower","PreservedInsect","Blood Vial","Oddly Smooth Stone"],"potions_floor_usage":[12,20,33,33,35,38,41,44,50],"damage_taken":[{"damage":4,"enemies":"2 Louse","floor":1,"turns":3},{"damage":8,"enemies":"Cultist","floor":2,"turns":5},{"damage":1,"enemies":"Jaw Worm","floor":5,"turns":4},{"damage":0,"enemies":"Exordium Wildlife","floor":6,"turns":3},{"damage":12,"enemies":"Lagavulin","floor":10,"turns":7},{"damage":18,"enemies":"Gremlin Nob","floor":12,"turns":5},{"damage":14,"enemies":"3 Sentries","floor":14,"turns":7},{"damage":14,"enemies":"The Guardian","floor":16,"turns":7},{"damage":8,"enemies":"Spheric Guardian","floor":18,"turns":6},{"damage":5,"enemies":"2 Thieves","floor":20,"turns":4},{"damage":0,"enemies":"3 Cultists","floor":22,"turns":4},{"damage":20,"enemies":"Slavers","floor":24,"turns":5},{"damage":15,"enemies":"Book of Stabbing","floor":29,"turns":4},{"damage":19,"enemies":"Shelled Parasite and Fungi","floor":30,"turns":5},{"damage":0,"enemies":"Snecko","floor":31,"turns":4},{"damage":22,"enemies":"Collector","floor":33,"turns":6},{"damage":7,"enemies":"3 Darklings","floor":35,"turns":2},{"damage":0,"enemies":"3 Shapes","floor":36,"turns":2},{"damage":0,"enemies":"Transient","floor":38,"turns":5},{"damage":2,"enemies":"Reptomancer","floor":41,"turns":4},{"damage":18,"enemies":"Nemesis","floor":44,"turns":3},{"damage":8,"enemies":"Writhing Mass","floor":48,"turns":5},{"damage":15,"enemies":"Awakened One","floor":50,"turns":14}],"seed_played":"-482588998798528741","potions_obtained":[{"floor":1,"key":"GhostInAJar"},{"floor":5,"key":"Weak Potion"},{"floor":6,"key":"SteroidPotion"},{"floor":24,"key":"Explosive Potion"},{"floor":33,"key":"Explosive Potion"},{"floor":35,"key":"AttackPotion"},{"floor":38,"key":"Poison Potion"},{"floor":48,"key":"Ancient Potion"}],"is_trial":false,"path_per_floor":["M","M","?","$","M","M","R","$","T","E","R","E","R","E","R","B",null,"M","?","M","?","M","R","E","?","T","$","R","E","M","M","R","B",null,"M","M","?","M","$","R","E","R","T","E","$","?","?","M","R","B",null],"character_chosen":"THE_SILENT","items_purchased":["Footwork","Noxious Fumes","Vajra","Pear","Lee\u0027s Waffle","Oddly Smooth Stone"],"campfire_rested":6,"item_purchase_floors":[4,8,27,27,39,45],"current_hp_per_floor":[66,58,58,58,57,57,57,57,57,45,45,27,50,36,59,45,69,61,45,40,65,65,65,45,45,45,55,55,40,21,21,47,25,72,65,65,65,65,94,94,92,94,94,76,76,76,76,70,94,79],"gold":35,"neow_bonus":"TEN_PERCENT_HP_BONUS","is_prod":false,"is_daily":false,"chose_seed":false,"campfire_upgraded":4,"win_rate":0,"timestamp":1553894534,"path_taken":["M","M","?","$","?","M","R","$","T","E","R","E","R","E","R","BOSS","M","?","M","?","?","R","E","?","T","$","R","E","M","?","R","BOSS","M","M","?","M","?","R","E","R","T","E","$","?","?","M","R","BOSS"],"build_version":"2019-01-23","purchased_purges":2,"victory":true,"max_hp_per_floor":[77,77,77,77,77,77,77,77,77,77,77,77,77,77,77,77,77,77,77,77,77,77,77,77,77,77,87,87,87,87,87,87,87,87,87,87,87,87,94,94,94,94,94,94,94,94,94,94,94,94],"card_choices":[{"not_picked":["Outmaneuver","Dodge and Roll"],"picked":"Catalyst","floor":1},{"not_picked":["Distraction","Expertise"],"picked":"Crippling Poison","floor":2},{"not_picked":["Quick Slash","Blade Dance"],"picked":"Dash","floor":5},{"not_picked":["Slice","Underhanded Strike"],"picked":"Dodge and Roll","floor":6},{"not_picked":["Bullet Time","Acrobatics"],"picked":"Flying Knee","floor":10},{"not_picked":["Sucker Punch","Cloak And Dagger"],"picked":"Poisoned Stab","floor":12},{"not_picked":["Slice","Caltrops"],"picked":"Poisoned Stab","floor":14},{"not_picked":["Glass Knife","Bullet Time"],"picked":"Die Die Die","floor":16},{"not_picked":["Quick Slash","Blade Dance"],"picked":"Sucker Punch","floor":18},{"not_picked":["Escape Plan","Bane","Expertise"],"picked":"SKIP","floor":20},{"not_picked":["Poisoned Stab","Blade Dance"],"picked":"Catalyst","floor":22},{"not_picked":["Deadly Poison","Blade Dance"],"picked":"PiercingWail+1","floor":24},{"not_picked":["PiercingWail","Sucker Punch"],"picked":"Venomology","floor":29},{"not_picked":["Deadly Poison","Deflect","All Out Attack"],"picked":"SKIP","floor":30},{"not_picked":["Backflip","Underhanded Strike","Prepared"],"picked":"SKIP","floor":31},{"not_picked":["Burst","Tools of the Trade"],"picked":"Corpse Explosion","floor":33},{"not_picked":["Setup","Dagger Throw"],"picked":"Cloak And Dagger","floor":35},{"not_picked":["Dodge and Roll","Outmaneuver","Backflip"],"picked":"SKIP","floor":36},{"not_picked":["Blade Dance+1","Acrobatics+1"],"picked":"Catalyst","floor":38},{"not_picked":["Tools of the Trade","Prepared+1"],"picked":"Leg Sweep+1","floor":41},{"not_picked":["Sucker Punch","Bane+1"],"picked":"Footwork+1","floor":44},{"not_picked":["Heel Hook+1","Dodge and Roll","Dagger Throw+1"],"picked":"SKIP","floor":48}],"player_experience":229263,"relics_obtained":[{"floor":9,"key":"Kunai"},{"floor":10,"key":"MawBank"},{"floor":12,"key":"Boot"},{"floor":14,"key":"Anchor"},{"floor":19,"key":"Enchiridion"},{"floor":24,"key":"Orichalcum"},{"floor":25,"key":"Bag of Marbles"},{"floor":26,"key":"Whetstone"},{"floor":29,"key":"Dodecahedron"},{"floor":41,"key":"Happy Flower"},{"floor":43,"key":"PreservedInsect"},{"floor":44,"key":"Blood Vial"}],"event_choices":[{"damage_healed":0,"gold_gain":0,"player_choice":"Rummage","damage_taken":0,"relics_obtained":["WarpedTongs"],"max_hp_gain":0,"max_hp_loss":0,"event_name":"Accursed Blacksmith","floor":3,"gold_loss":0,"cards_obtained":["Pain"]},{"damage_healed":0,"gold_gain":0,"player_choice":"Obtained Book","damage_taken":16,"max_hp_gain":0,"max_hp_loss":0,"event_name":"Cursed Tome","floor":19,"gold_loss":0},{"damage_healed":25,"gold_gain":0,"player_choice":"Heal","damage_taken":0,"max_hp_gain":0,"max_hp_loss":0,"event_name":"The Library","floor":21,"gold_loss":0},{"damage_healed":0,"gold_gain":0,"player_choice":"Relic","damage_taken":0,"max_hp_gain":0,"max_hp_loss":0,"event_name":"Wheel of Change","floor":25,"gold_loss":0},{"damage_healed":0,"gold_gain":0,"player_choice":"Copied","damage_taken":0,"max_hp_gain":0,"max_hp_loss":0,"event_name":"Duplicator","floor":37,"gold_loss":0,"cards_obtained":["Catalyst"]},{"cards_removed":["Flying Knee"],"damage_healed":0,"gold_gain":0,"player_choice":"Removed Attack","damage_taken":0,"max_hp_gain":0,"max_hp_loss":0,"event_name":"Falling","floor":46,"gold_loss":0},{"damage_healed":0,"gold_gain":0,"player_choice":"1 cards matched","damage_taken":0,"max_hp_gain":0,"max_hp_loss":0,"event_name":"Match and Keep!","floor":47,"gold_loss":0,"cards_obtained":["Neutralize"]}],"is_beta":false,"boss_relics":[{"not_picked":["Empty Cage","WristBlade"],"picked":"Runic Pyramid"},{"not_picked":["Ring of the Serpent","Lizard Tail"],"picked":"Fusion Hammer"}],"items_purged_floors":[4,27],"is_endless":false,"potions_floor_spawned":[1,5,6,10,24,33,35,38,48],"ascension_level":8}