{"gold_per_floor":[164,20,30,30,30,30,63,75,133,157,182,222,25,36,36,137,137,156,168,182,182],"floor_reached":21,"playtime":2074,"items_purged":["Defend_G"],"score":267,"play_id":"f68f53e7-2662-4ef1-ae25-52c08b052e1a","local_time":"20190430203235","is_ascension_mode":true,"campfire_choices":[{"floor":6,"key":"REST"},{"data":"Neutralize","floor":8,"key":"SMITH"},{"data":"Footwork","floor":15,"key":"SMITH"}],"neow_cost":"NONE","seed_source_timestamp":4863946486088203,"circlet_count":0,"master_deck":["Defend_G","Defend_G+1","Defend_G+1","Defend_G","Strike_G","Strike_G+1","Strike_G","Strike_G","Strike_G","Survivor","Neutralize+1","PiercingWail","Crippling Poison","Noxious Fumes","Riddle With Holes","PiercingWail","Terror","Cloak And Dagger","Well Laid Plans","Cloak And Dagger","Footwork+1","Envenom","Infinite Blades","Noxious Fumes"],"relics":["Tiny House","MawBank","Anchor","Strawberry","Bronze Scales","Sozu"],"potions_floor_usage":[7,7,14,18],"damage_taken":[{"damage":4,"enemies":"Cultist","floor":1,"turns":6},{"damage":15,"enemies":"Jaw Worm","floor":3,"turns":6},{"damage":20,"enemies":"3 Sentries","floor":7,"turns":9},{"damage":0,"enemies":"2 Louse","floor":10,"turns":2},{"damage":0,"enemies":"2 Fungi Beasts","floor":11,"turns":3},{"damage":7,"enemies":"Lagavulin","floor":12,"turns":7},{"damage":1,"enemies":"Gremlin Gang","floor":14,"turns":4},{"damage":15,"enemies":"Hexaghost","floor":16,"turns":10},{"damage":19,"enemies":"3 Byrds","floor":18,"turns":3},{"damage":10,"enemies":"Chosen","floor":19,"turns":6},{"damage":13,"enemies":"Snake Plant","floor":20,"turns":4},{"damage":12,"enemies":"Sentry and Sphere","floor":21,"turns":5}],"seed_played":"-4713772243176061997","potions_obtained":[{"floor":0,"key":"Dexterity Potion"},{"floor":1,"key":"Dexterity Potion"},{"floor":3,"key":"AttackPotion"},{"floor":10,"key":"FearPotion"},{"floor":14,"key":"Explosive Potion"}],"is_trial":false,"path_per_floor":["M","$","M","?","?","R","E","R","T","M","M","E","$","M","R","B",null,"M","M","M","M"],"character_chosen":"THE_SILENT","items_purchased":["Crippling Poison","Bronze Scales","Cloak And Dagger"],"campfire_rested":1,"item_purchase_floors":[2,13,13],"current_hp_per_floor":[64,64,49,34,34,56,36,36,36,36,36,36,36,35,35,20,67,48,38,25,13],"gold":182,"neow_bonus":"BOSS_RELIC","is_prod":false,"is_daily":false,"chose_seed":false,"campfire_upgraded":2,"win_rate":0,"timestamp":1556670755,"path_taken":["M","$","M","?","?","R","E","R","T","?","M","E","?","M","R","BOSS","M","M","M","M"],"build_version":"2019-01-23","purchased_purges":1,"victory":false,"max_hp_per_floor":[75,75,75,75,75,75,75,75,75,75,75,82,82,82,82,82,82,82,82,82,82],"card_choices":[{"not_picked":["Skewer","Poisoned Stab"],"picked":"Reflex","floor":0},{"not_picked":["Acrobatics","Bouncing Flask"],"picked":"PiercingWail","floor":1},{"not_picked":["Quick Slash","Underhanded Strike"],"picked":"Noxious Fumes","floor":3},{"not_picked":["Bane","Dagger Spray"],"picked":"PiercingWail","floor":7},{"not_picked":["Acrobatics","Blade Dance"],"picked":"Terror","floor":10},{"not_picked":["Underhanded Strike","Deflect"],"picked":"Cloak And Dagger","floor":11},{"not_picked":["Bouncing Flask","Infinite Blades"],"picked":"Well Laid Plans","floor":12},{"not_picked":["Dagger Spray","Concentrate"],"picked":"Footwork","floor":14},{"not_picked":["Unload","Grand Finale"],"picked":"Envenom","floor":16},{"not_picked":["Endless Agony","PiercingWail"],"picked":"Infinite Blades","floor":18},{"not_picked":["Catalyst+1","Masterful Stab","Reflex"],"picked":"SKIP","floor":19},{"not_picked":["Deadly Poison","Underhanded Strike"],"picked":"Noxious Fumes","floor":20}],"player_experience":215792,"relics_obtained":[{"floor":7,"key":"MawBank"},{"floor":9,"key":"Anchor"},{"floor":12,"key":"Strawberry"}],"event_choices":[{"damage_healed":0,"gold_gain":0,"player_choice":"Entered Light","damage_taken":15,"max_hp_gain":0,"max_hp_loss":0,"event_name":"Shining Light","floor":4,"gold_loss":0,"cards_upgraded":["Defend_G","Strike_G"]},{"damage_healed":0,"gold_gain":0,"cards_transformed":["Reflex"],"player_choice":"Transformed","damage_taken":0,"max_hp_gain":0,"max_hp_loss":0,"event_name":"Transmorgrifier","floor":5,"gold_loss":0,"cards_obtained":["Riddle With Holes"]}],"is_beta":false,"boss_relics":[{"not_picked":["HoveringKite","Runic Dome"],"picked":"Sozu"}],"items_purged_floors":[2],"is_endless":false,"potions_floor_spawned":[1,3,10,14,19,20],"killed_by":"Sentry and Sphere","ascension_level":8}