{"gold_per_floor":[114,114,133,152,152,152,193,208,208,208,51,75,108,133,133,133],"floor_reached":16,"playtime":905,"items_purged":[],"score":151,"play_id":"197ff6d9-85fa-41d5-974b-95ce8b40bfe3","local_time":"20190507172814","is_ascension_mode":true,"campfire_choices":[{"data":"Searing Blow","floor":6.0,"key":"SMITH"},{"data":"True Grit","floor":10.0,"key":"SMITH"},{"data":"Armaments","floor":15,"key":"SMITH"}],"neow_cost":"NONE","seed_source_timestamp":257411713245438,"circlet_count":0,"master_deck":["Strike_R","Strike_R","Strike_R","Strike_R","Strike_R","Defend_R","Defend_R","Defend_R","Defend_R","Bash+1","Disarm","Searing Blow+1","Flame Barrier","Clothesline","True Grit+1","Armaments+1","Burning Pact","Iron Wave","Headbutt"],"special_seed":0,"relics":["Burning Blood","Golden Idol","The Courier","Calipers","Anchor","Magic Flower"],"potions_floor_usage":[13],"damage_taken":[{"damage":5.0,"enemies":"2 Louse","floor":1.0,"turns":3.0},{"damage":7.0,"enemies":"Jaw Worm","floor":3.0,"turns":4.0},{"damage":1.0,"enemies":"Cultist","floor":4.0,"turns":3.0},{"damage":50.0,"enemies":"Lagavulin","floor":7.0,"turns":6.0},{"damage":2.0,"enemies":"Red Slaver","floor":8.0,"turns":7.0},{"damage":6.0,"enemies":"2 Fungi Beasts","floor":12.0,"turns":4.0},{"damage":16,"enemies":"3 Sentries","floor":13,"turns":12},{"damage":0,"enemies":"Blue Slaver","floor":14,"turns":5},{"damage":13,"enemies":"Slime Boss","floor":16,"turns":5}],"seed_played":"-6150543426955027475","potions_obtained":[{"floor":1.0,"key":"BloodPotion"},{"floor":12.0,"key":"Poison Potion"},{"floor":13,"key":"GamblersBrew"}],"is_trial":false,"path_per_floor":["M","?","M","M","?","R","E","M","T","R","$","M","E","M","R","B"],"character_chosen":"IRONCLAD","items_purchased":["Armaments","Anchor"],"campfire_rested":0,"item_purchase_floors":[11,11],"current_hp_per_floor":[73,78,77,82,61,61,25,29,29,29,29,29,19,28,28,15],"gold":133,"neow_bonus":"UPGRADE_CARD","is_prod":false,"is_daily":false,"chose_seed":false,"campfire_upgraded":3,"win_rate":0,"timestamp":1557264494,"path_taken":["M","?","M","M","?","R","E","M","T","R","$","M","E","M","R","BOSS"],"build_version":"2019-01-23","purchased_purges":0,"victory":false,"max_hp_per_floor":[80,85,85,85,85,85,85,85,85,85,85,85,85,85,85,85],"card_choices":[{"not_picked":["Heavy Blade","Warcry"],"picked":"Disarm","floor":1.0},{"not_picked":["Pommel Strike","Seeing Red"],"picked":"Searing Blow","floor":3.0},{"not_picked":["Rage","Fire Breathing"],"picked":"Flame Barrier","floor":4.0},{"not_picked":["Combust","Reckless Charge"],"picked":"Clothesline","floor":7.0},{"not_picked":["Heavy Blade","Burning Pact"],"picked":"True Grit","floor":8.0},{"not_picked":["Wild Strike","Rage"],"picked":"Burning Pact","floor":12.0},{"not_picked":["Armaments","Sword Boomerang"],"picked":"Iron Wave","floor":13},{"not_picked":["Flame Barrier","Cleave"],"picked":"Headbutt","floor":14}],"player_experience":403205,"relics_obtained":[{"floor":7.0,"key":"The Courier"},{"floor":9.0,"key":"Calipers"},{"floor":13,"key":"Magic Flower"}],"event_choices":[{"damage_healed":0.0,"max_hp_gain":5.0,"max_hp_loss":0.0,"gold_gain":0.0,"event_name":"Big Fish","player_choice":"Donut","floor":2.0,"gold_loss":0.0,"damage_taken":0.0},{"damage_healed":0.0,"max_hp_gain":0.0,"max_hp_loss":0.0,"gold_gain":0.0,"event_name":"Golden Idol","player_choice":"Take Damage","floor":5.0,"gold_loss":0.0,"damage_taken":21.0,"relics_obtained":["Golden Idol"]}],"is_beta":false,"boss_relics":[],"items_purged_floors":[],"is_endless":false,"potions_floor_spawned":[1,12,13],"killed_by":"Slime Boss","ascension_level":7}