{"gold_per_floor":[216,291,50,65,25,25,43,43,119,151,37,37,48,79,79,151,151,164,183,200,125,125,125,137,152,152,179,195,13,63,90,90,90],"floor_reached":33,"playtime":1403,"items_purged":["Strike_R"],"score":525,"play_id":"e20ecd0a-3f69-4726-906f-125e9fb51232","local_time":"20190526002654","is_ascension_mode":true,"campfire_choices":[{"data":"Bash","floor":6.0,"key":"SMITH"},{"data":"Body Slam","floor":8.0,"key":"SMITH"},{"data":"Feel No Pain","floor":12.0,"key":"SMITH"},{"data":"Metallicize","floor":15.0,"key":"SMITH"},{"data":"Demon Form","floor":23.0,"key":"SMITH"},{"data":"Limit Break","floor":32.0,"key":"SMITH"}],"neow_cost":"NONE","seed_source_timestamp":12472054270822,"circlet_count":0,"master_deck":["AscendersBane","Strike_R","Strike_R","Strike_R","Defend_R","Defend_R","Defend_R","Defend_R","Bash+1","Seeing Red","Shrug It Off","Body Slam+1","Headbutt","Armaments","Iron Wave","Feel No Pain+1","Metallicize+1","Hemokinesis+1","Anger+1","Sever Soul+1","Demon Form+1","Cleave+1","Headbutt+1","Whirlwind+1","Decay","Spot Weakness","Inflame","Second Wind","Limit Break+1","Feel No Pain","Impervious","Clothesline+1"],"special_seed":0,"relics":["Burning Blood","Self Forming Clay","Molten Egg 2","Oddly Smooth Stone","Coffee Dripper","The Courier","Red Mask","Strawberry"],"potions_floor_usage":[],"damage_taken":[{"damage":10.0,"enemies":"Cultist","floor":1.0,"turns":5.0},{"damage":12.0,"enemies":"Jaw Worm","floor":4.0,"turns":2.0},{"damage":0.0,"enemies":"2 Louse","floor":7.0,"turns":2.0},{"damage":10.0,"enemies":"Lagavulin","floor":10.0,"turns":6.0},{"damage":8.0,"enemies":"Looter","floor":13.0,"turns":4.0},{"damage":2.0,"enemies":"Gremlin Nob","floor":14.0,"turns":3.0},{"damage":35.0,"enemies":"Slime Boss","floor":16.0,"turns":12.0},{"damage":17.0,"enemies":"Shell Parasite","floor":18.0,"turns":5.0},{"damage":6.0,"enemies":"Spheric Guardian","floor":19.0,"turns":5.0},{"damage":20.0,"enemies":"Snake Plant","floor":20.0,"turns":3.0},{"damage":10.0,"enemies":"Cultist and Chosen","floor":24.0,"turns":5.0},{"damage":25.0,"enemies":"Snecko","floor":25.0,"turns":6.0},{"damage":2.0,"enemies":"Masked Bandits","floor":27.0,"turns":2.0},{"damage":10.0,"enemies":"Centurion and Healer","floor":28.0,"turns":4.0},{"damage":6.0,"enemies":"Book of Stabbing","floor":31.0,"turns":5.0},{"damage":46,"enemies":"Champ","floor":33,"turns":6}],"seed_played":"7486413696774297520","potions_obtained":[{"floor":5.0,"key":"Fruit Juice"},{"floor":5.0,"key":"Fruit Juice"},{"floor":5.0,"key":"Explosive Potion"},{"floor":13.0,"key":"SpeedPotion"},{"floor":14.0,"key":"Energy Potion"},{"floor":16.0,"key":"LiquidBronze"},{"floor":18.0,"key":"AttackPotion"},{"floor":25.0,"key":"SkillPotion"},{"floor":27.0,"key":"AttackPotion"},{"floor":28.0,"key":"AttackPotion"}],"is_trial":false,"path_per_floor":["M","?","$","M","?","R","M","R","T","E","$","R","M","E","R","B",null,"M","M","M","?","?","R","M","M","T","?","M","$","?","E","R","B"],"character_chosen":"IRONCLAD","items_purchased":["Shrug It Off","Body Slam","Headbutt","Weak Potion","Metallicize","Hemokinesis+1","Feel No Pain","Impervious"],"campfire_rested":0,"item_purchase_floors":[3,3,3,3,11,11,29,29],"current_hp_per_floor":[64,53,53,47,57,57,63,63,63,59,59,59,57,61,61,32,72,61,61,47,47,47,47,43,24,24,28,24,24,24,31,31,0],"gold":90,"neow_bonus":"HUNDRED_GOLD","is_prod":false,"is_daily":false,"chose_seed":false,"campfire_upgraded":6,"win_rate":0,"timestamp":1558823214,"path_taken":["M","?","$","M","?","R","M","R","T","E","$","R","?","E","R","BOSS","M","M","?","?","?","R","M","M","T","?","M","$","?","E","R","BOSS"],"build_version":"2019-01-23","purchased_purges":1,"victory":false,"max_hp_per_floor":[75,75,75,75,85,85,85,85,85,85,85,85,85,85,85,85,85,85,85,85,85,85,85,85,85,85,85,85,85,85,92,92,92],"card_choices":[{"not_picked":["Thunderclap","Evolve"],"picked":"Seeing Red","floor":1.0},{"not_picked":["Iron Wave","Warcry"],"picked":"Armaments","floor":4.0},{"not_picked":["Entrench","Infernal Blade"],"picked":"Iron Wave","floor":7.0},{"not_picked":["Shrug It Off","Blood for Blood"],"picked":"Feel No Pain","floor":10.0},{"not_picked":["Pummel+1","Flex"],"picked":"Anger+1","floor":13.0},{"not_picked":["Sword Boomerang+1","Dark Embrace"],"picked":"Sever Soul+1","floor":14.0},{"not_picked":["Reaper+1","Limit Break"],"picked":"Demon Form","floor":16.0},{"not_picked":["Headbutt+1","Bloodletting"],"picked":"Cleave+1","floor":18.0},{"not_picked":["Armaments","Clash+1"],"picked":"Headbutt+1","floor":19.0},{"not_picked":["Clash+1","Thunderclap+1"],"picked":"Whirlwind+1","floor":20.0},{"not_picked":["True Grit","Inflame"],"picked":"Spot Weakness","floor":24.0},{"not_picked":["Armaments","Anger+1"],"picked":"Inflame","floor":25.0},{"not_picked":["Thunderclap+1","Clothesline+1"],"picked":"Second Wind","floor":27.0},{"not_picked":["Shrug It Off","Power Through"],"picked":"Limit Break","floor":28.0},{"not_picked":["Reckless Charge+1","Armaments"],"picked":"Clothesline+1","floor":31.0}],"player_experience":666990,"relics_obtained":[{"floor":9.0,"key":"Self Forming Clay"},{"floor":10.0,"key":"Molten Egg 2"},{"floor":14.0,"key":"Oddly Smooth Stone"},{"floor":26.0,"key":"The Courier"},{"floor":27.0,"key":"Red Mask"},{"floor":31.0,"key":"Strawberry"}],"event_choices":[{"damage_healed":0.0,"max_hp_gain":0.0,"max_hp_loss":0.0,"gold_gain":75.0,"event_name":"World of Goop","player_choice":"Gather Gold","floor":2.0,"gold_loss":0.0,"damage_taken":11.0},{"damage_healed":0.0,"max_hp_gain":0.0,"max_hp_loss":0.0,"gold_gain":0.0,"event_name":"The Woman in Blue","player_choice":"Bought 3 Potions","floor":5.0,"gold_loss":0.0,"damage_taken":0.0},{"cards_removed":["Strike_R"],"damage_healed":0.0,"max_hp_gain":0.0,"max_hp_loss":0.0,"gold_gain":0.0,"event_name":"Beggar","player_choice":"Gave Gold","floor":21.0,"gold_loss":75.0,"damage_taken":0.0},{"damage_healed":0.0,"max_hp_gain":0.0,"max_hp_loss":0.0,"gold_gain":0.0,"event_name":"Forgotten Altar","player_choice":"Smashed Altar","floor":22.0,"gold_loss":0.0,"damage_taken":0.0,"cards_obtained":["Decay"]},{"damage_healed":0.0,"max_hp_gain":0.0,"max_hp_loss":0.0,"gold_gain":0.0,"event_name":"Masked Bandits","player_choice":"Fought Bandits","floor":27.0,"gold_loss":0.0,"damage_taken":0.0},{"damage_healed":0.0,"max_hp_gain":0.0,"max_hp_loss":0.0,"gold_gain":50.0,"event_name":"Golden Shrine","player_choice":"Pray","floor":30.0,"gold_loss":0.0,"damage_taken":0.0}],"is_beta":false,"boss_relics":[{"not_picked":["Black Star","Lizard Tail"],"picked":"Coffee Dripper"}],"items_purged_floors":[3],"is_endless":false,"potions_floor_spawned":[7,13,14,16,18,25,27,28],"killed_by":"Champ","ascension_level":15}