{"gold_per_floor":[110,110,123,135,135,166,166,206,258,258,183,208,223,248,248,248],"floor_reached":16,"playtime":547,"items_purged":[],"score":220,"play_id":"dece34b5-c8c4-4edc-83aa-feae2a9260be","local_time":"20190521233442","is_ascension_mode":true,"campfire_choices":[{"data":"Sweeping Beam","floor":7.0,"key":"SMITH"},{"floor":10.0,"key":"REST"},{"data":"Zap","floor":15,"key":"SMITH"}],"neow_cost":"NONE","seed_source_timestamp":108162549956581,"circlet_count":0,"master_deck":["AscendersBane","Strike_B","Strike_B","Strike_B","Strike_B","Defend_B","Defend_B","Zap+1","Dualcast","Loop","Auto Shields","Reinforced Body","Sweeping Beam+1","Genetic Algorithm","Darkness","Cold Snap"],"special_seed":0,"relics":["Cracked Core","NeowsBlessing","Golden Idol","Question Card","Centennial Puzzle","Happy Flower","Art of War"],"potions_floor_usage":[16,16],"damage_taken":[{"damage":0.0,"enemies":"Small Slimes","floor":1.0,"turns":1.0},{"damage":0.0,"enemies":"Cultist","floor":3.0,"turns":1.0},{"damage":0.0,"enemies":"Jaw Worm","floor":4.0,"turns":1.0},{"damage":17.0,"enemies":"3 Sentries","floor":6.0,"turns":8.0},{"damage":30.0,"enemies":"Lagavulin","floor":8.0,"turns":8.0},{"damage":1,"enemies":"2 Fungi Beasts","floor":13,"turns":4},{"damage":8,"enemies":"Blue Slaver","floor":14,"turns":4},{"damage":29,"enemies":"The Guardian","floor":16,"turns":5}],"seed_played":"8314690949209775784","potions_obtained":[{"floor":1.0,"key":"PowerPotion"},{"floor":8.0,"key":"EssenceOfSteel"},{"floor":14,"key":"Weak Potion"}],"is_trial":false,"path_per_floor":["M","?","M","M","?","E","R","E","T","R","?","T","M","M","R","B"],"character_chosen":"DEFECT","items_purchased":[],"campfire_rested":1,"item_purchase_floors":[],"current_hp_per_floor":[64,64,64,64,64,47,47,17,17,36,36,36,35,27,27,0],"gold":248,"neow_bonus":"THREE_ENEMY_KILL","is_prod":false,"is_daily":false,"chose_seed":false,"campfire_upgraded":2,"win_rate":0,"timestamp":1558496082,"path_taken":["M","?","M","?","?","E","R","E","T","R","?","?","?","M","R","BOSS"],"build_version":"2019-01-23","purchased_purges":0,"victory":false,"max_hp_per_floor":[71,71,71,71,64,64,64,64,64,64,64,64,64,64,64,64],"card_choices":[{"not_picked":["Scrape","Hologram"],"picked":"Loop","floor":1.0},{"not_picked":["White Noise","Go for the Eyes"],"picked":"Auto Shields","floor":3.0},{"not_picked":["Stack","White Noise"],"picked":"Reinforced Body","floor":4.0},{"not_picked":["Conserve Battery","Cold Snap"],"picked":"Sweeping Beam","floor":6.0},{"not_picked":["Compile Driver","Hello World","Coolheaded"],"picked":"Genetic Algorithm","floor":8.0},{"not_picked":["Sweeping Beam","Gash","Redo"],"picked":"Darkness","floor":13},{"not_picked":["Defragment","Genetic Algorithm","Gash"],"picked":"Cold Snap","floor":14}],"player_experience":730844,"relics_obtained":[{"floor":6.0,"key":"Question Card"},{"floor":8.0,"key":"Centennial Puzzle"},{"floor":9.0,"key":"Happy Flower"},{"floor":12,"key":"Art of War"}],"event_choices":[{"cards_removed":["Defend_B"],"damage_healed":0.0,"max_hp_gain":0.0,"max_hp_loss":0.0,"gold_gain":0.0,"event_name":"Purifier","player_choice":"Purged","floor":2.0,"gold_loss":0.0,"damage_taken":0.0},{"damage_healed":0.0,"max_hp_gain":0.0,"max_hp_loss":7.0,"gold_gain":0.0,"event_name":"Golden Idol","player_choice":"Lose Max HP","floor":5.0,"gold_loss":0.0,"damage_taken":0.0,"relics_obtained":["Golden Idol"]},{"cards_removed":["Defend_B"],"damage_healed":0,"gold_gain":0,"player_choice":"Card Removal","damage_taken":0,"max_hp_gain":0,"max_hp_loss":0,"event_name":"The Cleric","floor":11,"gold_loss":75}],"is_beta":false,"boss_relics":[],"items_purged_floors":[],"is_endless":false,"potions_floor_spawned":[1,8,14],"killed_by":"The Guardian","ascension_level":20}