{"gold_per_floor":[118,118,118,136,59,59,72,72,72,72,86,86,119,144,144,144],"floor_reached":16,"playtime":343,"items_purged":[],"score":150,"play_id":"6722495f-ff3d-40cd-967d-1756813da42a","local_time":"20190507202349","is_ascension_mode":false,"campfire_choices":[{"data":"Flex","floor":6.0,"key":"SMITH"},{"data":"Bash","floor":10.0,"key":"SMITH"},{"data":"Clash","floor":12.0,"key":"SMITH"},{"data":"Spot Weakness","floor":15.0,"key":"SMITH"}],"neow_cost":"TEN_PERCENT_HP_LOSS","seed_source_timestamp":297558105135700,"circlet_count":0,"master_deck":["Strike_R","Strike_R","Strike_R","Defend_R","Defend_R","Defend_R","Bash+1","Shrug It Off","Flex+1","Spot Weakness+1","Clash+1"],"special_seed":0,"relics":["Burning Blood","Golden Idol","Prayer Wheel","Paper Frog","Dream Catcher"],"potions_floor_usage":[],"damage_taken":[{"damage":7.0,"enemies":"2 Louse","floor":1.0,"turns":3.0},{"damage":9.0,"enemies":"Small Slimes","floor":4.0,"turns":4.0},{"damage":1.0,"enemies":"Cultist","floor":7.0,"turns":3.0},{"damage":2.0,"enemies":"Large Slime","floor":11.0,"turns":5.0},{"damage":23.0,"enemies":"Gremlin Nob","floor":13.0,"turns":4.0},{"damage":11.0,"enemies":"Lots of Slimes","floor":14.0,"turns":4.0}],"seed_played":"-8305360260804632076","potions_obtained":[{"floor":4.0,"key":"Dexterity Potion"},{"floor":13.0,"key":"LiquidBronze"},{"floor":14.0,"key":"SpeedPotion"}],"is_trial":false,"path_per_floor":["M","?","?","M","$","R","M","?","T","R","M","R","E","M","R","B"],"character_chosen":"IRONCLAD","items_purchased":["Spot Weakness"],"campfire_rested":0,"item_purchase_floors":[5],"current_hp_per_floor":[71,53,53,50,50,50,55,55,55,55,59,59,42,37,37,0],"gold":144,"neow_bonus":"REMOVE_TWO","is_prod":false,"is_daily":false,"chose_seed":false,"campfire_upgraded":4,"win_rate":0,"timestamp":1557278629,"path_taken":["M","?","?","?","$","R","M","?","T","R","?","R","E","M","R","BOSS"],"build_version":"2019-01-23","purchased_purges":0,"victory":false,"max_hp_per_floor":[72,72,72,72,72,72,72,72,72,72,72,72,72,72,72,72],"card_choices":[{"not_picked":["Headbutt","Sentinel","Pommel Strike"],"picked":"SKIP","floor":1.0},{"not_picked":["Anger","True Grit"],"picked":"Flex","floor":4.0},{"not_picked":["Headbutt","Iron Wave","Flame Barrier"],"picked":"SKIP","floor":7.0},{"not_picked":["Flame Barrier","Flex"],"picked":"Clash","floor":11.0},{"not_picked":["True Grit","Anger","Warcry"],"picked":"SKIP","floor":11.0},{"not_picked":["Dual Wield","Burning Pact","Body Slam"],"picked":"SKIP","floor":13.0},{"not_picked":["Brutality","Combust","Infernal Blade"],"picked":"SKIP","floor":14.0},{"not_picked":["Clothesline","Wild Strike","Shrug It Off"],"picked":"SKIP","floor":14.0}],"player_experience":212976,"relics_obtained":[{"floor":9.0,"key":"Paper Frog"},{"floor":13.0,"key":"Dream Catcher"}],"event_choices":[{"damage_healed":0.0,"max_hp_gain":0.0,"max_hp_loss":0.0,"gold_gain":0.0,"event_name":"Golden Idol","player_choice":"Take Damage","floor":2.0,"gold_loss":0.0,"damage_taken":18.0,"relics_obtained":["Golden Idol"]},{"damage_healed":0.0,"max_hp_gain":0.0,"max_hp_loss":0.0,"gold_gain":0.0,"cards_transformed":["Strike_R"],"event_name":"Transmorgrifier","player_choice":"Transformed","floor":3.0,"gold_loss":0.0,"damage_taken":0.0,"cards_obtained":["Shrug It Off"]},{"damage_healed":0.0,"max_hp_gain":0.0,"max_hp_loss":0.0,"gold_gain":0.0,"event_name":"WeMeetAgain","player_choice":"Gave Potion","floor":8.0,"gold_loss":0.0,"damage_taken":0.0,"relics_obtained":["Prayer Wheel"]}],"is_beta":false,"boss_relics":[],"items_purged_floors":[],"is_endless":false,"potions_floor_spawned":[4,13,14],"killed_by":"The Guardian","ascension_level":0}