{"gold_per_floor":[109,109,109,109,130,164,118,144,144,144,158,198,211,234,234,360,360,385,269,269,110,110,110,110,110,110,25,48,67,67,85,85,210,210,229,354,34,34,34,34,34,34,34,47,61,13,13,13,13,13,13,13,13,13],"floor_reached":54,"playtime":3267,"items_purged":[],"score":913,"play_id":"2ca6cc44-8345-4dfa-b5d4-013a1dc2480c","local_time":"20181206231658","is_ascension_mode":true,"campfire_choices":[{"floor":15.0,"key":"REST"},{"floor":23.0,"key":"REST"},{"data":"Noxious Fumes","floor":25.0,"key":"SMITH"},{"floor":30.0,"key":"REST"},{"floor":32.0,"key":"REST"},{"data":"After Image","floor":40.0,"key":"SMITH"},{"floor":42.0,"key":"RECALL"},{"floor":47.0,"key":"REST"},{"floor":49.0,"key":"REST"},{"data":"Catalyst","floor":52,"key":"SMITH"}],"neow_cost":"NONE","seed_source_timestamp":0,"circlet_count":0,"master_deck":["Defend_G","Defend_G","Defend_G","Defend_G","Defend_G","Strike_G","Strike_G","Strike_G","Strike_G","Survivor","Neutralize+1","Poisoned Stab","Endless Agony","Dodge and Roll","Deadly Poison","Blade Dance","Quick Slash","Enlightenment","PiercingWail","Backflip","Dagger Spray","Poisoned Stab","After Image+1","Catalyst","Footwork","Sucker Punch","Noxious Fumes+1","Leg Sweep","Necronomicurse","PiercingWail","Catalyst+1","Deflect+1","Corpse Explosion","Dagger Throw+1","Footwork","Secret Weapon","Footwork","Sucker Punch+1","Deadly Poison"],"special_seed":0,"relics":["Ring of the Serpent","NeowsBlessing","Golden Idol","Bronze Scales","Odd Mushroom","Paper Crane","Anchor","Sozu","Necronomicon","Blood Vial","Kunai","Orichalcum","WingedGreaves","Letter Opener"],"potions_floor_usage":[],"damage_taken":[{"damage":0.0,"enemies":"Cultist","floor":1.0,"turns":1.0},{"damage":0.0,"enemies":"Small Slimes","floor":5.0,"turns":1.0},{"damage":0.0,"enemies":"Gremlin Nob","floor":6.0,"turns":1.0},{"damage":17.0,"enemies":"The Mushroom Lair","floor":8.0,"turns":3.0},{"damage":2.0,"enemies":"2 Louse","floor":11.0,"turns":3.0},{"damage":26.0,"enemies":"Lagavulin","floor":12.0,"turns":8.0},{"damage":0.0,"enemies":"Red Slaver","floor":13.0,"turns":3.0},{"damage":0.0,"enemies":"2 Fungi Beasts","floor":14.0,"turns":3.0},{"damage":9.0,"enemies":"The Guardian","floor":16.0,"turns":11.0},{"damage":0.0,"enemies":"3 Byrds","floor":18.0,"turns":4.0},{"damage":12.0,"enemies":"Colosseum Slavers","floor":20.0,"turns":5.0},{"damage":14.0,"enemies":"Spheric Guardian","floor":28.0,"turns":6.0},{"damage":9.0,"enemies":"Cultist and Chosen","floor":29.0,"turns":9.0},{"damage":5.0,"enemies":"Snecko","floor":31.0,"turns":4.0},{"damage":25.0,"enemies":"Champ","floor":33.0,"turns":11.0},{"damage":0.0,"enemies":"3 Shapes","floor":35.0,"turns":6.0},{"damage":16.0,"enemies":"Mind Bloom Boss Battle","floor":36.0,"turns":6.0},{"damage":22.0,"enemies":"3 Darklings","floor":44.0,"turns":6.0},{"damage":4.0,"enemies":"Maw","floor":45.0,"turns":7.0},{"damage":26,"enemies":"Awakened One","floor":50,"turns":17},{"damage":70,"enemies":"Shield and Spear","floor":54,"turns":5}],"seed_played":"-928392347389189772","potions_obtained":[{"floor":6.0,"key":"Poison Potion"},{"floor":12.0,"key":"Energy Potion"},{"floor":14.0,"key":"SpeedPotion"},{"floor":16.0,"key":"SpeedPotion"}],"is_trial":false,"path_per_floor":["M","?","?","?","M","E","$","?","T","?","M","E","M","M","R","B",null,"M","$","?","$","?","R","?","R","T","?","M","M","R","M","R","B",null,"M","?","$","?","$","R","?","R","T","M","M","$","R","?","R","B",null,"R","$","E"],"character_chosen":"THE_SILENT","items_purchased":["Deadly Poison","Footwork","Sucker Punch","Noxious Fumes","Leg Sweep","Footwork","Letter Opener","Deadly Poison"],"campfire_rested":6,"item_purchase_floors":[7,19,19,21,21,37,37,46],"current_hp_per_floor":[63,46,46,46,46,46,46,29,29,29,27,1,1,1,22,13,56,56,56,44,44,28,49,49,49,49,49,37,30,51,48,69,45,64,66,52,52,52,52,52,52,52,52,32,30,30,51,51,70,44,64,64,64,0],"gold":13,"neow_bonus":"THREE_ENEMY_KILL","is_prod":false,"is_daily":false,"chose_seed":false,"campfire_upgraded":3,"win_rate":0,"timestamp":1544156218,"path_taken":["M","?","?","?","?","E","$","?","T","?","M","E","?","M","R","BOSS","M","$","?","$","?","R","?","R","T","?","M","?","R","M","R","BOSS","M","?","$","?","?","R","?","R","T","M","?","?","R","?","R","BOSS","R","$","E"],"build_version":"2018-12-06","purchased_purges":0,"victory":false,"max_hp_per_floor":[70,70,70,70,70,70,70,70,70,70,70,70,70,70,70,70,70,70,70,70,70,70,70,70,70,70,70,70,70,70,70,70,70,70,70,70,70,70,70,70,70,70,70,70,70,70,70,70,70,70,70,70,70,70],"card_choices":[{"not_picked":["Underhanded Strike","Backflip"],"picked":"Poisoned Stab","floor":1.0},{"not_picked":["Quick Slash","Flechettes"],"picked":"Endless Agony","floor":5.0},{"not_picked":["Storm of Steel","Calculated Gamble"],"picked":"Dodge and Roll","floor":6.0},{"not_picked":["Slice","Outmaneuver"],"picked":"Blade Dance","floor":8.0},{"not_picked":["Quick Slash","Backflip"],"picked":"PiercingWail","floor":11.0},{"not_picked":["Deflect","Flechettes"],"picked":"Backflip","floor":12.0},{"not_picked":["Acrobatics","Backflip"],"picked":"Dagger Spray","floor":13.0},{"not_picked":["Bullet Time","PiercingWail"],"picked":"Poisoned Stab","floor":14.0},{"not_picked":["Doppelganger","Storm of Steel"],"picked":"After Image","floor":16.0},{"not_picked":["Eviscerate","Blade Dance"],"picked":"Catalyst","floor":18.0},{"not_picked":["Acrobatics","Quick Slash+1"],"picked":"PiercingWail","floor":28.0},{"not_picked":["Deflect","Dash+1"],"picked":"Catalyst","floor":29.0},{"not_picked":["Heel Hook","Cloak And Dagger+1"],"picked":"Deflect+1","floor":31.0},{"not_picked":["Phantasmal Killer","Malaise"],"picked":"Corpse Explosion","floor":33.0},{"not_picked":["Sucker Punch","Masterful Stab+1"],"picked":"Dagger Throw+1","floor":35.0},{"not_picked":["Sadistic Nature","Thinking Ahead"],"picked":"Secret Weapon","floor":38.0},{"not_picked":["Flechettes","Dodge and Roll"],"picked":"Footwork","floor":44.0},{"not_picked":["Dagger Throw","Backflip"],"picked":"Sucker Punch+1","floor":45.0}],"player_experience":186229,"relics_obtained":[{"floor":6.0,"key":"Bronze Scales"},{"floor":8.0,"key":"Odd Mushroom"},{"floor":9.0,"key":"Paper Crane"},{"floor":12.0,"key":"Anchor"},{"floor":22.0,"key":"Necronomicon"},{"floor":26.0,"key":"Kunai"},{"floor":36.0,"key":"WingedGreaves"}],"event_choices":[{"damage_healed":0.0,"max_hp_gain":0.0,"max_hp_loss":0.0,"gold_gain":0.0,"event_name":"Golden Idol","player_choice":"Take Damage","floor":2.0,"gold_loss":0.0,"damage_taken":17.0,"relics_obtained":["Golden Idol"]},{"damage_healed":0.0,"max_hp_gain":0.0,"max_hp_loss":0.0,"gold_gain":0.0,"event_name":"Living Wall","player_choice":"Grow","floor":3.0,"gold_loss":0.0,"damage_taken":0.0,"cards_upgraded":["Neutralize"]},{"cards_removed":["Strike_G"],"damage_healed":0.0,"max_hp_gain":0.0,"max_hp_loss":0.0,"gold_gain":0.0,"event_name":"Bonfire Elementals","player_choice":"Offered Basic","floor":4.0,"gold_loss":0.0,"damage_taken":0.0},{"damage_healed":0.0,"max_hp_gain":0.0,"max_hp_loss":0.0,"gold_gain":0.0,"event_name":"Mushrooms","player_choice":"Fought Mushrooms","floor":8.0,"gold_loss":0.0,"damage_taken":0.0},{"damage_healed":0.0,"max_hp_gain":0.0,"max_hp_loss":0.0,"gold_gain":0.0,"event_name":"Match and Keep!","player_choice":"2 cards matched","floor":10.0,"gold_loss":0.0,"damage_taken":0.0,"cards_obtained":["Quick Slash","Enlightenment"]},{"damage_healed":0.0,"max_hp_gain":0.0,"max_hp_loss":0.0,"gold_gain":0.0,"event_name":"Colosseum","player_choice":"Fight","floor":20.0,"gold_loss":0.0,"damage_taken":0.0},{"damage_healed":0.0,"max_hp_gain":0.0,"max_hp_loss":0.0,"gold_gain":0.0,"event_name":"Colosseum","player_choice":"Fled From Nobs","floor":20.0,"gold_loss":0.0,"damage_taken":0.0},{"damage_healed":0.0,"max_hp_gain":0.0,"max_hp_loss":0.0,"gold_gain":0.0,"event_name":"Cursed Tome","player_choice":"Obtained Book","floor":22.0,"gold_loss":0.0,"damage_taken":16.0},{"damage_healed":0.0,"max_hp_gain":0.0,"max_hp_loss":0.0,"gold_gain":0.0,"event_name":"The Mausoleum","player_choice":"Opened","floor":24.0,"gold_loss":0.0,"damage_taken":0.0,"relics_obtained":["Blood Vial"],"cards_obtained":["Writhe"]},{"damage_healed":0.0,"max_hp_gain":0.0,"max_hp_loss":0.0,"gold_gain":0.0,"event_name":"Addict","player_choice":"Obtained Relic","floor":27.0,"gold_loss":85.0,"damage_taken":0.0,"relics_obtained":["Orichalcum"]},{"damage_healed":0.0,"max_hp_gain":0.0,"max_hp_loss":0.0,"gold_gain":0.0,"event_name":"MindBloom","player_choice":"Fight","floor":36.0,"gold_loss":0.0,"damage_taken":0.0},{"damage_healed":0.0,"max_hp_gain":0.0,"max_hp_loss":0.0,"gold_gain":0.0,"event_name":"SensoryStone","player_choice":"Memory 1","floor":38.0,"gold_loss":0.0,"damage_taken":0.0},{"cards_removed":["Writhe"],"damage_healed":0.0,"max_hp_gain":0.0,"max_hp_loss":0.0,"gold_gain":0.0,"event_name":"Purifier","player_choice":"Purged","floor":41.0,"gold_loss":0.0,"damage_taken":0.0},{"damage_healed":0.0,"max_hp_gain":0.0,"max_hp_loss":0.0,"gold_gain":0.0,"event_name":"Lab","player_choice":"Got Potions","floor":48.0,"gold_loss":0.0,"damage_taken":0.0}],"is_beta":false,"boss_relics":[{"not_picked":["Runic Pyramid","Lizard Tail"],"picked":"Sozu"},{"not_picked":["Coffee Dripper","WristBlade"],"picked":"Ring of the Serpent"}],"items_purged_floors":[],"is_endless":false,"potions_floor_spawned":[6,12,14,16,29,33,36,44],"killed_by":"Shield and Spear","ascension_level":6}