{"gold_per_floor":[367,382,399,399,418,418,158,158,158,169,169,203,203,235,235,313,313,333,333,248,265,1,34,34,34,34,66,66],"floor_reached":28,"playtime":1433,"items_purged":["Writhe","Strike_B"],"score":578,"play_id":"13ac2c80-39eb-40f7-b990-8ca7cca90202","local_time":"20190521212124","is_ascension_mode":true,"campfire_choices":[{"data":"Zap","floor":6.0,"key":"SMITH"},{"data":"Static Discharge","floor":8.0,"key":"SMITH"},{"floor":13.0,"key":"REST"},{"data":"Coolheaded","floor":15.0,"key":"SMITH"},{"data":"Blizzard","floor":24.0,"key":"SMITH"},{"floor":25.0,"key":"REST"}],"neow_cost":"CURSE","seed_source_timestamp":99275407218455,"circlet_count":0,"master_deck":["AscendersBane","Strike_B","Strike_B","Strike_B","Defend_B","Defend_B","Defend_B","Defend_B","Zap+1","Dualcast","Gash","Coolheaded+1","Barrage","Loop","Static Discharge+1","Coolheaded+1","Glacier","FTL","Seek","Gash","Buffer","Blizzard+1","Capacitor"],"special_seed":0,"relics":["Cracked Core","Oddly Smooth Stone","Letter Opener","Ginger","Potion Belt","Cursed Key","Question Card","WingedGreaves","Blood Vial"],"potions_floor_usage":[27],"damage_taken":[{"damage":6.0,"enemies":"2 Louse","floor":1.0,"turns":2.0},{"damage":1.0,"enemies":"Cultist","floor":2.0,"turns":3.0},{"damage":7.0,"enemies":"Small Slimes","floor":3.0,"turns":4.0},{"damage":17.0,"enemies":"Looter","floor":5.0,"turns":3.0},{"damage":4.0,"enemies":"Lots of Slimes","floor":10.0,"turns":3.0},{"damage":0.0,"enemies":"Lagavulin","floor":12.0,"turns":8.0},{"damage":14.0,"enemies":"3 Sentries","floor":14.0,"turns":6.0},{"damage":23.0,"enemies":"Hexaghost","floor":16.0,"turns":10.0},{"damage":5.0,"enemies":"Chosen","floor":18.0,"turns":5.0},{"damage":0.0,"enemies":"Spheric Guardian","floor":21.0,"turns":2.0},{"damage":45.0,"enemies":"Slavers","floor":23.0,"turns":6.0},{"damage":10,"enemies":"Book of Stabbing","floor":27,"turns":5},{"damage":23,"enemies":"Snake Plant","floor":28,"turns":3}],"seed_played":"-443633963859424080","potions_obtained":[{"floor":1.0,"key":"PowerPotion"},{"floor":5.0,"key":"Dexterity Potion"},{"floor":16.0,"key":"AttackPotion"},{"floor":18.0,"key":"AttackPotion"},{"floor":23.0,"key":"Weak Potion"}],"is_trial":false,"path_per_floor":["M","M","M","?","M","R","$","R","T","M","?","E","R","E","R","B",null,"M","?","?","M","$","E","R","R","T","E","M"],"character_chosen":"DEFECT","items_purchased":["Oddly Smooth Stone","Coolheaded","Buffer"],"campfire_rested":2,"item_purchase_floors":[7,7,22],"current_hp_per_floor":[58,57,50,50,33,33,33,33,33,29,29,29,50,36,36,13,57,52,52,52,52,52,7,7,28,28,18,0],"gold":66,"neow_bonus":"TWO_FIFTY_GOLD","is_prod":false,"is_daily":false,"chose_seed":false,"campfire_upgraded":4,"win_rate":0,"timestamp":1558488084,"path_taken":["M","M","M","?","?","R","$","R","T","M","?","E","R","E","R","BOSS","M","?","?","M","$","E","R","R","T","E","M"],"build_version":"2019-01-23","purchased_purges":2,"victory":false,"max_hp_per_floor":[71,71,71,71,71,71,71,71,71,71,71,71,71,71,71,71,71,71,71,71,71,71,71,71,71,71,71,71],"card_choices":[{"not_picked":["Steam Power","Stack"],"picked":"Gash","floor":1.0},{"not_picked":["Darkness","Heatsinks"],"picked":"Coolheaded","floor":2.0},{"not_picked":["Coolheaded","Conserve Battery"],"picked":"Barrage","floor":3.0},{"not_picked":["Sweeping Beam","Lockon"],"picked":"Static Discharge","floor":5.0},{"not_picked":["Streamline","Turbo","Recycle"],"picked":"SKIP","floor":10.0},{"not_picked":["Double Energy","Stack"],"picked":"Glacier","floor":12.0},{"not_picked":["Conserve Battery","Steam Power"],"picked":"FTL","floor":14.0},{"not_picked":["Fission","Amplify"],"picked":"Seek","floor":16.0},{"not_picked":["Go for the Eyes","Streamline"],"picked":"Gash","floor":18.0},{"not_picked":["Beam Cell","Leap","Go for the Eyes","Double Energy"],"picked":"SKIP","floor":21.0},{"not_picked":["Tempest","Redo+1","Heatsinks"],"picked":"Blizzard","floor":23.0},{"not_picked":["FTL+1","Tempest","Force Field"],"picked":"Capacitor","floor":27}],"player_experience":722976,"relics_obtained":[{"floor":9.0,"key":"Letter Opener"},{"floor":12.0,"key":"Ginger"},{"floor":14.0,"key":"Potion Belt"},{"floor":23.0,"key":"WingedGreaves"},{"floor":27,"key":"Blood Vial"}],"event_choices":[{"damage_healed":0.0,"max_hp_gain":0.0,"max_hp_loss":0.0,"gold_gain":0.0,"event_name":"Match and Keep!","player_choice":"1 cards matched","floor":4.0,"gold_loss":0.0,"damage_taken":0.0,"cards_obtained":["Loop"]},{"damage_healed":0.0,"max_hp_gain":0.0,"max_hp_loss":0.0,"gold_gain":0.0,"event_name":"Living Wall","player_choice":"Grow","floor":11.0,"gold_loss":0.0,"damage_taken":0.0,"cards_upgraded":["Coolheaded"]},{"damage_healed":0.0,"max_hp_gain":0.0,"max_hp_loss":0.0,"gold_gain":0.0,"event_name":"Ghosts","player_choice":"Ignored","floor":19.0,"gold_loss":0.0,"damage_taken":0.0},{"damage_healed":0.0,"max_hp_gain":0.0,"max_hp_loss":0.0,"gold_gain":0.0,"event_name":"Addict","player_choice":"Obtained Relic","floor":20.0,"gold_loss":85.0,"damage_taken":0.0,"relics_obtained":["Question Card"]}],"is_beta":false,"boss_relics":[{"not_picked":["Orrery","Empty Cage"],"picked":"Cursed Key"}],"items_purged_floors":[7,22],"is_endless":false,"potions_floor_spawned":[1,5,16,18,23],"killed_by":"Snake Plant","ascension_level":20}