{"gold_per_floor":[129,66,78,102,19,19,47,47,47,108,135,135,163,173,173,250,250,231,231],"floor_reached":19,"playtime":1145,"items_purged":[],"score":320,"play_id":"5c6efe10-ccbd-4215-9293-6f24ec2001c2","local_time":"20190524090911","is_ascension_mode":true,"campfire_choices":[{"data":"Bash","floor":6,"key":"SMITH"},{"data":"Disarm","floor":15,"key":"SMITH"}],"neow_cost":"NONE","seed_source_timestamp":375527668300017,"circlet_count":0,"master_deck":["AscendersBane","Strike_R","Strike_R","Strike_R","Strike_R","Defend_R","Defend_R","Defend_R","Defend_R","Bash+1","Hemokinesis","Pommel Strike","Shrug It Off","Feel No Pain","Disarm+1","Whirlwind","Battle Trance","Juggernaut","Shrug It Off"],"relics":["Burning Blood","MawBank","Meat on the Bone","PreservedInsect","Blue Candle","Happy Flower","Paper Frog","Bag of Preparation","Runic Cube"],"potions_floor_usage":[19],"damage_taken":[{"damage":4,"enemies":"Small Slimes","floor":1,"turns":5},{"damage":5,"enemies":"Jaw Worm","floor":4,"turns":3},{"damage":23,"enemies":"Gremlin Nob","floor":7,"turns":4},{"damage":19,"enemies":"Gremlin Nob","floor":10,"turns":3},{"damage":18,"enemies":"3 Sentries","floor":11,"turns":10},{"damage":21,"enemies":"Lagavulin","floor":13,"turns":7},{"damage":4,"enemies":"2 Louse","floor":14,"turns":2},{"damage":27,"enemies":"The Guardian","floor":16,"turns":14},{"damage":32,"enemies":"2 Thieves","floor":18,"turns":4},{"damage":58,"enemies":"Masked Bandits","floor":19,"turns":4}],"seed_played":"3075675558920072098","potions_obtained":[{"floor":1,"key":"GamblersBrew"}],"is_trial":false,"path_per_floor":["M","?","$","M","$","R","E","?","T","?","E","T","E","M","R","B",null,"M","?"],"character_chosen":"IRONCLAD","items_purchased":["Shrug It Off","SteroidPotion"],"campfire_rested":0,"item_purchase_floors":[5,5],"current_hp_per_floor":[70,70,70,71,71,71,54,59,59,58,58,58,55,57,57,48,72,58,0],"gold":231,"neow_bonus":"RANDOM_COMMON_RELIC","is_prod":false,"is_daily":false,"chose_seed":false,"campfire_upgraded":2,"win_rate":0,"timestamp":1558703351,"path_taken":["M","?","?","M","$","R","E","?","T","?","E","?","E","M","R","BOSS","M","?"],"build_version":"2019-01-23","purchased_purges":0,"victory":false,"max_hp_per_floor":[75,75,75,75,75,75,75,80,80,80,80,80,80,80,80,80,80,80,80],"card_choices":[{"not_picked":["Clash","Body Slam"],"picked":"Hemokinesis","floor":1},{"not_picked":["Perfected Strike","Searing Blow"],"picked":"Pommel Strike","floor":4},{"not_picked":["Hemokinesis","Iron Wave"],"picked":"Feel No Pain","floor":7},{"not_picked":["Flame Barrier","Shockwave"],"picked":"Disarm","floor":10},{"not_picked":["Perfected Strike","Infernal Blade"],"picked":"Whirlwind","floor":11},{"not_picked":["Whirlwind","Clash","Twin Strike"],"picked":"SKIP","floor":13},{"not_picked":["Cleave","Heavy Blade"],"picked":"Battle Trance","floor":14},{"not_picked":["Impervious","Limit Break"],"picked":"Juggernaut","floor":16},{"not_picked":["Entrench","Armaments"],"picked":"Shrug It Off","floor":18}],"player_experience":1290113,"relics_obtained":[{"floor":7,"key":"Meat on the Bone"},{"floor":9,"key":"PreservedInsect"},{"floor":10,"key":"Blue Candle"},{"floor":11,"key":"Happy Flower"},{"floor":12,"key":"Paper Frog"},{"floor":13,"key":"Bag of Preparation"}],"event_choices":[{"cards_removed":["Strike_R"],"damage_healed":0,"gold_gain":0,"player_choice":"Card Removal","damage_taken":0,"max_hp_gain":0,"max_hp_loss":0,"event_name":"The Cleric","floor":2,"gold_loss":75},{"damage_healed":0,"gold_gain":0,"player_choice":"Donut","damage_taken":0,"max_hp_gain":5,"max_hp_loss":0,"event_name":"Big Fish","floor":8,"gold_loss":0},{"damage_healed":0,"gold_gain":30,"player_choice":"Searched \u00273\u0027 times","damage_taken":0,"max_hp_gain":0,"max_hp_loss":0,"event_name":"Dead Adventurer","floor":10,"gold_loss":0},{"damage_healed":0,"gold_gain":0,"player_choice":"Fought Bandits","damage_taken":0,"max_hp_gain":0,"max_hp_loss":0,"event_name":"Masked Bandits","floor":19,"gold_loss":0}],"is_beta":false,"boss_relics":[{"not_picked":["Tiny House","Eternal Feather"],"picked":"Runic Cube"}],"items_purged_floors":[],"is_endless":false,"potions_floor_spawned":[1,7,16],"killed_by":"Masked Bandits","ascension_level":15}