{"gold_per_floor":[110,285,285,302,316,345,41,76,76,101,1,1,26,106,106,208,208,220,239,35,54,154,187,204,218,290,290,315,334,334,364,364,460,460,475,35,46,66,80,80,99,99,99,199,213,37,48,102,102,102],"floor_reached":51,"playtime":5514,"items_purged":["Defend_R","Strike_R","Doubt","Strike_R"],"score":911,"play_id":"e4fc9e38-dfc4-46ab-8a7a-c2b47c706c9d","local_time":"20190414222733","is_ascension_mode":true,"campfire_choices":[{"data":"1","floor":12,"key":"LIFT"},{"data":"2","floor":15,"key":"LIFT"},{"data":"3","floor":27,"key":"LIFT"},{"data":"Heavy Blade","floor":32,"key":"SMITH"},{"data":"Juggernaut","floor":40,"key":"SMITH"},{"data":"Defend_R","floor":42,"key":"SMITH"},{"data":"Defend_R","floor":49,"key":"SMITH"}],"neow_cost":"NONE","seed_source_timestamp":3485013050175772,"circlet_count":0,"master_deck":["Strike_R","Strike_R","Strike_R","Defend_R+1","Defend_R+1","Defend_R","Bash","Whirlwind","Inflame","Ghostly Armor+1","Chrysalis+1","Warcry+1","Heavy Blade+1","Shrug It Off+1","Rage+1","Reaper+1","True Grit+1","Iron Wave+1","Disarm+1","Infernal Blade+1","Fiend Fire+1","Inflame","Battle Trance+1","Flex+1","Juggernaut+1","Shrug It Off+1","Body Slam+1","Intimidate+1","Entrench+1","Inflame+1","Shrug It Off+1","Parasite","Double Tap+1","Iron Wave+1","Body Slam+1","Inflame","Flex+1","Armaments+1","Disarm+1","Uppercut+1"],"relics":["Burning Blood","PreservedInsect","Toxic Egg 2","Girya","Singing Bowl","Calipers","Thread and Needle","Molten Egg 2","Runic Pyramid","Oddly Smooth Stone","Kunai","Pocketwatch","Gambling Chip","Cursed Key","OrangePellets","Centennial Puzzle","Prayer Wheel","Magic Flower"],"potions_floor_usage":[8,13,16,16,18,23,50],"damage_taken":[{"damage":1,"enemies":"Cultist","floor":1,"turns":3},{"damage":3,"enemies":"2 Louse","floor":4,"turns":4},{"damage":25,"enemies":"Jaw Worm","floor":5,"turns":5},{"damage":14,"enemies":"Gremlin Nob","floor":6,"turns":3},{"damage":4,"enemies":"3 Sentries","floor":8,"turns":8},{"damage":31,"enemies":"Lagavulin","floor":10,"turns":8},{"damage":13,"enemies":"3 Sentries","floor":13,"turns":3},{"damage":1,"enemies":"The Guardian","floor":16,"turns":10},{"damage":18,"enemies":"2 Thieves","floor":18,"turns":4},{"damage":0,"enemies":"3 Byrds","floor":19,"turns":5},{"damage":9,"enemies":"Cultist and Chosen","floor":21,"turns":9},{"damage":35,"enemies":"Gremlin Leader","floor":23,"turns":9},{"damage":0,"enemies":"Snake Plant","floor":24,"turns":6},{"damage":22,"enemies":"3 Cultists","floor":25,"turns":6},{"damage":25,"enemies":"Slavers","floor":28,"turns":6},{"damage":0,"enemies":"Centurion and Healer","floor":29,"turns":8},{"damage":0,"enemies":"Book of Stabbing","floor":31,"turns":2},{"damage":10,"enemies":"Champ","floor":33,"turns":8},{"damage":8,"enemies":"3 Shapes","floor":35,"turns":5},{"damage":2,"enemies":"Orb Walker","floor":37,"turns":2},{"damage":0,"enemies":"3 Darklings","floor":38,"turns":3},{"damage":0,"enemies":"Maw","floor":39,"turns":6},{"damage":12,"enemies":"Jaw Worm Horde","floor":41,"turns":4},{"damage":0,"enemies":"Mind Bloom Boss Battle","floor":44,"turns":4},{"damage":0,"enemies":"4 Shapes","floor":45,"turns":6},{"damage":0,"enemies":"Maw","floor":47,"turns":5},{"damage":7,"enemies":"2 Orb Walkers","floor":48,"turns":3},{"damage":7,"enemies":"Time Eater","floor":50,"turns":6}],"seed_played":"8923355086442468681","potions_obtained":[{"floor":1,"key":"Strength Potion"},{"floor":5,"key":"AttackPotion"},{"floor":10,"key":"Weak Potion"},{"floor":13,"key":"Block Potion"},{"floor":16,"key":"Energy Potion"},{"floor":19,"key":"Energy Potion"},{"floor":25,"key":"Dexterity Potion"},{"floor":28,"key":"Swift Potion"},{"floor":33,"key":"FairyPotion"},{"floor":37,"key":"FearPotion"},{"floor":47,"key":"PowerPotion"}],"is_trial":false,"path_per_floor":["M","?","?","M","M","E","$","E","T","E","$","R","E","T","R","B",null,"M","M","$","M","?","E","M","M","T","R","E","M","?","E","R","B",null,"M","$","M","M","M","R","M","R","T","?","M","$","M","?","R","B",null],"character_chosen":"IRONCLAD","items_purchased":["Chrysalis+1","Warcry+1","Disarm+1","Body Slam+1","Intimidate+1","OrangePellets","Body Slam+1","Inflame","Flex+1"],"campfire_rested":0,"item_purchase_floors":[7,7,20,36,36,36,46,46,46],"current_hp_per_floor":[88,88,81,84,65,57,57,59,59,34,34,34,27,27,27,32,88,85,88,88,88,88,61,82,78,78,78,79,92,74,80,80,86,97,97,97,97,97,97,97,99,99,99,101,101,101,101,100,100,101],"gold":102,"neow_bonus":"TEN_PERCENT_HP_BONUS","is_prod":false,"is_daily":false,"chose_seed":false,"campfire_upgraded":4,"win_rate":0,"timestamp":1555295253,"path_taken":["M","?","?","M","M","E","$","E","T","E","$","R","E","?","R","BOSS","M","M","$","?","?","E","M","?","T","R","E","M","?","E","R","BOSS","M","$","M","M","M","R","M","R","T","?","M","$","M","?","R","BOSS"],"build_version":"2019-01-23","purchased_purges":4,"victory":true,"max_hp_per_floor":[88,88,88,88,88,88,88,88,88,88,88,88,88,88,88,88,88,88,88,88,88,88,90,90,92,92,92,92,92,97,97,97,97,97,97,97,97,97,97,97,99,99,99,101,101,101,101,101,101,101],"card_choices":[{"not_picked":["Wild Strike","Pummel"],"picked":"Whirlwind","floor":1},{"not_picked":["Cleave","Wild Strike","Ghostly Armor"],"picked":"SKIP","floor":4},{"not_picked":["Anger","Sentinel"],"picked":"Inflame","floor":5},{"not_picked":["Corruption","Searing Blow"],"picked":"Ghostly Armor","floor":6},{"not_picked":["Sever Soul","Searing Blow"],"picked":"Heavy Blade","floor":8},{"not_picked":["Dark Embrace","True Grit+1"],"picked":"Shrug It Off+1","floor":10},{"not_picked":["Combust","Bloodletting+1"],"picked":"Rage+1","floor":13},{"not_picked":["Bludgeon+1","Immolate+1"],"picked":"Reaper+1","floor":16},{"not_picked":["Headbutt+1","Wild Strike+1"],"picked":"True Grit+1","floor":18},{"not_picked":["Rupture","Twin Strike+1"],"picked":"Iron Wave+1","floor":19},{"not_picked":["Combust","Clothesline+1"],"picked":"Infernal Blade+1","floor":21},{"not_picked":["Whirlwind+1","Havoc+1","Thunderclap+1"],"picked":"Singing Bowl","floor":23},{"not_picked":["Flame Barrier+1","Reckless Charge+1"],"picked":"Fiend Fire+1","floor":24},{"not_picked":["Sword Boomerang+1","Havoc+1","Twin Strike+1"],"picked":"Singing Bowl","floor":25},{"not_picked":["Fiend Fire+1","Flex+1"],"picked":"Inflame","floor":28},{"not_picked":["Combust","Thunderclap+1"],"picked":"Battle Trance+1","floor":29},{"not_picked":["Twin Strike+1","Fire Breathing"],"picked":"Flex+1","floor":31},{"not_picked":["Fiend Fire+1","Reaper+1"],"picked":"Juggernaut","floor":33},{"not_picked":["Clash+1","Warcry+1"],"picked":"Shrug It Off+1","floor":35},{"not_picked":["True Grit+1","Havoc+1"],"picked":"Entrench+1","floor":37},{"not_picked":["Wild Strike+1","Carnage+1"],"picked":"Inflame+1","floor":38},{"not_picked":["Sever Soul+1","Whirlwind+1"],"picked":"Shrug It Off+1","floor":39},{"not_picked":["Heavy Blade+1","Wild Strike+1","True Grit+1"],"picked":"Singing Bowl","floor":41},{"not_picked":["Clothesline+1","Warcry+1","True Grit+1"],"picked":"Singing Bowl","floor":44},{"not_picked":["Shrug It Off+1","Sword Boomerang+1"],"picked":"Double Tap+1","floor":45},{"not_picked":["Whirlwind+1","Wild Strike+1"],"picked":"Iron Wave+1","floor":45},{"not_picked":["Havoc+1","Hemokinesis+1"],"picked":"Armaments+1","floor":47},{"not_picked":["Heavy Blade+1","Shockwave+1"],"picked":"Disarm+1","floor":47},{"not_picked":["Combust","Clothesline+1"],"picked":"Uppercut+1","floor":48}],"player_experience":80627,"relics_obtained":[{"floor":6,"key":"Toxic Egg 2"},{"floor":8,"key":"Girya"},{"floor":9,"key":"Singing Bowl"},{"floor":10,"key":"Calipers"},{"floor":13,"key":"Thread and Needle"},{"floor":14,"key":"Molten Egg 2"},{"floor":23,"key":"Oddly Smooth Stone"},{"floor":26,"key":"Kunai"},{"floor":28,"key":"Pocketwatch"},{"floor":31,"key":"Gambling Chip"},{"floor":43,"key":"Centennial Puzzle"},{"floor":44,"key":"Prayer Wheel"},{"floor":48,"key":"Magic Flower"}],"event_choices":[{"damage_healed":0,"gold_gain":175,"player_choice":"AGREE","damage_taken":0,"max_hp_gain":0,"max_hp_loss":0,"event_name":"Liars Game","floor":2,"gold_loss":0,"cards_obtained":["Doubt"]},{"damage_healed":0,"gold_gain":0,"player_choice":"Success","damage_taken":7,"relics_obtained":["PreservedInsect"],"max_hp_gain":0,"max_hp_loss":0,"event_name":"Scrap Ooze","floor":3,"gold_loss":0},{"damage_healed":0,"gold_gain":100,"player_choice":"Pray","damage_taken":0,"max_hp_gain":0,"max_hp_loss":0,"event_name":"Golden Shrine","floor":22,"gold_loss":0},{"damage_healed":0,"gold_gain":0,"player_choice":"Shed Blood","damage_taken":23,"max_hp_gain":5,"max_hp_loss":0,"event_name":"Forgotten Altar","floor":30,"gold_loss":0},{"damage_healed":0,"gold_gain":0,"player_choice":"Fight","damage_taken":0,"max_hp_gain":0,"max_hp_loss":0,"event_name":"MindBloom","floor":44,"gold_loss":0},{"damage_healed":0,"gold_gain":0,"player_choice":"Fight","damage_taken":0,"max_hp_gain":0,"max_hp_loss":0,"event_name":"Mysterious Sphere","floor":48,"gold_loss":0}],"is_beta":false,"boss_relics":[{"not_picked":["White Beast Statue","Black Blood"],"picked":"Runic Pyramid"},{"not_picked":["Orrery","Snecko Eye"],"picked":"Cursed Key"}],"items_purged_floors":[7,11,20,36],"is_endless":false,"potions_floor_spawned":[1,5,10,13,16,19,25,28,33,37,38,39,44,45,47],"ascension_level":2}