{"gold_per_floor":[15,31,31,48,61,86,86,86,86,113,133,133,65,78,78,183,183,199,199,199,214,226,226],"floor_reached":23,"playtime":865,"items_purged":[],"score":325,"play_id":"4d0070c1-34cf-4d6b-98fb-f9a90b872839","local_time":"20190517005805","is_ascension_mode":true,"campfire_choices":[{"floor":7,"key":"DIG"},{"floor":12,"key":"REST"},{"floor":15,"key":"DIG"}],"neow_cost":"NO_GOLD","seed_source_timestamp":701842891235387,"circlet_count":0,"master_deck":["AscendersBane","Strike_R+1","Strike_R+1","Defend_R+1","Defend_R+1","Defend_R+1","Defend_R+1","Bash+1","Cleave","Anger","Spot Weakness","Ghostly Armor","Pommel Strike","Whirlwind","Wild Strike","Metallicize+1","Iron Wave","Fiend Fire","Blood for Blood+1","Double Tap+1","Body Slam+1","Clothesline","Reaper","Metallicize+1"],"relics":["Burning Blood","Frozen Egg 2","Lantern","Self Forming Clay","Orichalcum","Unceasing Top","Astrolabe","Nloth\u0027s Gift"],"potions_floor_usage":[10,16,21,22],"damage_taken":[{"damage":7,"enemies":"Jaw Worm","floor":1,"turns":3},{"damage":5,"enemies":"Small Slimes","floor":2,"turns":3},{"damage":1,"enemies":"Cultist","floor":4,"turns":3},{"damage":14,"enemies":"Blue Slaver","floor":5,"turns":4},{"damage":35,"enemies":"3 Sentries","floor":6,"turns":7},{"damage":25,"enemies":"Gremlin Nob","floor":10,"turns":4},{"damage":9,"enemies":"Looter","floor":11,"turns":3},{"damage":10,"enemies":"Gremlin Gang","floor":14,"turns":3},{"damage":33,"enemies":"The Guardian","floor":16,"turns":12},{"damage":28,"enemies":"2 Thieves","floor":18,"turns":4},{"damage":14,"enemies":"Shell Parasite","floor":21,"turns":4},{"damage":36,"enemies":"Snake Plant","floor":22,"turns":4},{"damage":8,"enemies":"Gremlin Leader","floor":23,"turns":2}],"seed_played":"91043469957901750","potions_obtained":[{"floor":4,"key":"AttackPotion"},{"floor":6,"key":"SpeedPotion"},{"floor":11,"key":"GamblersBrew"},{"floor":16,"key":"Energy Potion"},{"floor":21,"key":"GamblersBrew"}],"is_trial":false,"path_per_floor":["M","M","$","M","M","E","R","?","T","E","M","R","$","M","R","B",null,"M","?","?","M","M","E"],"character_chosen":"IRONCLAD","items_purchased":["Metallicize+1"],"campfire_rested":1,"item_purchase_floors":[13],"current_hp_per_floor":[71,72,72,77,69,40,40,40,40,21,18,42,42,38,38,11,63,41,41,41,33,8,0],"gold":226,"neow_bonus":"ONE_RARE_RELIC","is_prod":false,"is_daily":false,"chose_seed":false,"campfire_upgraded":0,"win_rate":0,"timestamp":1558069085,"path_taken":["M","M","$","M","M","E","R","?","T","E","M","R","$","M","R","BOSS","M","?","?","M","M","E"],"build_version":"2019-01-23","purchased_purges":0,"victory":false,"max_hp_per_floor":[80,80,80,80,80,80,80,80,80,80,80,80,80,80,80,80,80,80,80,80,80,80,80],"card_choices":[{"not_picked":["Clothesline","Sword Boomerang"],"picked":"Cleave","floor":1},{"not_picked":["Evolve","Infernal Blade"],"picked":"Anger","floor":2},{"not_picked":["Thunderclap","Double Tap"],"picked":"Spot Weakness","floor":4},{"not_picked":["Rage","Thunderclap"],"picked":"Ghostly Armor","floor":5},{"not_picked":["Dual Wield","Cleave"],"picked":"Pommel Strike","floor":6},{"not_picked":["Anger","Combust+1"],"picked":"Whirlwind","floor":10},{"not_picked":["Armaments","Havoc"],"picked":"Wild Strike","floor":11},{"not_picked":["Searing Blow","Body Slam"],"picked":"Iron Wave","floor":14},{"not_picked":["Juggernaut+1","Impervious"],"picked":"Fiend Fire","floor":16},{"not_picked":["Armaments","Sword Boomerang+1"],"picked":"Clothesline","floor":18},{"not_picked":["Iron Wave","Flame Barrier"],"picked":"Reaper","floor":21},{"not_picked":["Clash+1","Anger"],"picked":"Metallicize+1","floor":22}],"player_experience":291701,"relics_obtained":[{"floor":6,"key":"Frozen Egg 2"},{"floor":7,"key":"Lantern"},{"floor":9,"key":"Self Forming Clay"},{"floor":10,"key":"Orichalcum"},{"floor":15,"key":"Unceasing Top"}],"event_choices":[{"damage_healed":0,"gold_gain":0,"player_choice":"Grow","damage_taken":0,"max_hp_gain":0,"max_hp_loss":0,"event_name":"Living Wall","floor":8,"gold_loss":0,"cards_upgraded":["Bash"]},{"damage_healed":0,"gold_gain":0,"player_choice":"Simplicity","damage_taken":0,"max_hp_gain":0,"max_hp_loss":0,"event_name":"Back to Basics","floor":19,"gold_loss":0,"cards_upgraded":["Strike_R","Strike_R","Defend_R","Defend_R","Defend_R","Defend_R"]},{"damage_healed":0,"gold_gain":0,"player_choice":"Traded Relic","damage_taken":0,"relics_obtained":["Nloth\u0027s Gift"],"max_hp_gain":0,"max_hp_loss":0,"event_name":"N\u0027loth","floor":20,"relics_lost":["Shovel"],"gold_loss":0}],"is_beta":false,"boss_relics":[{"not_picked":["Eternal Feather","Black Blood"],"picked":"Astrolabe"}],"items_purged_floors":[],"is_endless":false,"potions_floor_spawned":[4,6,11,16,21],"killed_by":"Gremlin Leader","ascension_level":12}