{"gold_per_floor":[114,124,124,136,26,26,26,26,26,26,45,56,68,33,33,131,131,146,164,180,1,19,19,30,30,30,30,42,56,73,73,73,175,175,186,204,204,50,64,64,79,79,102,102,102,102,102,116,116,116],"floor_reached":50,"playtime":3686,"items_purged":["Defend_G"],"score":463,"play_id":"daf098b8-5a03-41c0-a5d4-4b5c9782c3df","local_time":"20180630225346","is_ascension_mode":false,"campfire_choices":[{"floor":6,"key":"REST"},{"floor":10,"key":"DIG"},{"floor":15,"key":"DIG"},{"floor":23,"key":"DIG"},{"floor":25,"key":"DIG"},{"floor":27,"key":"DIG"},{"floor":32,"key":"DIG"},{"floor":40,"key":"DIG"},{"floor":44,"key":"DIG"},{"floor":46,"key":"DIG"},{"floor":49,"key":"DIG"}],"neow_cost":"TEN_PERCENT_HP_LOSS","seed_source_timestamp":44733987537289,"circlet_count":0,"master_deck":["Defend_G","Survivor","Neutralize","Poisoned Stab","Endless Agony","Footwork","Underhanded Strike","Footwork","Backflip+1","Backflip+1","Noxious Fumes","Endless Agony","Adrenaline+1","After Image+1","Tactician+1","Dodge and Roll+1","Sucker Punch+1","Dagger Spray","Poisoned Stab","A Thousand Cuts","Dagger Spray","Prepared+1","Outmaneuver+1","Adrenaline+1","Endless Agony+1","All Out Attack","Die Die Die","Endless Agony+1","Envenom","Neutralize","Burst+1","PiercingWail+1"],"special_seed":17712,"relics":["Ring of the Snake","Shovel","Mercury Hourglass","Mummified Hand","Toxic Egg 2","Dodecahedron","Lantern","Astrolabe","Mango","Matryoshka","Strawberry","Meat on the Bone","Gremlin Horn","Omamori","Empty Cage","Ice Cream","Peace Pipe","Boot","Bottled Flame","Shuriken","Anchor","Frozen Egg 2"],"potions_floor_usage":[30,33],"damage_taken":[{"damage":0,"enemies":"Jaw Worm","floor":1,"turns":6},{"damage":0,"enemies":"Small Slimes","floor":2,"turns":3},{"damage":0,"enemies":"Cultist","floor":4,"turns":4},{"damage":7,"enemies":"Exordium Thugs","floor":11,"turns":5},{"damage":0,"enemies":"Blue Slaver","floor":12,"turns":3},{"damage":0,"enemies":"Gremlin Gang","floor":13,"turns":4},{"damage":25,"enemies":"Slime Boss","floor":16,"turns":11},{"damage":0,"enemies":"Chosen","floor":18,"turns":6},{"damage":0,"enemies":"Spheric Guardian","floor":19,"turns":5},{"damage":0,"enemies":"Centurion and Healer","floor":20,"turns":8},{"damage":2,"enemies":"Sentry and Sphere","floor":22,"turns":5},{"damage":9,"enemies":"Snake Plant","floor":24,"turns":4},{"damage":5,"enemies":"Centurion and Healer","floor":28,"turns":5},{"damage":0,"enemies":"3 Cultists","floor":29,"turns":3},{"damage":19,"enemies":"Snake Plant","floor":30,"turns":4},{"damage":35,"enemies":"Champ","floor":33,"turns":13},{"damage":12,"enemies":"Orb Walker","floor":35,"turns":4},{"damage":32,"enemies":"3 Darklings","floor":36,"turns":3},{"damage":0,"floor":37,"turns":5},{"damage":17,"enemies":"4 Shapes","floor":39,"turns":2},{"damage":8,"enemies":"Sphere and 2 Shapes","floor":41,"turns":4},{"damage":4,"enemies":"3 Darklings","floor":48,"turns":2},{"damage":90,"enemies":"Time Eater","floor":50,"turns":8}],"seed_played":"1319219583944960315","potions_obtained":[{"floor":1,"key":"FairyPotion"},{"floor":13,"key":"SmokeBomb"},{"floor":16,"key":"AttackPotion"},{"floor":19,"key":"Poison Potion"},{"floor":22,"key":"Poison Potion"},{"floor":33,"key":"SpeedPotion"},{"floor":36,"key":"AttackPotion"},{"floor":41,"key":"Explosive Potion"}],"is_trial":false,"path_per_floor":["M","M","?","M","$","R","T","T","T","R","M","M","M","$","R","B",null,"M","M","M","$","M","R","M","R","T","R","M","M","M","$","R","B",null,"M","M","?","$","M","R","M","?","T","R","?","R","?","M","R"],"character_chosen":"THE_SILENT","items_purchased":["Footwork","Endless Agony","A Thousand Cuts","Dagger Spray","Envenom"],"campfire_rested":1,"item_purchase_floors":[5,14,21,21,38],"current_hp_per_floor":[63,63,38,38,38,56,56,56,56,56,49,49,49,49,49,24,63,63,63,63,63,61,75,66,66,73,73,68,68,49,49,49,26,84,72,52,52,52,47,47,51,51,51,51,51,51,72,68,68,0],"gold":116,"neow_bonus":"TRANSFORM_TWO_CARDS","is_prod":false,"is_daily":false,"chose_seed":false,"campfire_upgraded":0,"win_rate":0.0,"timestamp":1530392026,"path_taken":["M","M","?","?","$","R","?","?","T","R","M","M","M","$","R","BOSS","M","M","M","$","M","R","M","R","T","R","M","M","?","$","R","BOSS","M","M","?","$","M","R","M","?","T","R","?","R","?","?","R","BOSS"],"build_version":"2018-06-28","purchased_purges":1,"victory":false,"max_hp_per_floor":[63,63,63,63,63,63,63,63,63,63,63,63,63,63,63,63,63,63,63,63,63,63,77,77,77,84,84,84,84,84,84,84,84,84,84,84,84,84,84,84,84,84,84,84,84,84,84,84,84,84],"card_choices":[{"not_picked":["PiercingWail","Backflip"],"picked":"Footwork","floor":1},{"not_picked":["Deadly Poison","Prepared"],"picked":"Underhanded Strike","floor":2},{"not_picked":["Underhanded Strike","Bane","Quick Slash"],"picked":"SKIP","floor":4},{"not_picked":["PiercingWail+1","Deadly Poison+1"],"picked":"Backflip+1","floor":11},{"not_picked":["Underhanded Strike","Doppelganger+1"],"picked":"Backflip+1","floor":12},{"not_picked":["Poisoned Stab","Backflip+1"],"picked":"Noxious Fumes","floor":13},{"not_picked":["Corpse Explosion","Burst+1"],"picked":"Adrenaline+1","floor":16},{"not_picked":["Catalyst+1","Outmaneuver+1"],"picked":"Sucker Punch+1","floor":18},{"not_picked":["Backflip+1","Prepared+1"],"picked":"Dagger Spray","floor":19},{"not_picked":["Sucker Punch","Distraction+1"],"picked":"Poisoned Stab","floor":20},{"not_picked":["Dodge and Roll+1","Blur+1"],"picked":"Prepared+1","floor":22},{"not_picked":["Backflip+1","Prepared+1"],"picked":"Outmaneuver+1","floor":24},{"not_picked":["Noxious Fumes","Catalyst+1"],"picked":"Adrenaline+1","floor":28},{"not_picked":["Poisoned Stab","Backflip+1"],"picked":"Endless Agony+1","floor":29},{"not_picked":["Endless Agony","Deadly Poison+1"],"picked":"All Out Attack","floor":30},{"not_picked":["Envenom","Venomology+1"],"picked":"Die Die Die","floor":33},{"not_picked":["Outmaneuver+1","Distraction+1"],"picked":"Endless Agony+1","floor":35},{"not_picked":["Bane+1","Finisher","Dodge and Roll+1"],"picked":"SKIP","floor":36},{"not_picked":["Deadly Poison+1","Well Laid Plans","Calculated Gamble+1"],"picked":"SKIP","floor":39},{"not_picked":["Underhanded Strike+1","Dagger Throw+1","Reflex+1"],"picked":"SKIP","floor":41},{"not_picked":["Catalyst+1","Dagger Spray+1"],"picked":"PiercingWail+1","floor":48}],"player_experience":33858,"relics_obtained":[{"floor":7,"key":"Mercury Hourglass"},{"floor":8,"key":"Mummified Hand"},{"floor":9,"key":"Toxic Egg 2"},{"floor":10,"key":"Dodecahedron"},{"floor":15,"key":"Lantern"},{"floor":23,"key":"Mango"},{"floor":25,"key":"Matryoshka"},{"floor":26,"key":"Strawberry"},{"floor":26,"key":"Meat on the Bone"},{"floor":27,"key":"Gremlin Horn"},{"floor":32,"key":"Omamori"},{"floor":37,"key":"Ice Cream"},{"floor":40,"key":"Peace Pipe"},{"floor":43,"key":"Boot"},{"floor":43,"key":"Bottled Flame"},{"floor":44,"key":"Shuriken"},{"floor":46,"key":"Anchor"},{"floor":49,"key":"Frozen Egg 2"}],"event_choices":[{"event_name":"Scrap Ooze","player_choice":"success","floor":3,"damage_taken":25},{"event_name":"MindBloom","player_choice":"Fight","floor":37,"damage_taken":0},{"event_name":"Match and Keep!","player_choice":"2 cards matched","floor":42,"damage_taken":0},{"event_name":"Falling","player_choice":"Removed Attack","floor":45,"damage_taken":0},{"event_name":"Winding Halls","player_choice":"Writhe","floor":47,"damage_taken":0}],"boss_relics":[{"not_picked":["Eternal Feather","Runic Dome"],"picked":"Astrolabe"},{"not_picked":["Philosopher\u0027s Stone","Black Star"],"picked":"Empty Cage"}],"items_purged_floors":[5],"is_endless":false,"potions_floor_spawned":[1,13,16,19,22,29,33,36,37,41],"killed_by":"Time Eater","ascension_level":0}