{"gold_per_floor":[362,412,429,42,61,61,86,86,159,159,185,196,222,0,0,0],"floor_reached":16,"playtime":934,"items_purged":["Strike_R"],"score":207,"play_id":"d9149b85-da1e-4bdb-aee6-c0240a2f57f1","local_time":"20190526200905","is_ascension_mode":true,"campfire_choices":[{"data":"Bash","floor":6,"key":"SMITH"},{"data":"Clothesline","floor":8,"key":"SMITH"},{"floor":10,"key":"REST"},{"data":"Feel No Pain","floor":15,"key":"SMITH"}],"neow_cost":"TEN_PERCENT_HP_LOSS","seed_source_timestamp":8232820511340,"circlet_count":0,"master_deck":["AscendersBane","Strike_R","Strike_R","Strike_R","Strike_R","Defend_R","Defend_R","Defend_R","Defend_R","Bash+1","Flame Barrier","Shrug It Off","Burning Pact","Wild Strike","Twin Strike","Clothesline+1","Feed","Armaments","Infernal Blade","Feel No Pain+1"],"relics":["Burning Blood","PreservedInsect","Art of War","Sundial","Matryoshka","The Courier","Pantograph"],"potions_floor_usage":[12,13,13],"damage_taken":[{"damage":7,"enemies":"Jaw Worm","floor":1,"turns":4},{"damage":11,"enemies":"Cultist","floor":3,"turns":4},{"damage":0,"enemies":"2 Louse","floor":5,"turns":3},{"damage":39,"enemies":"Lagavulin","floor":7,"turns":6},{"damage":22,"enemies":"3 Sentries","floor":11,"turns":8},{"damage":4,"enemies":"Blue Slaver","floor":12,"turns":2},{"damage":19,"enemies":"Gremlin Nob","floor":13,"turns":6},{"damage":53,"enemies":"Slime Boss","floor":16,"turns":14}],"seed_played":"1202390069006207365","potions_obtained":[{"floor":5,"key":"SneckoOil"},{"floor":11,"key":"SneckoOil"},{"floor":12,"key":"Block Potion"}],"is_trial":false,"path_per_floor":["M","?","M","$","M","R","E","R","T","R","E","M","E","$","R","B"],"character_chosen":"IRONCLAD","items_purchased":["PreservedInsect","Shrug It Off","Burning Pact","Wild Strike","Feel No Pain","Pantograph"],"campfire_rested":1,"item_purchase_floors":[4,4,4,4,14,14],"current_hp_per_floor":[67,61,56,56,62,62,29,29,29,49,33,35,25,25,25,0],"gold":0,"neow_bonus":"TWO_FIFTY_GOLD","is_prod":false,"is_daily":false,"chose_seed":false,"campfire_upgraded":3,"win_rate":0,"timestamp":1558894145,"path_taken":["M","?","?","$","M","R","E","R","T","R","E","M","E","?","R","BOSS"],"build_version":"2019-01-23","purchased_purges":1,"victory":false,"max_hp_per_floor":[68,68,68,68,68,68,68,68,68,68,68,68,71,71,71,74],"card_choices":[{"not_picked":["Headbutt","Rupture","Heavy Blade"],"picked":"SKIP","floor":1},{"not_picked":["Corruption","Twin Strike"],"picked":"Flame Barrier","floor":3},{"not_picked":["Iron Wave","Combust"],"picked":"Twin Strike","floor":5},{"not_picked":["Fire Breathing","Pummel"],"picked":"Clothesline","floor":7},{"not_picked":["Headbutt","Blood for Blood"],"picked":"Feed","floor":11},{"not_picked":["Clash","Corruption"],"picked":"Armaments","floor":12},{"not_picked":["Searing Blow","Uppercut"],"picked":"Infernal Blade","floor":13}],"player_experience":677481,"relics_obtained":[{"floor":7,"key":"Art of War"},{"floor":9,"key":"Sundial"},{"floor":11,"key":"Matryoshka"},{"floor":13,"key":"The Courier"}],"event_choices":[{"damage_healed":0,"gold_gain":50,"player_choice":"Touch","damage_taken":6,"max_hp_gain":0,"max_hp_loss":0,"event_name":"FaceTrader","floor":2,"gold_loss":0}],"is_beta":false,"boss_relics":[],"items_purged_floors":[4],"is_endless":false,"potions_floor_spawned":[5,11,12],"killed_by":"Slime Boss","ascension_level":15}