{"gold_per_floor":[131,156,168,199,223,268,299,29,105,124,124,138,163,190,190,285,285,299,279,204,214,214],"floor_reached":22,"playtime":2804,"items_purged":["Normality"],"score":220,"play_id":"d3863d92-06ee-4030-9c92-fcd7eafba034","local_time":"20190425174905","is_ascension_mode":true,"campfire_choices":[{"data":"Defragment","floor":11,"key":"SMITH"},{"data":"Coolheaded","floor":15,"key":"SMITH"}],"neow_cost":"NONE","seed_source_timestamp":4421387613816246,"circlet_count":0,"master_deck":["Strike_B","Strike_B","Strike_B","Strike_B","Defend_B","Defend_B","Defend_B","Defend_B","Zap","Dualcast","Capacitor","Auto Shields","BootSequence","Ball Lightning","Coolheaded+1","Conserve Battery","Self Repair","Defragment+1","Seek","BootSequence","Echo Form","Pain","Clumsy","Go for the Eyes+1","Tempest","Cold Snap+1","Echo Form","Loop"],"relics":["Cracked Core","MawBank","FaceOfCleric","Meat on the Bone","Anchor","Matryoshka","Prayer Wheel","Odd Mushroom","Calling Bell","Dream Catcher","Molten Egg 2","Unceasing Top"],"potions_floor_usage":[13,13,16,16,22,22],"damage_taken":[{"damage":4,"enemies":"Small Slimes","floor":1,"turns":3},{"damage":1,"enemies":"Cultist","floor":2,"turns":4},{"damage":0,"enemies":"2 Louse","floor":4,"turns":3},{"damage":16,"enemies":"Large Slime","floor":5,"turns":8},{"damage":33,"enemies":"3 Sentries","floor":6,"turns":9},{"damage":18,"enemies":"Lots of Slimes","floor":7,"turns":5},{"damage":13,"enemies":"Exordium Thugs","floor":10,"turns":5},{"damage":4,"enemies":"Looter","floor":12,"turns":3},{"damage":32,"enemies":"Gremlin Nob","floor":13,"turns":4},{"damage":12,"enemies":"The Mushroom Lair","floor":14,"turns":5},{"damage":18,"enemies":"The Guardian","floor":16,"turns":12},{"damage":37,"enemies":"Chosen","floor":18,"turns":7},{"damage":8,"enemies":"2 Thieves","floor":19,"turns":4},{"damage":42,"enemies":"Snake Plant","floor":21,"turns":6},{"damage":30,"enemies":"Colosseum Slavers","floor":22,"turns":6},{"damage":41,"enemies":"Colosseum Nobs","floor":22,"turns":5}],"seed_played":"133490652689053095","potions_obtained":[{"floor":2,"key":"SpeedPotion"},{"floor":7,"key":"Poison Potion"},{"floor":10,"key":"GamblersBrew"},{"floor":14,"key":"Energy Potion"},{"floor":18,"key":"Block Potion"},{"floor":21,"key":"Regen Potion"}],"is_trial":false,"path_per_floor":["M","M","?","M","M","E","M","$","T","M","R","M","E","?","R","B",null,"M","M","$","M","?"],"character_chosen":"DEFECT","items_purchased":["Conserve Battery","Self Repair","Anchor"],"campfire_rested":0,"item_purchase_floors":[8,8,8],"current_hp_per_floor":[71,70,70,71,56,24,19,19,19,26,26,42,30,31,31,33,84,55,48,48,33,0],"gold":214,"neow_bonus":"RANDOM_COMMON_RELIC","is_prod":false,"is_daily":false,"chose_seed":false,"campfire_upgraded":2,"win_rate":0,"timestamp":1556228945,"path_taken":["M","M","?","M","M","E","?","$","T","M","R","M","E","?","R","BOSS","M","M","$","M","?"],"build_version":"2019-01-23","purchased_purges":1,"victory":false,"max_hp_per_floor":[75,75,75,76,77,78,79,79,79,80,80,81,82,83,83,84,84,85,86,86,87,88],"card_choices":[{"not_picked":["Hologram","Leap"],"picked":"Capacitor","floor":1},{"not_picked":["Turbo","Streamline"],"picked":"Auto Shields","floor":2},{"not_picked":["Blizzard","Sweeping Beam","Fusion"],"picked":"SKIP","floor":4},{"not_picked":["Beam Cell","Rainbow"],"picked":"BootSequence","floor":5},{"not_picked":["Tempest","Scrape"],"picked":"Ball Lightning","floor":6},{"not_picked":["Static Discharge","Aggregate"],"picked":"Coolheaded","floor":7},{"not_picked":["Hologram","Steam"],"picked":"Defragment","floor":10},{"not_picked":["Gash","Sweeping Beam"],"picked":"Seek","floor":12},{"not_picked":["Streamline","Darkness"],"picked":"BootSequence","floor":13},{"not_picked":["Buffer","Amplify"],"picked":"Echo Form","floor":16},{"not_picked":["Doom and Gloom+1","Static Discharge"],"picked":"Go for the Eyes+1","floor":18},{"not_picked":["Skim","Double Energy","Turbo"],"picked":"SKIP","floor":18},{"not_picked":["Consume","Leap"],"picked":"Tempest","floor":19},{"not_picked":["Hologram","Chill"],"picked":"Cold Snap+1","floor":19},{"not_picked":["Coolheaded","Rebound+1"],"picked":"Echo Form","floor":21},{"not_picked":["Cold Snap+1","Hologram"],"picked":"Loop","floor":21}],"player_experience":137281,"relics_obtained":[{"floor":6,"key":"Meat on the Bone"},{"floor":9,"key":"Matryoshka"},{"floor":13,"key":"Prayer Wheel"},{"floor":14,"key":"Odd Mushroom"},{"floor":17,"key":"Dream Catcher"},{"floor":17,"key":"Molten Egg 2"},{"floor":17,"key":"Unceasing Top"}],"event_choices":[{"damage_healed":0,"gold_gain":0,"player_choice":"Trade","damage_taken":0,"relics_obtained":["FaceOfCleric"],"max_hp_gain":0,"max_hp_loss":0,"event_name":"FaceTrader","floor":3,"gold_loss":0},{"damage_healed":0,"gold_gain":0,"player_choice":"Fought Mushrooms","damage_taken":0,"max_hp_gain":0,"max_hp_loss":0,"event_name":"Mushrooms","floor":14,"gold_loss":0},{"damage_healed":0,"gold_gain":0,"player_choice":"Fight","damage_taken":0,"max_hp_gain":0,"max_hp_loss":0,"event_name":"Colosseum","floor":22,"gold_loss":0},{"damage_healed":0,"gold_gain":0,"player_choice":"Fought Nobs","damage_taken":0,"max_hp_gain":0,"max_hp_loss":0,"event_name":"Colosseum","floor":22,"gold_loss":0}],"is_beta":false,"boss_relics":[{"not_picked":["Velvet Choker","Snecko Eye"],"picked":"Calling Bell"}],"items_purged_floors":[20],"is_endless":false,"potions_floor_spawned":[2,7,10,14,18,21],"killed_by":"Colosseum Nobs","ascension_level":2}