{"path_per_floor":["M","M","?","?","$","M","?","M","T","M","R","E","R","$","R","B",null,"M","?","M","$","M","R","E","R","T","R","T","$","?","M","R","B",null,"M","?","M","T","$","?","R","M","T","R","M","M","M","M","R","B"],"character_chosen":"IRONCLAD","items_purchased":["Warcry","Shrug It Off","Flash of Steel"],"gold_per_floor":[115,126,126,201,126,144,144,155,155,166,166,191,191,91,91,195,195,211,211,229,81,96,96,127,127,127,127,199,23,23,36,36,139,139,149,149,165,165,71,71,71,86,166,166,186,201,220,233,233,233],"floor_reached":51,"campfire_rested":3,"playtime":5437,"current_hp_per_floor":[80,80,80,69,69,68,68,67,67,65,65,56,56,56,56,19,80,83,83,78,78,79,79,51,51,65,65,65,65,49,56,101,70,106,98,98,97,97,97,97,97,48,48,96,102,91,62,56,105,9],"items_purged":["Strike_R","Strike_R","Strike_R","Defend_R"],"gold":233,"play_id":"c8ad2ebe-4abd-4a50-9c15-0b5b96334afc","is_prod":false,"is_daily":false,"is_ascension_mode":false,"campfire_upgraded":6,"path_taken":["M","M","?","?","$","M","?","M","T","?","R","E","R","$","R","BOSS","M","?","M","$","?","R","E","R","T","R","?","?","?","?","R","BOSS","M","?","M","?","$","?","R","M","T","R","?","?","M","M","R","BOSS"],"build_version":"2018-02-01-PROD3","purchased_purges":4,"victory":true,"master_deck":["Strike_R","Strike_R","Defend_R","Defend_R","Bash","Shrug It Off+1","Pommel Strike+1","Twin Strike+1","Battle Trance","Pommel Strike+1","Thunderclap+1","Burning Pact","Feed","Warcry","Thunderclap+1","Warcry","Spot Weakness","Burning Pact+1","Shrug It Off","Battle Trance","Pummel+1","Dropkick","Flash of Steel","Thunderclap","Armaments+1","Dropkick+1"],"max_hp_per_floor":[80,80,80,80,80,80,80,80,80,80,80,80,80,80,80,80,80,83,83,86,86,86,86,86,86,100,100,100,100,100,103,103,106,106,109,109,109,109,109,109,109,112,112,112,112,112,116,116,116,116],"relics":["Burning Blood","Omamori","Champion Belt","Regal Pillow","Sozu","Prayer Wheel","Mango","Frozen Egg 2","Enchiridion","Question Card","Girya","Molten Egg 2"],"card_choices":[{"not_picked":["Disarm","Headbutt"],"picked":"Shrug It Off"},{"not_picked":["Sword Boomerang","Perfected Strike"],"picked":"Pommel Strike"},{"not_picked":["Inflame","Whirlwind"],"picked":"Battle Trance"},{"not_picked":["True Grit","Power Through"],"picked":"Pommel Strike"},{"not_picked":["Armaments","Flex"],"picked":"Thunderclap"},{"not_picked":["Armaments","Fiend Fire"],"picked":"Burning Pact"},{"not_picked":["Dark Embrace","Reaper"],"picked":"Feed"},{"not_picked":["Armaments","Wild Strike"],"picked":"Thunderclap"},{"not_picked":["Thunderclap","Clash"],"picked":"Spot Weakness"},{"not_picked":["Bloodletting","Warcry"],"picked":"Burning Pact"},{"not_picked":["Searing Blow","Clash"],"picked":"Shrug It Off"},{"not_picked":["Body Slam","Iron Wave"],"picked":"Battle Trance"},{"not_picked":["Whirlwind","Wild Strike","Searing Blow"],"picked":"Pummel"},{"not_picked":["Feel No Pain","Dual Wield","Intimidate"],"picked":"Dropkick"},{"not_picked":["Armaments","Iron Wave","Warcry"],"picked":"Thunderclap"},{"not_picked":["Wild Strike","Corruption","Anger"],"picked":"Armaments"},{"not_picked":["Feel No Pain","True Grit","Battle Trance"],"picked":"Dropkick"}],"player_experience":29076,"potions_floor_usage":[10,16,16],"damage_taken":[{"damage":6,"enemies":"Jaw Worm","floor":1,"turns":3},{"damage":0,"enemies":"Cultist","floor":2,"turns":4},{"damage":7,"enemies":"2 Louse","floor":6,"turns":2},{"damage":7,"enemies":"Looter","floor":8,"turns":3},{"damage":8,"enemies":"Gremlin Gang","floor":10,"turns":3},{"damage":15,"enemies":"3 Sentries","floor":12,"turns":7},{"damage":58,"enemies":"Hexaghost","floor":16,"turns":10},{"damage":0,"enemies":"Chosen","floor":18,"turns":4},{"damage":14,"enemies":"Spheric Guardian","floor":20,"turns":4},{"damage":5,"enemies":"Snecko","floor":22,"turns":4},{"damage":34,"enemies":"Book of Stabbing","floor":24,"turns":5},{"damage":2,"enemies":"Cultist and Chosen","floor":31,"turns":5},{"damage":40,"enemies":"Automaton","floor":33,"turns":10},{"damage":17,"enemies":"3 Shapes","floor":35,"turns":5},{"damage":7,"enemies":"Orb Walker","floor":37,"turns":3},{"damage":58,"enemies":"4 Shapes","floor":42,"turns":5},{"damage":0,"enemies":"3 Darklings","floor":45,"turns":3},{"damage":17,"enemies":"Sphere and 2 Shapes","floor":46,"turns":4},{"damage":39,"enemies":"4 Shapes","floor":47,"turns":8},{"damage":12,"enemies":"3 Darklings","floor":48,"turns":4},{"damage":102,"enemies":"Donu and Deca","floor":50,"turns":8}],"event_choices":[{"event_name":"Transmorgrifier","player_choice":"Transform","floor":3,"damage_taken":0},{"event_name":"World of Goop","player_choice":"Gather Gold","floor":4,"damage_taken":0},{"event_name":"The Lab","player_choice":"Got Potions","floor":7,"damage_taken":0},{"event_name":"The Library","player_choice":"Read","floor":19,"damage_taken":0},{"event_name":"Cursed Tome","player_choice":"Obtained Book","floor":30,"damage_taken":0},{"event_name":"Mysterious Sphere","player_choice":"Ignore","floor":40,"damage_taken":0}],"boss_relics":[{"not_picked":["Lizard Tail","Eternal Feather"],"picked":"Sozu"},{"not_picked":["Runic Pyramid","Philosopher\u0027s Stone"],"picked":"Question Card"}],"potions_floor_spawned":[1,8,16,18,22,31,35,37,45],"seed_played":"-4751107305633530214","ascension_level":0,"is_trial":false}