{"gold_per_floor":[118,39,39,50,62,62,90,110,135,135],"floor_reached":10,"playtime":443,"items_purged":[],"score":136,"play_id":"6b27fd1a-bc1c-4ab0-a5a6-f4eb09ea4e86","local_time":"20190526193719","is_ascension_mode":true,"campfire_choices":[{"data":"Defragment","floor":6,"key":"SMITH"}],"neow_cost":"NONE","seed_source_timestamp":526030399862909,"circlet_count":0,"master_deck":["AscendersBane","Strike_B","Strike_B","Strike_B","Defend_B","Defend_B","Defend_B","Defend_B","Zap","Dualcast","Static Discharge","Defragment+1","Hyperbeam","Compile Driver","Hologram","Beam Cell"],"relics":["Cracked Core","Bag of Preparation","Art of War","Dream Catcher"],"potions_floor_usage":[],"damage_taken":[{"damage":0,"enemies":"Small Slimes","floor":1,"turns":2},{"damage":0,"enemies":"Cultist","floor":4,"turns":3},{"damage":2,"enemies":"Jaw Worm","floor":5,"turns":3},{"damage":32,"enemies":"Gremlin Nob","floor":7,"turns":4},{"damage":21,"enemies":"Exordium Thugs","floor":8,"turns":3},{"damage":18,"enemies":"Exordium Wildlife","floor":10,"turns":1}],"seed_played":"-7441055672233996437","potions_obtained":[{"floor":4,"key":"LiquidBronze"},{"floor":8,"key":"FocusPotion"}],"is_trial":false,"path_per_floor":["M","$","?","M","M","R","E","M","T","M"],"character_chosen":"DEFECT","items_purchased":["Defragment"],"campfire_rested":0,"item_purchase_floors":[2],"current_hp_per_floor":[64,64,64,64,62,62,30,9,9,0],"gold":135,"neow_bonus":"RANDOM_COMMON_RELIC","is_prod":false,"is_daily":false,"chose_seed":false,"campfire_upgraded":1,"win_rate":0,"timestamp":1558913839,"path_taken":["M","$","?","M","M","R","E","M","T","M"],"build_version":"2019-01-23","purchased_purges":0,"victory":false,"max_hp_per_floor":[71,71,71,71,71,71,71,71,71,71],"card_choices":[{"not_picked":["Compile Driver","Go for the Eyes"],"picked":"Static Discharge","floor":1},{"not_picked":["Skim","Defragment"],"picked":"Compile Driver","floor":4},{"not_picked":["Streamline","Gash","Melter"],"picked":"SKIP","floor":5},{"not_picked":["Turbo","Beam Cell"],"picked":"Hologram","floor":7},{"not_picked":["Blizzard","Gash"],"picked":"Beam Cell","floor":8}],"player_experience":829677,"relics_obtained":[{"floor":7,"key":"Art of War"},{"floor":9,"key":"Dream Catcher"}],"event_choices":[{"damage_healed":0,"gold_gain":0,"cards_transformed":["Strike_B"],"player_choice":"Transformed","damage_taken":0,"max_hp_gain":0,"max_hp_loss":0,"event_name":"Transmorgrifier","floor":3,"gold_loss":0,"cards_obtained":["Hyperbeam"]}],"is_beta":false,"boss_relics":[],"items_purged_floors":[],"is_endless":false,"potions_floor_spawned":[4,8],"killed_by":"Exordium Wildlife","ascension_level":20}