{"gold_per_floor":[214,364,41,41,60,60,87,102,129,129,149,149,162,176,176,250,250,268,148],"floor_reached":19,"playtime":814,"items_purged":[],"score":338,"play_id":"8d583233-feae-4979-bc4d-bfec09abc05d","local_time":"20190515172415","is_ascension_mode":true,"campfire_choices":[{"data":"Zap","floor":6.0,"key":"SMITH"},{"floor":10,"key":"REST"},{"data":"Dualcast","floor":12,"key":"SMITH"},{"floor":15,"key":"REST"}],"neow_cost":"NONE","seed_source_timestamp":96371659943793,"circlet_count":0,"master_deck":["AscendersBane","Strike_B","Strike_B","Strike_B","Strike_B","Defend_B","Defend_B","Defend_B","Defend_B","Zap+1","Dualcast+1","Chill","Doubt","Compile Driver","Cold Snap","Stack","Steam","Creative AI","Sweeping Beam","Electrodynamics","Turbo+1"],"special_seed":0,"relics":["Cracked Core","Torii","Bronze Scales","Blood Vial","Eternal Feather"],"potions_floor_usage":[7,16,16,18,19],"damage_taken":[{"damage":12.0,"enemies":"Cultist","floor":1.0,"turns":4.0},{"damage":1.0,"enemies":"Jaw Worm","floor":5.0,"turns":5.0},{"damage":48,"enemies":"Gremlin Nob","floor":7,"turns":5},{"damage":1,"enemies":"2 Louse","floor":8,"turns":2},{"damage":11,"enemies":"Large Slime","floor":11,"turns":5},{"damage":0,"enemies":"Looter","floor":13,"turns":4},{"damage":2,"enemies":"3 Louse","floor":14,"turns":3},{"damage":34,"enemies":"Slime Boss","floor":16,"turns":10},{"damage":28,"enemies":"Chosen","floor":18,"turns":6},{"damage":55,"enemies":"2 Thieves","floor":19,"turns":3}],"seed_played":"2053037067533815869","potions_obtained":[{"floor":5.0,"key":"Block Potion"},{"floor":11,"key":"Strength Potion"},{"floor":14,"key":"Swift Potion"},{"floor":16,"key":"AttackPotion"},{"floor":18,"key":"Regen Potion"}],"is_trial":false,"path_per_floor":["M","?","$","?","M","R","E","M","T","R","M","R","M","M","R","B",null,"M","M"],"character_chosen":"DEFECT","items_purchased":["Torii"],"campfire_rested":2,"item_purchase_floors":[3],"current_hp_per_floor":[52,52,52,57,56,56,8,7,7,29,20,20,22,22,44,12,60,34,0],"gold":148,"neow_bonus":"HUNDRED_GOLD","is_prod":false,"is_daily":false,"chose_seed":false,"campfire_upgraded":2,"win_rate":0,"timestamp":1557955455,"path_taken":["M","?","$","?","M","R","E","M","T","R","M","R","M","M","R","BOSS","M","M"],"build_version":"2019-01-23","purchased_purges":0,"victory":false,"max_hp_per_floor":[71,71,71,76,76,76,76,76,76,76,76,76,76,76,76,76,76,76,76],"card_choices":[{"not_picked":["Go for the Eyes","Turbo"],"picked":"Chill","floor":1.0},{"not_picked":["Coolheaded","Lockon"],"picked":"Compile Driver","floor":5.0},{"not_picked":["Leap","Steam"],"picked":"Cold Snap","floor":7},{"not_picked":["Beam Cell","Leap"],"picked":"Stack","floor":8},{"not_picked":["Melter","Chaos"],"picked":"Steam","floor":11},{"not_picked":["Force Field","Gash"],"picked":"Creative AI","floor":13},{"not_picked":["Steam","Fusion"],"picked":"Sweeping Beam","floor":14},{"not_picked":["Amplify","Machine Learning"],"picked":"Electrodynamics","floor":16},{"not_picked":["Leap","Cold Snap"],"picked":"Turbo+1","floor":18}],"player_experience":656392,"relics_obtained":[{"floor":7,"key":"Bronze Scales"},{"floor":9,"key":"Blood Vial"}],"event_choices":[{"damage_healed":0.0,"max_hp_gain":0.0,"max_hp_loss":0.0,"gold_gain":150.0,"event_name":"Liars Game","player_choice":"AGREE","floor":2.0,"gold_loss":0.0,"damage_taken":0.0,"cards_obtained":["Doubt"]},{"damage_healed":0.0,"max_hp_gain":5.0,"max_hp_loss":0.0,"gold_gain":0.0,"event_name":"Big Fish","player_choice":"Donut","floor":4.0,"gold_loss":0.0,"damage_taken":0.0}],"is_beta":false,"boss_relics":[{"not_picked":["Pandora\u0027s Box","Black Star"],"picked":"Eternal Feather"}],"items_purged_floors":[],"is_endless":false,"potions_floor_spawned":[5,11,14,16,18],"killed_by":"2 Thieves","ascension_level":20}