{"gold_per_floor":[18,29,48,48,68,96,96,115,115,135,146,165,184,213,213,213],"floor_reached":16,"playtime":1352,"items_purged":[],"score":148,"play_id":"fb1e60e9-8583-48a7-8a1c-415a21d46298","local_time":"20190415225616","is_ascension_mode":true,"campfire_choices":[{"data":"Armaments","floor":7,"key":"SMITH"},{"data":"Barricade","floor":15,"key":"SMITH"}],"neow_cost":"NO_GOLD","seed_source_timestamp":3577324994878083,"circlet_count":0,"master_deck":["Strike_R","Strike_R","Strike_R","Strike_R","Defend_R","Defend_R","Defend_R","Bash","Pommel Strike","Armaments+1","Iron Wave","Disarm","Pommel Strike","Uppercut","Disarm","Entrench","True Grit","Barricade+1"],"relics":["Burning Blood","Shuriken","Molten Egg 2"],"potions_floor_usage":[6,8,14,16,16,16,16],"damage_taken":[{"damage":11,"enemies":"2 Louse","floor":1,"turns":3},{"damage":6,"enemies":"Cultist","floor":2,"turns":3},{"damage":4,"enemies":"Small Slimes","floor":3,"turns":3},{"damage":6,"enemies":"Looter","floor":5,"turns":2},{"damage":31,"enemies":"Gremlin Nob","floor":6,"turns":4},{"damage":7,"enemies":"Exordium Wildlife","floor":8,"turns":6},{"damage":4,"enemies":"3 Louse","floor":10,"turns":4},{"damage":17,"enemies":"Gremlin Gang","floor":11,"turns":6},{"damage":2,"enemies":"Red Slaver","floor":12,"turns":4},{"damage":15,"enemies":"Exordium Thugs","floor":13,"turns":5},{"damage":28,"enemies":"3 Sentries","floor":14,"turns":11},{"damage":30,"enemies":"The Guardian","floor":16,"turns":5}],"seed_played":"9146155201436134922","potions_obtained":[{"floor":3,"key":"GamblersBrew"},{"floor":4,"key":"Regen Potion"},{"floor":4,"key":"Fire Potion"},{"floor":4,"key":"EntropicBrew"},{"floor":8,"key":"SmokeBomb"},{"floor":11,"key":"Fire Potion"},{"floor":14,"key":"PowerPotion"}],"is_trial":false,"path_per_floor":["M","M","M","?","M","E","R","M","T","M","M","M","M","E","R","B"],"character_chosen":"IRONCLAD","items_purchased":[],"campfire_rested":0,"item_purchase_floors":[],"current_hp_per_floor":[75,75,77,77,77,52,52,65,65,67,56,60,51,29,29,0],"gold":213,"neow_bonus":"REMOVE_TWO","is_prod":false,"is_daily":false,"chose_seed":false,"campfire_upgraded":2,"win_rate":0,"timestamp":1555383376,"path_taken":["M","M","M","?","?","E","R","M","T","M","M","?","M","E","R","BOSS"],"build_version":"2019-01-23","purchased_purges":0,"victory":false,"max_hp_per_floor":[80,80,80,80,80,80,80,80,80,80,80,80,80,80,80,80],"card_choices":[{"not_picked":["Warcry","Sentinel"],"picked":"Pommel Strike","floor":1},{"not_picked":["Reckless Charge","Anger"],"picked":"Armaments","floor":2},{"not_picked":["True Grit","Shrug It Off"],"picked":"Iron Wave","floor":3},{"not_picked":["Shrug It Off","Thunderclap"],"picked":"Disarm","floor":5},{"not_picked":["Sever Soul","Clothesline"],"picked":"Pommel Strike","floor":6},{"not_picked":["Havoc","Warcry"],"picked":"Uppercut","floor":8},{"not_picked":["Sentinel","Perfected Strike"],"picked":"Disarm","floor":10},{"not_picked":["Perfected Strike","Seeing Red","Ghostly Armor"],"picked":"SKIP","floor":11},{"not_picked":["Burning Pact","Sentinel"],"picked":"Entrench","floor":12},{"not_picked":["Cleave","Armaments"],"picked":"True Grit","floor":13},{"not_picked":["Cleave","Anger"],"picked":"Barricade","floor":14}],"player_experience":114393,"relics_obtained":[{"floor":6,"key":"Shuriken"},{"floor":14,"key":"Molten Egg 2"}],"event_choices":[{"damage_healed":0,"gold_gain":0,"player_choice":"Got Potions","damage_taken":0,"max_hp_gain":0,"max_hp_loss":0,"event_name":"Lab","floor":4,"gold_loss":0}],"is_beta":false,"boss_relics":[],"items_purged_floors":[],"is_endless":false,"potions_floor_spawned":[3,5,8,11,13,14],"killed_by":"The Guardian","ascension_level":5}