{"path_per_floor":["M","?","?","?","?","R","E","R","T","R","$","M","E","T","R","B",null,"M","$","M","M","?","E","?","R","T","E","M","R","M","M","R","B",null,"M","M","?","?","?","R","M","E","T","E","R","E","R","E","R","B"],"character_chosen":"THE_SILENT","items_purchased":[],"gold_per_floor":[144,144,144,144,219,219,254,254,254,254,179,197,228,228,228,331,331,347,247,267,279,204,238,238,238,238,271,281,281,301,316,316,411,411,429,440,440,440,440,440,452,479,527,555,555,584,584,617,617,617],"floor_reached":51,"campfire_rested":6,"playtime":5939,"current_hp_per_floor":[61,61,61,54,43,65,17,39,53,53,53,53,44,44,44,39,89,82,82,58,45,45,46,46,46,46,41,51,51,51,51,77,30,89,77,71,71,71,71,71,51,56,56,50,76,45,71,58,84,41],"items_purged":["Regret","Strike_G"],"gold":617,"play_id":"26ab998e-3b32-4ef4-8976-d17e710a397d","is_prod":false,"is_daily":false,"is_ascension_mode":false,"campfire_upgraded":5,"path_taken":["M","?","?","?","?","R","E","R","T","R","$","M","E","?","R","BOSS","M","$","M","M","?","E","?","R","T","E","M","R","M","M","R","BOSS","M","M","?","?","?","R","?","E","T","E","R","E","R","E","R","BOSS"],"build_version":"2018-02-01-PROD3","purchased_purges":2,"victory":true,"master_deck":["Defend_G","Defend_G","Defend_G","Strike_G","Strike_G","Strike_G","Strike_G","Survivor","Neutralize+1","Quick Slash","Dagger Spray","Terror+1","Flechettes","Deflect","Sucker Punch+1","Die Die Die","Sucker Punch+1","Escape Plan","Footwork+1","Backstab","Leg Sweep+1","Dash+1","Dagger Throw","Quick Slash","Die Die Die","Dagger Spray+1","Flechettes+1","All Out Attack+1","Backstab+1","Backstab+1","Backstab"],"max_hp_per_floor":[75,75,75,75,75,75,75,75,89,89,89,89,89,89,89,89,89,89,89,89,89,89,89,89,89,89,89,89,89,89,89,89,89,89,89,89,89,89,89,89,89,89,89,89,89,89,89,89,89,89],"relics":["Tiny House","Paper Crane","Ninja Scroll","Prayer Wheel","Mango","Meat on the Bone","Bottled Flame","Lizard Tail","Bag of Preparation","Orichalcum","Tingsha","Velvet Choker","Frozen Eye","Pen Nib","Dodecahedron","Ancient Tea Set","Thread and Needle"],"card_choices":[{"not_picked":["Skewer","All Out Attack"],"picked":"Quick Slash"},{"not_picked":["Masterful Stab","Predator"],"picked":"Dagger Spray"},{"not_picked":["Outmaneuver","Predator"],"picked":"Terror"},{"not_picked":["Deadly Poison","Blade Dance"],"picked":"Flechettes"},{"not_picked":["Envenom","Riddle With Holes"],"picked":"Deflect"},{"not_picked":["All Out Attack","Outmaneuver"],"picked":"Sucker Punch"},{"not_picked":["Tools of the Trade","A Thousand Cuts"],"picked":"Die Die Die"},{"not_picked":["Leg Sweep","Endless Agony"],"picked":"Sucker Punch"},{"not_picked":["Deflect","Dagger Throw"],"picked":"Escape Plan"},{"not_picked":["Bane","Deflect"],"picked":"Footwork"},{"not_picked":["Blade Dance","Distraction"],"picked":"Backstab"},{"not_picked":["Deadly Poison","Quick Slash"],"picked":"Leg Sweep"},{"not_picked":["Acrobatics","Deadly Poison"],"picked":"Dash"},{"not_picked":["Noxious Fumes","PiercingWail"],"picked":"Dagger Throw"},{"not_picked":["Outmaneuver","Distraction"],"picked":"Quick Slash"},{"not_picked":["Phantasmal Killer","A Thousand Cuts"],"picked":"Die Die Die"},{"not_picked":["Deflect","Slice"],"picked":"Dagger Spray"},{"not_picked":["Backflip","Dagger Spray"],"picked":"Flechettes"},{"not_picked":["Bane","Blur"],"picked":"All Out Attack"},{"not_picked":["Dodge and Roll","Dagger Spray"],"picked":"Backstab"},{"not_picked":["Well Laid Plans","Dodge and Roll"],"picked":"Backstab"},{"not_picked":["Dagger Spray","Well Laid Plans"],"picked":"Backstab"}],"player_experience":43556,"potions_floor_usage":[16,42,46,46,50],"damage_taken":[{"damage":14,"enemies":"Jaw Worm","floor":1,"turns":5},{"damage":48,"enemies":"Lagavulin","floor":7,"turns":12},{"damage":0,"enemies":"Blue Slaver","floor":12,"turns":2},{"damage":9,"enemies":"3 Sentries","floor":13,"turns":9},{"damage":32,"enemies":"The Guardian","floor":16,"turns":10},{"damage":7,"enemies":"Chosen","floor":18,"turns":6},{"damage":24,"enemies":"Spheric Guardian","floor":20,"turns":6},{"damage":13,"enemies":"Snake Plant","floor":21,"turns":5},{"damage":56,"enemies":"Gremlin Leader","floor":23,"turns":9},{"damage":17,"enemies":"Slavers","floor":27,"turns":5},{"damage":2,"enemies":"Centurion and Healer","floor":28,"turns":6},{"damage":0,"enemies":"Chosen and Byrds","floor":30,"turns":2},{"damage":0,"enemies":"Snake Plant","floor":31,"turns":3},{"damage":59,"enemies":"Collector","floor":33,"turns":19},{"damage":12,"enemies":"3 Shapes","floor":35,"turns":3},{"damage":6,"enemies":"3 Darklings","floor":36,"turns":5},{"damage":32,"enemies":"Sphere and 2 Shapes","floor":41,"turns":6},{"damage":7,"enemies":"2 Orb Walkers","floor":42,"turns":4},{"damage":18,"enemies":"Nemesis","floor":44,"turns":8},{"damage":31,"enemies":"Giant Head","floor":46,"turns":11},{"damage":13,"enemies":"2 Orb Walkers","floor":48,"turns":5},{"damage":55,"enemies":"Awakened One","floor":50,"turns":27}],"event_choices":[{"event_name":"Accursed Blacksmith","player_choice":"Rummage","floor":2,"damage_taken":0},{"event_name":"Big Fish","player_choice":"Box","floor":3,"damage_taken":0},{"event_name":"Golden Wing","player_choice":"Card Removal","floor":4,"damage_taken":0},{"event_name":"World of Goop","player_choice":"Gather Gold","floor":5,"damage_taken":0},{"event_name":"Beggar","player_choice":"Gave Gold","floor":22,"damage_taken":0},{"event_name":"Drug Dealer","player_choice":"Ignored","floor":24,"damage_taken":0},{"event_name":"Tomb of Lord Red Mask","player_choice":"Ignored","floor":37,"damage_taken":0},{"event_name":"Mysterious Sphere","player_choice":"Ignore","floor":38,"damage_taken":0}],"boss_relics":[{"not_picked":["Ectoplasm","Calling Bell"],"picked":"Lizard Tail"},{"not_picked":["White Beast Statue","Eternal Feather"],"picked":"Velvet Choker"}],"potions_floor_spawned":[1,13,16,20,28,31,33,41,42,44],"seed_played":"8877883922683102083","ascension_level":0,"is_trial":false}