{"gold_per_floor":[116,116,132,132,132,164,177,204,253,280,10,40,40,68,68,166,166,178,189,189,18,35,62,62,95,145,164,164,439,468,4,4,4],"floor_reached":33,"playtime":2633,"items_purged":["Regret"],"score":433,"play_id":"e56e65de-a374-47a4-89e9-d86f2bda4e51","local_time":"20180912232521","is_ascension_mode":true,"campfire_choices":[{"floor":13,"key":"REST"},{"data":"Searing Blow","floor":15,"key":"SMITH"},{"floor":28,"key":"REST"},{"floor":32,"key":"REST"}],"neow_cost":"NONE","seed_source_timestamp":347869995959322,"circlet_count":0,"master_deck":["Strike_R","Strike_R","Strike_R","Strike_R","Strike_R","Defend_R","Defend_R","Defend_R+1","Defend_R","Bash+1","Cleave","Flex","Fiend Fire","Pommel Strike","Heavy Blade","Iron Wave","Impervious","Thunderclap","Searing Blow+1","Limit Break","Thunderclap+1","Armaments","Dark Shackles","Fire Breathing","Clothesline+1","Shrug It Off","Shrug It Off","Clothesline+1","Double Tap","Jack Of All Trades","Flex","True Grit"],"relics":["Burning Blood","PreservedInsect","Centennial Puzzle","Omamori","Anchor","Question Card","Smiling Mask","Strawberry","Sozu","Nloth\u0027s Gift","Gremlin Horn","Blood Vial","Bag of Marbles","Pear","Paper Frog"],"potions_floor_usage":[6,10,14,16,16,19],"damage_taken":[{"damage":5,"enemies":"Cultist","floor":1,"turns":4},{"damage":1,"enemies":"2 Louse","floor":3,"turns":2},{"damage":20,"enemies":"Gremlin Nob","floor":6,"turns":4},{"damage":0,"enemies":"Jaw Worm","floor":7,"turns":3},{"damage":34,"enemies":"Lagavulin","floor":8,"turns":5},{"damage":14,"enemies":"3 Sentries","floor":10,"turns":5},{"damage":0,"enemies":"Gremlin Nob","floor":12,"turns":2},{"damage":6,"enemies":"Lagavulin","floor":14,"turns":4},{"damage":27,"enemies":"Slime Boss","floor":16,"turns":8},{"damage":2,"enemies":"Spheric Guardian","floor":18,"turns":3},{"damage":10,"enemies":"2 Thieves","floor":19,"turns":3},{"damage":31,"enemies":"Shelled Parasite and Fungi","floor":22,"turns":5},{"damage":0,"enemies":"Gremlin Leader","floor":23,"turns":5},{"damage":10,"enemies":"Book of Stabbing","floor":25,"turns":6},{"damage":19,"enemies":"Snecko","floor":27,"turns":6},{"damage":9,"enemies":"Slavers","floor":30,"turns":3},{"damage":130,"enemies":"Automaton","floor":33,"turns":12}],"seed_played":"-1171900768182131808","potions_obtained":[{"floor":3,"key":"SteroidPotion"},{"floor":8,"key":"Dexterity Potion"},{"floor":10,"key":"Strength Potion"},{"floor":14,"key":"FearPotion"},{"floor":16,"key":"Block Potion"}],"is_trial":false,"path_per_floor":["M","?","M","?","?","E","M","E","T","E","$","E","R","E","R","B",null,"M","M","?","$","M","E","?","E","T","M","R","?","E","$","R"],"character_chosen":"IRONCLAD","items_purchased":["Impervious","Block Potion","Dark Shackles","Fire Breathing","Paper Frog","Jack Of All Trades","Flex","True Grit"],"campfire_rested":3,"item_purchase_floors":[11,11,21,21,31,31,31,31],"current_hp_per_floor":[80,80,80,80,64,50,56,28,28,20,20,26,50,57,57,36,87,87,83,83,83,58,64,47,43,43,32,59,59,68,68,98,0],"gold":4,"neow_bonus":"RANDOM_COMMON_RELIC","is_prod":false,"is_daily":false,"chose_seed":false,"campfire_upgraded":1,"win_rate":0,"timestamp":1536809121,"path_taken":["M","?","M","?","?","E","M","E","T","E","$","E","R","E","R","BOSS","M","M","?","$","M","E","?","E","T","?","R","?","E","$","R","BOSS"],"build_version":"2018-09-06","purchased_purges":1,"victory":false,"max_hp_per_floor":[80,80,80,80,80,80,80,80,80,80,80,80,80,87,87,87,87,87,87,87,87,87,87,92,92,92,92,92,92,102,102,102,102],"card_choices":[{"not_picked":["Anger","Body Slam"],"picked":"Cleave","floor":1},{"not_picked":["Perfected Strike","Twin Strike"],"picked":"Flex","floor":3},{"not_picked":["Blood for Blood","Twin Strike"],"picked":"Fiend Fire","floor":6},{"not_picked":["Wild Strike","Headbutt"],"picked":"Pommel Strike","floor":7},{"not_picked":["Reckless Charge","Perfected Strike"],"picked":"Heavy Blade","floor":8},{"not_picked":["Second Wind","Warcry"],"picked":"Iron Wave","floor":10},{"not_picked":["Iron Wave","Hemokinesis","Perfected Strike"],"picked":"Thunderclap","floor":12},{"not_picked":["Flex","Iron Wave","Anger"],"picked":"Searing Blow","floor":14},{"not_picked":["Brutality","Reaper","Bludgeon"],"picked":"Limit Break","floor":16},{"not_picked":["Spot Weakness+1","Rupture","Flex"],"picked":"Thunderclap+1","floor":18},{"not_picked":["Rage","Cleave","Seeing Red"],"picked":"Armaments","floor":19},{"not_picked":["Flex","Twin Strike","Hemokinesis+1"],"picked":"Clothesline+1","floor":22},{"not_picked":["Dark Embrace","Clash","Demon Form"],"picked":"Shrug It Off","floor":23},{"not_picked":["Clothesline","True Grit","Headbutt"],"picked":"Shrug It Off","floor":25},{"not_picked":["Headbutt+1","Warcry","Inflame"],"picked":"Clothesline+1","floor":27},{"not_picked":["Cleave","Warcry","Disarm"],"picked":"Double Tap","floor":30}],"player_experience":68708,"relics_obtained":[{"floor":6,"key":"Centennial Puzzle"},{"floor":8,"key":"Omamori"},{"floor":9,"key":"Anchor"},{"floor":10,"key":"Question Card"},{"floor":12,"key":"Smiling Mask"},{"floor":14,"key":"Strawberry"},{"floor":23,"key":"Gremlin Horn"},{"floor":25,"key":"Blood Vial"},{"floor":26,"key":"Bag of Marbles"},{"floor":30,"key":"Pear"}],"event_choices":[{"event_name":"Big Fish","player_choice":"Box","floor":2,"damage_taken":0},{"event_name":"Liars Game","player_choice":"disagreed","floor":4,"damage_taken":0},{"event_name":"Shining Light","player_choice":"Entered Light","floor":5,"damage_taken":0},{"event_name":"N\u0027loth","player_choice":"Traded a Dodecahedron","floor":20,"damage_taken":0},{"event_name":"Forgotten Altar","player_choice":"Shed Blood","floor":24,"damage_taken":0},{"event_name":"Golden Shrine","player_choice":"Desecrate","floor":29,"damage_taken":0}],"is_beta":false,"boss_relics":[{"not_picked":["Black Blood","Coffee Dripper"],"picked":"Sozu"}],"items_purged_floors":[11],"is_endless":false,"potions_floor_spawned":[3,8,10,14,16,22,23],"killed_by":"Automaton","ascension_level":1}