{"gold_per_floor":[111,43,43,43,55,87,103,103,103,103,122,157,157,12,12,132,132,150,165,165,189,202,202,477,518,518,532,79,93,93,108,108,231,231,244,303,319,224,24,24],"floor_reached":40,"playtime":1800,"items_purged":["Strike_B"],"score":691,"play_id":"964c7d22-9b88-4031-a9fb-044264501a72","local_time":"20190526032406","is_ascension_mode":true,"campfire_choices":[{"data":"Glacier","floor":8.0,"key":"SMITH"},{"data":"Doom and Gloom","floor":13.0,"key":"SMITH"},{"floor":15.0,"key":"REST"},{"floor":23.0,"key":"REST"},{"floor":30,"key":"REST"},{"data":"Loop","floor":32,"key":"SMITH"}],"neow_cost":"NONE","seed_source_timestamp":22693596526644,"circlet_count":0,"master_deck":["AscendersBane","Strike_B","Strike_B","Defend_B","Defend_B","Defend_B","Defend_B","Zap","Dualcast","Ball Lightning","Undo","Sweeping Beam","Steam","Glacier+1","Doom and Gloom+1","Buffer","Redo+1","Melter","Rebound","Electrodynamics","Coolheaded","Coolheaded+1","Loop+1","Seek","Hologram","Cold Snap","Defragment","Sunder","Coolheaded"],"special_seed":0,"relics":["Sozu","WarpedTongs","Mango","Pear","Golden Idol","Omamori","Bag of Preparation","Philosopher\u0027s Stone","Lantern","Meat on the Bone","Gremlin Horn","Cursed Key","Peace Pipe","Matryoshka"],"potions_floor_usage":[],"damage_taken":[{"damage":0.0,"enemies":"Small Slimes","floor":1.0,"turns":3.0},{"damage":1.0,"enemies":"2 Louse","floor":5.0,"turns":3.0},{"damage":27.0,"enemies":"Gremlin Nob","floor":6.0,"turns":4.0},{"damage":5.0,"enemies":"Cultist","floor":7.0,"turns":3.0},{"damage":2.0,"enemies":"Blue Slaver","floor":11.0,"turns":4.0},{"damage":4.0,"enemies":"Lagavulin","floor":12.0,"turns":9.0},{"damage":17.0,"enemies":"Slime Boss","floor":16.0,"turns":8.0},{"damage":19.0,"enemies":"Chosen","floor":18.0,"turns":6.0},{"damage":11.0,"enemies":"2 Thieves","floor":19.0,"turns":4.0},{"damage":5.0,"enemies":"Snecko","floor":21.0,"turns":4.0},{"damage":30.0,"enemies":"Snake Plant","floor":22.0,"turns":3.0},{"damage":33.0,"enemies":"Gremlin Leader","floor":25.0,"turns":7.0},{"damage":12.0,"enemies":"Centurion and Healer","floor":27.0,"turns":7.0},{"damage":7,"enemies":"3 Cultists","floor":29,"turns":5},{"damage":0,"enemies":"Snake Plant","floor":31,"turns":4},{"damage":50,"enemies":"Collector","floor":33,"turns":9},{"damage":0,"enemies":"Orb Walker","floor":35,"turns":4},{"damage":58,"enemies":"2 Orb Walkers","floor":36,"turns":5},{"damage":6,"enemies":"3 Shapes","floor":37,"turns":3},{"damage":36,"enemies":"Giant Head","floor":40,"turns":6}],"seed_played":"-3144108492484805750","potions_obtained":[],"is_trial":false,"path_per_floor":["M","$","?","?","M","E","M","R","T","?","M","E","R","$","R","B",null,"M","M","?","M","M","R","?","E","T","M","$","M","R","M","R","B",null,"M","?","M","?","$","E"],"character_chosen":"DEFECT","items_purchased":["Undo","Bag of Preparation","Electrodynamics","Coolheaded","Gremlin Horn","Defragment","Sunder","Coolheaded"],"campfire_rested":3,"item_purchase_floors":[2,14,28,28,28,39,39,39],"current_hp_per_floor":[68,68,68,68,67,54,49,49,59,59,57,53,53,53,80,63,85,66,55,55,50,20,47,47,14,14,14,14,19,46,58,58,20,74,74,28,34,34,34,0],"gold":24,"neow_bonus":"BOSS_RELIC","is_prod":false,"is_daily":false,"chose_seed":false,"campfire_upgraded":3,"win_rate":0,"timestamp":1558833846,"path_taken":["M","$","?","?","?","E","M","R","T","?","M","E","R","$","R","BOSS","M","M","?","?","M","R","?","E","T","M","$","?","R","?","R","BOSS","M","?","M","?","$","E"],"build_version":"2019-01-23","purchased_purges":1,"victory":false,"max_hp_per_floor":[75,75,75,75,75,89,89,89,99,92,92,92,92,92,92,92,92,92,92,92,92,92,92,92,92,92,92,92,92,92,92,92,92,92,92,92,92,92,92,92],"card_choices":[{"not_picked":["Aggregate","Loop"],"picked":"Ball Lightning","floor":1.0},{"not_picked":["Force Field","Auto Shields"],"picked":"Sweeping Beam","floor":5.0},{"not_picked":["Sweeping Beam","Turbo"],"picked":"Steam","floor":6.0},{"not_picked":["Compile Driver","Redo"],"picked":"Glacier","floor":7.0},{"not_picked":["Steam","Beam Cell","Heatsinks"],"picked":"SKIP","floor":11.0},{"not_picked":["Cold Snap","Stack"],"picked":"Doom and Gloom","floor":12.0},{"not_picked":["Seek","Core Surge"],"picked":"Buffer","floor":16.0},{"not_picked":["Compile Driver","Genetic Algorithm"],"picked":"Redo+1","floor":18.0},{"not_picked":["Hello World+1","Aggregate"],"picked":"Melter","floor":19.0},{"not_picked":["Gash","Stack"],"picked":"Rebound","floor":21.0},{"not_picked":["Aggregate","Tempest","Redo"],"picked":"SKIP","floor":22.0},{"not_picked":["Redo","Doom and Gloom","Rebound"],"picked":"SKIP","floor":25.0},{"not_picked":["Sweeping Beam","Fusion","Gash"],"picked":"SKIP","floor":27.0},{"not_picked":["Ball Lightning","FTL"],"picked":"Coolheaded+1","floor":29},{"not_picked":["Genetic Algorithm","Force Field"],"picked":"Loop","floor":31},{"not_picked":["All For One","Multi-Cast"],"picked":"Seek","floor":33},{"not_picked":["Heatsinks","Redo+1"],"picked":"Hologram","floor":35},{"not_picked":["Conserve Battery","Barrage"],"picked":"Cold Snap","floor":36},{"not_picked":["Lockon","Auto Shields","Ball Lightning"],"picked":"SKIP","floor":37}],"player_experience":670470,"relics_obtained":[{"floor":6.0,"key":"Mango"},{"floor":9.0,"key":"Pear"},{"floor":12.0,"key":"Omamori"},{"floor":25.0,"key":"Lantern"},{"floor":26.0,"key":"Meat on the Bone"},{"floor":36,"key":"Peace Pipe"}],"event_choices":[{"cards_removed":["Strike_B"],"damage_healed":0.0,"max_hp_gain":0.0,"max_hp_loss":0.0,"gold_gain":0.0,"event_name":"Living Wall","player_choice":"Forget","floor":3.0,"gold_loss":0.0,"damage_taken":0.0},{"damage_healed":0.0,"max_hp_gain":0.0,"max_hp_loss":0.0,"gold_gain":0.0,"event_name":"Accursed Blacksmith","player_choice":"Rummage","floor":4.0,"gold_loss":0.0,"damage_taken":0.0,"relics_obtained":["WarpedTongs"],"cards_obtained":["Pain"]},{"damage_healed":0.0,"max_hp_gain":0.0,"max_hp_loss":7.0,"gold_gain":0.0,"event_name":"Golden Idol","player_choice":"Lose Max HP","floor":10.0,"gold_loss":0.0,"damage_taken":0.0,"relics_obtained":["Golden Idol"]},{"cards_removed":["Pain"],"damage_healed":0.0,"max_hp_gain":0.0,"max_hp_loss":0.0,"gold_gain":0.0,"event_name":"Fountain of Cleansing","player_choice":"Removed Curses","floor":20.0,"gold_loss":0.0,"damage_taken":0.0},{"damage_healed":0.0,"max_hp_gain":0.0,"max_hp_loss":0.0,"gold_gain":275.0,"event_name":"Golden Shrine","player_choice":"Desecrate","floor":24.0,"gold_loss":0.0,"damage_taken":0.0,"cards_obtained":["Regret"]},{"damage_healed":0,"gold_gain":0,"player_choice":"Fight","damage_taken":0,"max_hp_gain":0,"max_hp_loss":0,"event_name":"Mysterious Sphere","floor":36,"gold_loss":0},{"damage_healed":0,"gold_gain":0,"player_choice":"Paid Gold","damage_taken":0,"relics_obtained":["Matryoshka"],"max_hp_gain":0,"max_hp_loss":0,"event_name":"WeMeetAgain","floor":38,"gold_loss":95}],"is_beta":false,"boss_relics":[{"not_picked":["Coffee Dripper","Lizard Tail"],"picked":"Philosopher\u0027s Stone"},{"not_picked":["Fusion Hammer","Astrolabe"],"picked":"Cursed Key"}],"items_purged_floors":[28],"is_endless":false,"potions_floor_spawned":[1,7,12,18,25,27,31],"killed_by":"Giant Head","ascension_level":12}