{"gold_per_floor":[109,109,128,141,141,141,151,151,176,176,207,226,226,226],"floor_reached":14,"playtime":574,"items_purged":[],"score":158,"play_id":"99da0214-286d-4884-af4b-e49fe8386818","local_time":"20190514123735","is_ascension_mode":true,"campfire_choices":[{"floor":6.0,"key":"REST"},{"data":"Zap","floor":10.0,"key":"SMITH"},{"floor":13.0,"key":"REST"}],"neow_cost":"NONE","seed_source_timestamp":845060583686661,"circlet_count":0,"master_deck":["AscendersBane","Strike_B","Strike_B","Strike_B+1","Defend_B","Defend_B","Defend_B","Defend_B","Zap+1","Dualcast","Darkness+1","Compile Driver","Beam Cell","Steam","Chill","Ball Lightning"],"special_seed":0,"relics":["Cracked Core","Boot","Oddly Smooth Stone","Sundial"],"potions_floor_usage":[14],"damage_taken":[{"damage":5.0,"enemies":"2 Louse","floor":1.0,"turns":3.0},{"damage":3.0,"enemies":"Small Slimes","floor":3.0,"turns":4.0},{"damage":0.0,"enemies":"Cultist","floor":4.0,"turns":3.0},{"damage":3.0,"enemies":"2 Fungi Beasts","floor":7.0,"turns":4.0},{"damage":26.0,"enemies":"3 Sentries","floor":11.0,"turns":7.0},{"damage":10.0,"enemies":"Lots of Slimes","floor":12.0,"turns":3.0},{"damage":38,"enemies":"Gremlin Nob","floor":14,"turns":3}],"seed_played":"-905631858655401353","potions_obtained":[{"floor":1.0,"key":"LiquidBronze"},{"floor":11.0,"key":"FocusPotion"}],"is_trial":false,"path_per_floor":["M","?","M","M","?","R","M","?","T","R","E","M","R","E"],"character_chosen":"DEFECT","items_purchased":[],"campfire_rested":2,"item_purchase_floors":[],"current_hp_per_floor":[66,48,45,45,22,45,42,42,42,42,16,6,29,0],"gold":226,"neow_bonus":"TEN_PERCENT_HP_BONUS","is_prod":false,"is_daily":false,"chose_seed":false,"campfire_upgraded":1,"win_rate":0,"timestamp":1557851855,"path_taken":["M","?","M","M","?","R","M","?","T","R","E","M","R","E"],"build_version":"2019-01-23","purchased_purges":0,"victory":false,"max_hp_per_floor":[78,78,78,78,78,78,78,78,78,78,78,78,78,78],"card_choices":[{"not_picked":["Steam Power","Scrape"],"picked":"Darkness","floor":1.0},{"not_picked":["Redo","Hologram"],"picked":"Compile Driver","floor":3.0},{"not_picked":["Gash","Redo"],"picked":"Beam Cell","floor":4.0},{"not_picked":["Stack","Redo"],"picked":"Steam","floor":7.0},{"not_picked":["Streamline","Thunder Strike"],"picked":"Chill","floor":11.0},{"not_picked":["Steam","Rebound"],"picked":"Ball Lightning","floor":12.0}],"player_experience":608201,"relics_obtained":[{"floor":9.0,"key":"Oddly Smooth Stone"},{"floor":11.0,"key":"Sundial"}],"event_choices":[{"damage_healed":0.0,"max_hp_gain":0.0,"max_hp_loss":0.0,"gold_gain":0.0,"event_name":"Scrap Ooze","player_choice":"Success","floor":2.0,"gold_loss":0.0,"damage_taken":18.0,"relics_obtained":["Boot"]},{"damage_healed":0.0,"max_hp_gain":0.0,"max_hp_loss":0.0,"gold_gain":0.0,"event_name":"Shining Light","player_choice":"Entered Light","floor":5.0,"gold_loss":0.0,"damage_taken":23.0,"cards_upgraded":["Darkness","Strike_B"]},{"cards_removed":["Strike_B"],"damage_healed":0.0,"max_hp_gain":0.0,"max_hp_loss":0.0,"gold_gain":0.0,"event_name":"Purifier","player_choice":"Purged","floor":8.0,"gold_loss":0.0,"damage_taken":0.0}],"is_beta":false,"boss_relics":[],"items_purged_floors":[],"is_endless":false,"potions_floor_spawned":[1,11],"killed_by":"Gremlin Nob","ascension_level":15}