{"gold_per_floor":[114,130,205,170,189,189,150,168,191,44,59,87,106,281,281,380,380,392,145,179,229,245,245,245,245,245,79,90,106,106],"floor_reached":30,"playtime":2114,"items_purged":["Pain","Injury"],"score":368,"play_id":"e7ad4fb3-bcef-4e91-902d-8ce89be1cbbc","local_time":"20190503122453","is_ascension_mode":true,"campfire_choices":[{"data":"Neutralize","floor":6,"key":"SMITH"},{"floor":15,"key":"REST"},{"floor":23,"key":"REST"}],"neow_cost":"NONE","seed_source_timestamp":5093829463376816,"circlet_count":0,"master_deck":["AscendersBane","Defend_G","Defend_G","Defend_G","Defend_G","Defend_G","Strike_G","Strike_G","Strike_G","Strike_G","Strike_G","Survivor","Neutralize+1","Dash","Noxious Fumes","Backstab","Noxious Fumes","Bouncing Flask","Blur","Terror","Adrenaline","Terror","Adrenaline","Noxious Fumes","Cloak And Dagger","Catalyst","Infinite Blades","Footwork","PiercingWail"],"relics":["Ring of the Snake","NeowsBlessing","Bronze Scales","Omamori","Calling Bell","Bag of Marbles","The Courier","Gambling Chip","Red Mask","Shuriken","Kunai"],"potions_floor_usage":[16,20],"damage_taken":[{"damage":0,"enemies":"2 Louse","floor":1,"turns":1},{"damage":0,"enemies":"Jaw Worm","floor":2,"turns":1},{"damage":0,"enemies":"Small Slimes","floor":5,"turns":1},{"damage":5,"enemies":"Exordium Wildlife","floor":8,"turns":7},{"damage":4,"enemies":"Blue Slaver","floor":11,"turns":3},{"damage":22,"enemies":"3 Sentries","floor":12,"turns":6},{"damage":3,"enemies":"Red Slaver","floor":13,"turns":5},{"damage":5,"enemies":"The Guardian","floor":16,"turns":8},{"damage":16,"enemies":"Shell Parasite","floor":18,"turns":6},{"damage":49,"enemies":"Masked Bandits","floor":20,"turns":5},{"damage":0,"enemies":"3 Byrds","floor":22,"turns":3},{"damage":4,"enemies":"Colosseum Slavers","floor":25,"turns":4},{"damage":17,"enemies":"Shelled Parasite and Fungi","floor":28,"turns":7},{"damage":16,"enemies":"Sentry and Sphere","floor":29,"turns":3},{"damage":1,"enemies":"Snecko","floor":30,"turns":3}],"seed_played":"1859695219379747028","potions_obtained":[{"floor":12,"key":"FairyPotion"},{"floor":13,"key":"PowerPotion"},{"floor":18,"key":"Regen Potion"},{"floor":22,"key":"LiquidBronze"},{"floor":29,"key":"Explosive Potion"}],"is_trial":false,"path_per_floor":["M","M","?","?","M","R","$","M","T","$","M","E","M","?","R","B",null,"M","$","?","?","M","R","T","?","T","$","M","M","M"],"character_chosen":"THE_SILENT","items_purchased":["Noxious Fumes","Noxious Fumes","Bouncing Flask","Adrenaline","Noxious Fumes","Infinite Blades","Footwork"],"campfire_rested":2,"item_purchase_floors":[7,10,10,19,19,27,27],"current_hp_per_floor":[63,63,52,69,69,69,69,64,64,64,60,38,35,35,56,51,65,49,49,15,15,15,36,36,32,32,32,15,7,6],"gold":106,"neow_bonus":"THREE_ENEMY_KILL","is_prod":false,"is_daily":false,"chose_seed":false,"campfire_upgraded":1,"win_rate":0,"timestamp":1556900693,"path_taken":["M","M","?","?","?","R","$","M","T","$","M","E","M","?","R","BOSS","M","$","?","?","?","R","?","?","T","$","M","M","M"],"build_version":"2019-01-23","purchased_purges":2,"victory":false,"max_hp_per_floor":[70,70,70,70,70,70,70,70,70,70,70,70,70,70,70,70,70,70,70,70,70,70,70,70,70,70,70,70,70,70],"card_choices":[{"not_picked":["Deflect","Prepared","Outmaneuver"],"picked":"SKIP","floor":1},{"not_picked":["Prepared","Outmaneuver","Dagger Spray"],"picked":"SKIP","floor":2},{"not_picked":["Dodge and Roll","Prepared"],"picked":"Dash","floor":5},{"not_picked":["Quick Slash","Setup"],"picked":"Backstab","floor":8},{"not_picked":["Poisoned Stab","Underhanded Strike"],"picked":"Blur","floor":11},{"not_picked":["Flying Knee","Dagger Throw"],"picked":"Terror","floor":12},{"not_picked":["Deflect","Expertise","Grand Finale"],"picked":"SKIP","floor":13},{"not_picked":["Tools of the Trade","Night Terror"],"picked":"Adrenaline","floor":16},{"not_picked":["Predator","Prepared"],"picked":"Terror","floor":18},{"not_picked":["Bouncing Flask+1","Storm of Steel"],"picked":"Cloak And Dagger","floor":20},{"not_picked":["Acrobatics","Poisoned Stab"],"picked":"Catalyst","floor":22},{"not_picked":["Distraction","Heel Hook","Dagger Spray"],"picked":"SKIP","floor":28},{"not_picked":["Dodge and Roll","Acrobatics"],"picked":"PiercingWail","floor":29}],"player_experience":263731,"relics_obtained":[{"floor":9,"key":"Bronze Scales"},{"floor":12,"key":"Omamori"},{"floor":17,"key":"Bag of Marbles"},{"floor":17,"key":"The Courier"},{"floor":17,"key":"Gambling Chip"},{"floor":20,"key":"Red Mask"},{"floor":24,"key":"Shuriken"},{"floor":26,"key":"Kunai"}],"event_choices":[{"damage_healed":0,"gold_gain":75,"player_choice":"Gather Gold","damage_taken":11,"max_hp_gain":0,"max_hp_loss":0,"event_name":"World of Goop","floor":3,"gold_loss":0},{"damage_healed":17,"gold_gain":0,"player_choice":"Healed","damage_taken":0,"max_hp_gain":0,"max_hp_loss":0,"event_name":"The Cleric","floor":4,"gold_loss":35},{"damage_healed":0,"gold_gain":175,"player_choice":"AGREE","damage_taken":0,"max_hp_gain":0,"max_hp_loss":0,"event_name":"Liars Game","floor":14,"gold_loss":0,"cards_obtained":["Doubt"]},{"damage_healed":0,"gold_gain":0,"player_choice":"Fought Bandits","damage_taken":0,"max_hp_gain":0,"max_hp_loss":0,"event_name":"Masked Bandits","floor":20,"gold_loss":0},{"damage_healed":0,"gold_gain":100,"player_choice":"Bet on Murderer","damage_taken":0,"max_hp_gain":0,"max_hp_loss":0,"event_name":"The Joust","floor":21,"gold_loss":50},{"damage_healed":0,"gold_gain":0,"player_choice":"Fight","damage_taken":0,"max_hp_gain":0,"max_hp_loss":0,"event_name":"Colosseum","floor":25,"gold_loss":0},{"damage_healed":0,"gold_gain":0,"player_choice":"Fled From Nobs","damage_taken":0,"max_hp_gain":0,"max_hp_loss":0,"event_name":"Colosseum","floor":25,"gold_loss":0}],"is_beta":false,"boss_relics":[{"not_picked":["Runic Pyramid","HoveringKite"],"picked":"Calling Bell"}],"items_purged_floors":[19,27],"is_endless":false,"potions_floor_spawned":[12,13,18,22,29],"killed_by":"Snecko","ascension_level":12}