{"gold_per_floor":[113,131,131,142,158,158,192,210,210,226,61,61,92,107,107,185,185,204,204,111,111,121,121,135,170,216,216,226,226,279,112,112,187,187,200,213,213,213,56,56,90,90,90,90,101,16,26,26,26,26,26],"floor_reached":52,"playtime":3655,"items_purged":["Strike_B","Strike_B","Strike_B"],"score":1720,"play_id":"b4c65622-0d56-4d60-a14b-91f1156602e9","local_time":"20190523192043","is_ascension_mode":true,"campfire_choices":[{"data":"Streamline","floor":6.0,"key":"SMITH"},{"floor":12.0,"key":"REST"},{"data":"Defragment","floor":15.0,"key":"SMITH"},{"floor":23.0,"key":"REST"},{"floor":27.0,"key":"REST"},{"data":"Thunder Strike","floor":29.0,"key":"SMITH"},{"data":"Reinforced Body","floor":32.0,"key":"SMITH"},{"data":"Coolheaded","floor":40.0,"key":"SMITH"},{"data":"Sunder","floor":42.0,"key":"SMITH"},{"data":"Coolheaded","floor":44.0,"key":"SMITH"},{"data":"Hologram","floor":49,"key":"SMITH"}],"neow_cost":"NONE","seed_source_timestamp":262109377779918,"circlet_count":0,"master_deck":["AscendersBane","Zap","Dualcast","Streamline+1","Ball Lightning","Defragment+1","Leap","Core Surge+1","Capacitor","Coolheaded+1","Coolheaded+1","Compile Driver","Thunder Strike+1","Doom and Gloom","Capacitor","Reinforced Body+1","Coolheaded+1","Sunder+1","Echo Form","Sunder+1","Echo Form","White Noise+1","Hologram+1","Ball Lightning","Force Field+1","Stack","Leap","Fusion","Hologram+1","Ball Lightning"],"special_seed":0,"relics":["Cracked Core","Prayer Wheel","Pantograph","Smiling Mask","Snecko Eye","Bird Faced Urn","MutagenicStrength","Du-Vu Doll","Whetstone","Bag of Marbles","Astrolabe","Lantern","Vajra","Thread and Needle"],"potions_floor_usage":[51,51],"damage_taken":[{"damage":1.0,"enemies":"Cultist","floor":1.0,"turns":3.0},{"damage":12.0,"enemies":"Small Slimes","floor":2.0,"turns":4.0},{"damage":4.0,"enemies":"Jaw Worm","floor":4.0,"turns":3.0},{"damage":7.0,"enemies":"Looter","floor":5.0,"turns":3.0},{"damage":26.0,"enemies":"3 Sentries","floor":7.0,"turns":6.0},{"damage":1.0,"enemies":"2 Fungi Beasts","floor":8.0,"turns":3.0},{"damage":7.0,"enemies":"Exordium Wildlife","floor":10.0,"turns":3.0},{"damage":16.0,"enemies":"Lagavulin","floor":13.0,"turns":5.0},{"damage":12.0,"enemies":"Exordium Thugs","floor":14.0,"turns":3.0},{"damage":14.0,"enemies":"The Guardian","floor":16.0,"turns":9.0},{"damage":14.0,"enemies":"Shell Parasite","floor":18.0,"turns":4.0},{"damage":14.0,"enemies":"Chosen","floor":22.0,"turns":4.0},{"damage":7.0,"enemies":"Centurion and Healer","floor":24.0,"turns":5.0},{"damage":53.0,"enemies":"Gremlin Leader","floor":25.0,"turns":5.0},{"damage":0.0,"enemies":"Cultist and Chosen","floor":28.0,"turns":3.0},{"damage":56.0,"enemies":"Champ","floor":33.0,"turns":9.0},{"damage":19.0,"enemies":"3 Darklings","floor":35.0,"turns":4.0},{"damage":0.0,"enemies":"3 Shapes","floor":36.0,"turns":4.0},{"damage":32.0,"enemies":"Nemesis","floor":41.0,"turns":9.0},{"damage":33,"enemies":"Writhing Mass","floor":45,"turns":9},{"damage":0,"enemies":"4 Shapes","floor":47,"turns":7},{"damage":10,"enemies":"Awakened One","floor":50,"turns":10},{"damage":63,"enemies":"Time Eater","floor":51,"turns":14}],"seed_played":"-6179006366854356689","potions_obtained":[{"floor":1.0,"key":"Dexterity Potion"},{"floor":5.0,"key":"SneckoOil"},{"floor":8.0,"key":"FearPotion"},{"floor":10.0,"key":"SteroidPotion"},{"floor":14.0,"key":"FearPotion"},{"floor":22.0,"key":"AttackPotion"},{"floor":28.0,"key":"AttackPotion"},{"floor":35.0,"key":"LiquidBronze"}],"is_trial":false,"path_per_floor":["M","M","?","M","M","R","E","M","T","M","$","R","E","M","R","B",null,"M","?","$","?","M","R","M","E","T","R","M","R","T","$","R","B",null,"M","M","?","?","$","R","E","R","T","R","M","$","M","?","R","B","B",null],"character_chosen":"DEFECT","items_purchased":["Capacitor","Capacitor","Sunder","Regen Potion","Lantern","Regen Potion"],"campfire_rested":3,"item_purchase_floors":[11,20,31,31,39,46],"current_hp_per_floor":[70,58,58,54,47,47,21,20,20,13,13,36,20,8,8,19,63,49,49,49,49,41,64,63,10,10,33,37,37,37,37,37,29,66,55,65,65,65,65,65,47,47,47,47,36,36,60,60,60,76,48],"gold":26,"neow_bonus":"TEN_PERCENT_HP_BONUS","is_prod":false,"is_daily":false,"chose_seed":false,"campfire_upgraded":8,"win_rate":0,"timestamp":1558653643,"path_taken":["M","M","?","M","?","R","E","M","T","M","$","R","E","M","R","BOSS","M","?","?","?","M","R","M","E","T","R","M","R","?","?","R","BOSS","M","M","?","?","?","R","E","R","T","R","M","$","?","?","R","BOSS","BOSS"],"build_version":"2019-01-23","purchased_purges":3,"victory":true,"max_hp_per_floor":[78,78,78,78,78,78,78,78,78,78,78,78,78,78,78,78,78,78,78,78,78,78,78,78,78,78,78,78,78,78,78,78,78,78,78,78,78,78,78,78,78,78,78,78,78,78,78,78,78,78,78],"card_choices":[{"not_picked":["Heatsinks","Conserve Battery","Stack"],"picked":"SKIP","floor":1.0},{"not_picked":["Lockon","Conserve Battery"],"picked":"Streamline","floor":2.0},{"not_picked":["Turbo","Blizzard","Hello World"],"picked":"SKIP","floor":4.0},{"not_picked":["Streamline","Lockon"],"picked":"Hologram","floor":5.0},{"not_picked":["Hyperbeam","Barrage"],"picked":"Ball Lightning","floor":7.0},{"not_picked":["Coolheaded","Aggregate"],"picked":"Defragment","floor":8.0},{"not_picked":["Turbo","Barrage"],"picked":"Leap","floor":8.0},{"not_picked":["Beam Cell","Streamline"],"picked":"Core Surge","floor":10.0},{"not_picked":["Ball Lightning","Beam Cell","Hologram"],"picked":"SKIP","floor":10.0},{"not_picked":["Streamline","Ball Lightning"],"picked":"Coolheaded","floor":13.0},{"not_picked":["Darkness","Compile Driver"],"picked":"Coolheaded","floor":14.0},{"not_picked":["Go for the Eyes","White Noise"],"picked":"Compile Driver","floor":14.0},{"not_picked":["Core Surge","Reboot"],"picked":"Thunder Strike","floor":16.0},{"not_picked":["Cold Snap","Streamline"],"picked":"Doom and Gloom","floor":18.0},{"not_picked":["Streamline","Redo+1","Steam"],"picked":"SKIP","floor":18.0},{"not_picked":["Heatsinks","Chaos"],"picked":"Reinforced Body","floor":22.0},{"not_picked":["FTL","Blizzard"],"picked":"Coolheaded+1","floor":22.0},{"not_picked":["Loop","Rainbow"],"picked":"Sunder","floor":24.0},{"not_picked":["Go for the Eyes+1","Conserve Battery","Turbo"],"picked":"SKIP","floor":24.0},{"not_picked":["Streamline","Conserve Battery"],"picked":"Echo Form","floor":25.0},{"not_picked":["FTL","Aggregate","Ball Lightning+1"],"picked":"SKIP","floor":28.0},{"not_picked":["Turbo","Beam Cell","Ball Lightning"],"picked":"SKIP","floor":28.0},{"not_picked":["Thunder Strike","Biased Cognition"],"picked":"Echo Form","floor":33.0},{"not_picked":["Compile Driver+1","Hologram"],"picked":"Ball Lightning","floor":35.0},{"not_picked":["Capacitor","Steam","Compile Driver"],"picked":"SKIP","floor":35.0},{"not_picked":["Streamline","Stack"],"picked":"Force Field+1","floor":36.0},{"not_picked":["Barrage","Beam Cell"],"picked":"Stack","floor":36.0},{"not_picked":["Machine Learning","Blizzard"],"picked":"Leap","floor":41.0},{"not_picked":["Gash","Storm"],"picked":"Fusion","floor":45},{"not_picked":["Heatsinks","White Noise"],"picked":"Hologram","floor":45},{"not_picked":["Redo","Rebound"],"picked":"Ball Lightning","floor":47},{"not_picked":["Redo","Melter+1","Steam"],"picked":"SKIP","floor":47}],"player_experience":775157,"relics_obtained":[{"floor":7.0,"key":"Prayer Wheel"},{"floor":9.0,"key":"Pantograph"},{"floor":13.0,"key":"Smiling Mask"},{"floor":25.0,"key":"Du-Vu Doll"},{"floor":26.0,"key":"Whetstone"},{"floor":30.0,"key":"Bag of Marbles"},{"floor":41.0,"key":"Vajra"},{"floor":43.0,"key":"Thread and Needle"}],"event_choices":[{"cards_removed":["Strike_B"],"damage_healed":0.0,"max_hp_gain":0.0,"max_hp_loss":0.0,"gold_gain":0.0,"event_name":"Purifier","player_choice":"Purged","floor":3.0,"gold_loss":0.0,"damage_taken":0.0},{"cards_removed":["Hologram"],"damage_healed":0.0,"max_hp_gain":0.0,"max_hp_loss":0.0,"gold_gain":0.0,"event_name":"WeMeetAgain","player_choice":"Gave Card","floor":19.0,"gold_loss":0.0,"damage_taken":0.0,"relics_obtained":["Bird Faced Urn"]},{"damage_healed":0.0,"max_hp_gain":0.0,"max_hp_loss":0.0,"gold_gain":0.0,"event_name":"Drug Dealer","player_choice":"Inject Mutagens","floor":21.0,"gold_loss":0.0,"damage_taken":0.0,"relics_obtained":["MutagenicStrength"]},{"cards_removed":["Storm"],"damage_healed":0.0,"max_hp_gain":0.0,"max_hp_loss":0.0,"gold_gain":0.0,"event_name":"Falling","player_choice":"Removed Power","floor":37.0,"gold_loss":0.0,"damage_taken":0.0},{"damage_healed":0.0,"max_hp_gain":0.0,"max_hp_loss":0.0,"gold_gain":0.0,"event_name":"Mysterious Sphere","player_choice":"Ignored","floor":38.0,"gold_loss":0.0,"damage_taken":0.0},{"cards_removed":["Defend_B"],"damage_healed":0,"gold_gain":0,"player_choice":"Offered Basic","damage_taken":0,"max_hp_gain":0,"max_hp_loss":0,"event_name":"Bonfire Elementals","floor":48,"gold_loss":0}],"is_beta":false,"boss_relics":[{"not_picked":["Tiny House","Runic Pyramid"],"picked":"Snecko Eye"},{"not_picked":["Lizard Tail","Velvet Choker"],"picked":"Astrolabe"}],"items_purged_floors":[11,20,31],"is_endless":false,"potions_floor_spawned":[1,5,8,10,14,22,28,35,47],"ascension_level":20}