{"gold_per_floor":[115,134,144,319,319,337,337,368,368,368,388,416,427,427,427,427],"floor_reached":16,"playtime":1502,"items_purged":[],"score":112,"play_id":"9d279d0e-eeae-4b7b-9fb6-1cd3594d2e00","local_time":"20190407135828","is_ascension_mode":false,"campfire_choices":[{"data":"Infernal Blade","floor":7,"key":"SMITH"},{"data":"Bloodletting","floor":10,"key":"SMITH"},{"data":"Berserk","floor":15,"key":"SMITH"}],"neow_cost":"NONE","seed_source_timestamp":2853715823910622,"circlet_count":0,"master_deck":["Strike_R","Strike_R","Strike_R+1","Strike_R","Strike_R+1","Defend_R","Defend_R","Defend_R","Defend_R","Bash","Battle Trance","Flame Barrier","Infernal Blade+1","Bloodletting+1","Berserk+1","Ghostly Armor","Searing Blow"],"relics":["Burning Blood","Blood Vial","Question Card","Charon\u0027s Ashes"],"potions_floor_usage":[8,12,16],"damage_taken":[{"damage":0,"enemies":"Small Slimes","floor":1,"turns":3},{"damage":1,"enemies":"Jaw Worm","floor":2,"turns":3},{"damage":0,"enemies":"Cultist","floor":3,"turns":4},{"damage":9,"enemies":"Exordium Thugs","floor":6,"turns":8},{"damage":29,"enemies":"3 Sentries","floor":8,"turns":11},{"damage":2,"enemies":"Looter","floor":11,"turns":4},{"damage":22,"enemies":"Gremlin Nob","floor":12,"turns":3},{"damage":17,"enemies":"Red Slaver","floor":13,"turns":6},{"damage":31,"enemies":"Hexaghost","floor":16,"turns":11}],"seed_played":"817142853303133798","potions_obtained":[{"floor":1,"key":"SteroidPotion"},{"floor":3,"key":"Block Potion"},{"floor":11,"key":"BloodPotion"}],"is_trial":false,"path_per_floor":["M","M","M","?","?","M","R","E","T","R","M","E","M","?","R","B"],"character_chosen":"IRONCLAD","items_purchased":[],"campfire_rested":0,"item_purchase_floors":[],"current_hp_per_floor":[88,88,88,88,81,78,78,55,55,55,61,47,38,20,20,0],"gold":427,"neow_bonus":"TEN_PERCENT_HP_BONUS","is_prod":false,"is_daily":false,"chose_seed":false,"campfire_upgraded":3,"win_rate":0.0,"timestamp":1554659908,"path_taken":["M","M","M","?","?","M","R","E","T","R","?","E","M","?","R","BOSS"],"build_version":"2019-01-23","purchased_purges":0,"victory":false,"max_hp_per_floor":[88,88,88,88,88,88,88,88,88,88,88,88,88,88,88,88],"card_choices":[{"not_picked":["Flex","Sword Boomerang"],"picked":"Battle Trance","floor":1},{"not_picked":["Anger","Armaments"],"picked":"Flame Barrier","floor":2},{"not_picked":["Feel No Pain","Clothesline"],"picked":"Infernal Blade","floor":3},{"not_picked":["Clash","Pommel Strike","Twin Strike"],"picked":"SKIP","floor":6},{"not_picked":["Sword Boomerang","Armaments"],"picked":"Bloodletting","floor":8},{"not_picked":["Warcry","True Grit","Carnage"],"picked":"Berserk","floor":11},{"not_picked":["True Grit","Twin Strike","Clash"],"picked":"Ghostly Armor","floor":12},{"not_picked":["Flex","Ghostly Armor","Anger"],"picked":"Searing Blow","floor":13}],"player_experience":6036,"relics_obtained":[{"floor":8,"key":"Blood Vial"},{"floor":9,"key":"Question Card"},{"floor":12,"key":"Charon\u0027s Ashes"}],"event_choices":[{"damage_healed":0,"gold_gain":175,"player_choice":"AGREE","damage_taken":0,"max_hp_gain":0,"max_hp_loss":0,"event_name":"Liars Game","floor":4,"gold_loss":0,"cards_obtained":["Doubt"]},{"cards_removed":["Doubt"],"damage_healed":0,"gold_gain":0,"player_choice":"Card Removal","damage_taken":7,"max_hp_gain":0,"max_hp_loss":0,"event_name":"Golden Wing","floor":5,"gold_loss":0},{"damage_healed":0,"gold_gain":0,"player_choice":"Entered Light","damage_taken":18,"max_hp_gain":0,"max_hp_loss":0,"event_name":"Shining Light","floor":14,"gold_loss":0,"cards_upgraded":["Strike_R","Strike_R"]}],"is_beta":false,"boss_relics":[],"items_purged_floors":[],"is_endless":false,"potions_floor_spawned":[1,3,11],"killed_by":"Hexaghost","ascension_level":0}