{"gold_per_floor":[12,28,28,48,18,18,48,60,60,89,106,139,139,149,149,223,223,237,32,49,49,69,69,82,112,137,137,167,180,215,234,234,307,307,318,333,333,165,182,212,212],"floor_reached":41,"playtime":3615,"items_purged":["Strike_R"],"score":938,"play_id":"f5c6ba38-6373-451e-ad2e-e5bb0ceed849","local_time":"20190509135414","is_ascension_mode":true,"campfire_choices":[{"data":"Barricade","floor":6,"key":"SMITH"},{"data":"True Grit","floor":13,"key":"SMITH"},{"data":"Armaments","floor":15,"key":"SMITH"},{"floor":23,"key":"REST"},{"floor":27,"key":"REST"},{"floor":32,"key":"REST"}],"neow_cost":"NO_GOLD","seed_source_timestamp":414660602697403,"circlet_count":0,"master_deck":["AscendersBane","Strike_R","Strike_R","Strike_R","Strike_R","Defend_R","Defend_R","Defend_R","Defend_R","Bash","Barricade+1","Shrug It Off","Pommel Strike","Power Through","Shockwave","Brutality","Reckless Charge","True Grit+1","Spot Weakness","Feel No Pain","Armaments+1","Juggernaut","Pommel Strike+1","Cleave+1","Flame Barrier","Sword Boomerang+1","Entrench+1","Headbutt+1","Reckless Charge+1","Body Slam+1","Uppercut+1","Rupture","Body Slam+1","Limit Break","Iron Wave+1","True Grit"],"special_seed":0,"relics":["Burning Blood","Incense Burner","Pear","Molten Egg 2","Meat on the Bone","Lantern","Fusion Hammer","Pen Nib","Happy Flower","Ancient Tea Set","Singing Bowl","Busted Crown","Oddly Smooth Stone","Potion Belt"],"potions_floor_usage":[8,25,25,33,33,41],"damage_taken":[{"damage":1.0,"enemies":"Cultist","floor":1.0,"turns":4.0},{"damage":5.0,"enemies":"Jaw Worm","floor":2.0,"turns":5.0},{"damage":10.0,"enemies":"Small Slimes","floor":4.0,"turns":4.0},{"damage":6,"enemies":"Exordium Thugs","floor":5,"turns":5},{"damage":15,"enemies":"3 Sentries","floor":7,"turns":18},{"damage":6,"enemies":"Gremlin Gang","floor":8,"turns":5},{"damage":14,"enemies":"Lagavulin","floor":10,"turns":10},{"damage":5,"enemies":"Red Slaver","floor":11,"turns":4},{"damage":38,"enemies":"Gremlin Nob","floor":12,"turns":6},{"damage":4,"enemies":"Exordium Wildlife","floor":14,"turns":6},{"damage":13,"enemies":"The Guardian","floor":16,"turns":13},{"damage":0,"enemies":"Chosen","floor":18,"turns":5},{"damage":5,"enemies":"Spheric Guardian","floor":20,"turns":7},{"damage":38,"enemies":"3 Cultists","floor":22,"turns":6},{"damage":14,"enemies":"Centurion and Healer","floor":24,"turns":7},{"damage":10,"enemies":"Gremlin Leader","floor":25,"turns":7},{"damage":45,"enemies":"Book of Stabbing","floor":28,"turns":5},{"damage":0,"enemies":"Snecko","floor":29,"turns":3},{"damage":3,"enemies":"Gremlin Leader","floor":30,"turns":9},{"damage":16,"enemies":"Snake Plant","floor":31,"turns":5},{"damage":55,"enemies":"Automaton","floor":33,"turns":10},{"damage":15,"enemies":"Orb Walker","floor":35,"turns":4},{"damage":26,"enemies":"3 Darklings","floor":36,"turns":6},{"damage":19,"enemies":"Sphere and 2 Shapes","floor":39,"turns":6},{"damage":40,"enemies":"Nemesis","floor":40,"turns":9},{"damage":45,"enemies":"Transient","floor":41,"turns":3}],"seed_played":"1873349230277097435","potions_obtained":[{"floor":2.0,"key":"FearPotion"},{"floor":7,"key":"Explosive Potion"},{"floor":8,"key":"LiquidBronze"},{"floor":14,"key":"FearPotion"},{"floor":16,"key":"SkillPotion"},{"floor":25,"key":"SpeedPotion"},{"floor":29,"key":"Dexterity Potion"},{"floor":30,"key":"LiquidBronze"},{"floor":36,"key":"Explosive Potion"}],"is_trial":false,"path_per_floor":["M","M","?","M","M","R","E","M","T","E","M","E","R","M","R","B",null,"M","$","M","?","M","R","M","E","T","R","E","M","E","M","R","B",null,"M","M","?","$","M","E","M"],"character_chosen":"IRONCLAD","items_purchased":["Cleave+1","Flame Barrier","Oddly Smooth Stone"],"campfire_rested":3,"item_purchase_floors":[19,19,38],"current_hp_per_floor":[73,74,74,70,70,70,71,71,71,63,64,44,44,58,58,51,77,83,83,84,84,52,77,69,65,65,85,58,64,67,57,82,45,75,68,60,60,60,59,39,0],"gold":212,"neow_bonus":"THREE_RARE_CARDS","is_prod":false,"is_daily":false,"chose_seed":false,"campfire_upgraded":3,"win_rate":0,"timestamp":1557424454,"path_taken":["M","M","?","M","M","R","E","M","T","E","M","E","R","?","R","BOSS","M","$","M","?","M","R","M","E","T","R","E","M","E","M","R","BOSS","M","M","?","$","M","E","?"],"build_version":"2019-01-23","purchased_purges":1,"victory":false,"max_hp_per_floor":[75,75,75,75,75,75,85,85,85,85,85,85,85,85,85,85,85,85,85,85,85,85,85,85,85,85,85,85,85,85,85,85,85,85,87,87,87,87,87,89,89],"card_choices":[{"not_picked":["Fiend Fire","Exhume"],"picked":"Barricade","floor":0.0},{"not_picked":["Blood for Blood","Flex"],"picked":"Shrug It Off","floor":1.0},{"not_picked":["Pummel","Heavy Blade"],"picked":"Pommel Strike","floor":2.0},{"not_picked":["Warcry","Perfected Strike"],"picked":"Power Through","floor":4.0},{"not_picked":["Sever Soul","Warcry"],"picked":"Shockwave","floor":5},{"not_picked":["Burning Pact","Fire Breathing"],"picked":"Brutality","floor":7},{"not_picked":["Wild Strike","Uppercut"],"picked":"Reckless Charge","floor":8},{"not_picked":["Fire Breathing","Carnage+1"],"picked":"True Grit","floor":10},{"not_picked":["Clash+1","Shrug It Off"],"picked":"Spot Weakness","floor":11},{"not_picked":["Fiend Fire+1","Corruption"],"picked":"Feel No Pain","floor":12},{"not_picked":["Iron Wave+1","Sword Boomerang+1"],"picked":"Armaments","floor":14},{"not_picked":["Feed+1","Brutality"],"picked":"Juggernaut","floor":16},{"not_picked":["Perfected Strike+1","Warcry+1"],"picked":"Pommel Strike+1","floor":18},{"not_picked":["Warcry","Sever Soul+1"],"picked":"Sword Boomerang+1","floor":20},{"not_picked":["Ghostly Armor","Corruption"],"picked":"Headbutt+1","floor":22},{"not_picked":["Heavy Blade+1","Exhume"],"picked":"Reckless Charge+1","floor":24},{"not_picked":["Headbutt+1","Perfected Strike+1"],"picked":"Body Slam+1","floor":25},{"not_picked":["Corruption","Sword Boomerang+1"],"picked":"Uppercut+1","floor":28},{"not_picked":["Searing Blow+1","Sword Boomerang+1","Heavy Blade+1"],"picked":"SKIP","floor":29},{"not_picked":["True Grit","Sword Boomerang+1"],"picked":"Rupture","floor":30},{"not_picked":["Twin Strike+1","Feel No Pain"],"picked":"Body Slam+1","floor":31},{"not_picked":["Juggernaut","Exhume"],"picked":"Limit Break","floor":33},{"not_picked":["Power Through"],"picked":"Singing Bowl","floor":35},{"not_picked":[],"picked":"Iron Wave+1","floor":36},{"not_picked":[],"picked":"True Grit","floor":39},{"not_picked":["Clash+1"],"picked":"Singing Bowl","floor":40}],"player_experience":455369,"relics_obtained":[{"floor":7,"key":"Pear"},{"floor":9,"key":"Molten Egg 2"},{"floor":10,"key":"Meat on the Bone"},{"floor":12,"key":"Lantern"},{"floor":25,"key":"Pen Nib"},{"floor":26,"key":"Happy Flower"},{"floor":28,"key":"Ancient Tea Set"},{"floor":30,"key":"Singing Bowl"},{"floor":40,"key":"Potion Belt"}],"event_choices":[{"damage_healed":0.0,"max_hp_gain":0.0,"max_hp_loss":0.0,"gold_gain":0.0,"event_name":"WeMeetAgain","player_choice":"Gave Potion","floor":3.0,"gold_loss":0.0,"damage_taken":0.0,"relics_obtained":["Incense Burner"]},{"damage_healed":0,"gold_gain":0,"player_choice":"Read","damage_taken":0,"max_hp_gain":0,"max_hp_loss":0,"event_name":"The Library","floor":21,"gold_loss":0,"cards_obtained":["Entrench"]},{"damage_healed":0,"gold_gain":0,"player_choice":"Upgraded","damage_taken":0,"max_hp_gain":0,"max_hp_loss":0,"event_name":"Upgrade Shrine","floor":37,"gold_loss":0,"cards_upgraded":["Entrench"]}],"is_beta":false,"boss_relics":[{"not_picked":["Snecko Eye","Coffee Dripper"],"picked":"Fusion Hammer"},{"not_picked":["Orrery","Black Blood"],"picked":"Busted Crown"}],"items_purged_floors":[19],"is_endless":false,"potions_floor_spawned":[2,7,8,14,16,18,22,25,29,30,36],"killed_by":"Transient","ascension_level":16}