{"gold_per_floor":[112,131,56,56,56,86,86,51,51,51,71,85,85,110,110,188,188,208,220,119,138,155,155,182,182,182,217,217,245,245,264,264,341,341,359,1358,1358,1358,694,694,694,644,644,644,656,669,669,9,9,9,9],"floor_reached":52,"playtime":3657,"items_purged":["Strike_B","Normality"],"score":1753,"play_id":"bce82409-639b-4ab7-b887-0729a27450d0","local_time":"20190525162939","is_ascension_mode":true,"campfire_choices":[{"data":"Coolheaded","floor":7.0,"key":"SMITH"},{"data":"Ball Lightning","floor":10.0,"key":"SMITH"},{"data":"Reinforced Body","floor":13.0,"key":"SMITH"},{"data":"Strike_B","floor":15.0,"key":"PURGE"},{"data":"Buffer","floor":23.0,"key":"SMITH"},{"data":"Blind","floor":25.0,"key":"SMITH"},{"floor":28.0,"key":"REST"},{"data":"Loop","floor":32,"key":"SMITH"},{"data":"Normality","floor":40,"key":"PURGE"},{"data":"Go for the Eyes","floor":44,"key":"SMITH"},{"data":"Static Discharge","floor":49,"key":"SMITH"}],"neow_cost":"NONE","seed_source_timestamp":425094252601752,"circlet_count":0,"master_deck":["AscendersBane","Defend_B","Defend_B","Defend_B","Zap+1","Dualcast","Coolheaded+1","Ball Lightning+1","Doom and Gloom","Reinforced Body+1","Undo","Buffer+1","Hologram+1","Reprogram+1","Machine Learning+1","Self Repair","Compile Driver","Blind+1","Steam","Loop+1","BootSequence+1","Cold Snap","Echo Form","Reinforced Body+1","Coolheaded+1","Go for the Eyes+1","Panache+1","Turbo+1","Compile Driver+1","Darkness+1","Static Discharge+1","Undo+1","Coolheaded+1"],"special_seed":0,"relics":["Cracked Core","Bronze Scales","Peace Pipe","Strawberry","PreservedInsect","Letter Opener","Astrolabe","DataDisk","Potion Belt","Dream Catcher","Toxic Egg 2","Coffee Dripper","Blood Vial","Membership Card","Emotion Chip","The Courier","HandDrill","Bottled Tornado","Bag of Preparation","Torii","Happy Flower","Kunai"],"potions_floor_usage":[50,51,51],"damage_taken":[{"damage":7.0,"enemies":"Jaw Worm","floor":1.0,"turns":3.0},{"damage":8.0,"enemies":"Small Slimes","floor":2.0,"turns":3.0},{"damage":14.0,"enemies":"3 Sentries","floor":6.0,"turns":7.0},{"damage":0.0,"enemies":"Cultist","floor":11.0,"turns":2.0},{"damage":0.0,"enemies":"2 Fungi Beasts","floor":12.0,"turns":2.0},{"damage":20.0,"enemies":"Lagavulin","floor":14.0,"turns":4.0},{"damage":6.0,"enemies":"The Guardian","floor":16.0,"turns":10.0},{"damage":5.0,"enemies":"Spheric Guardian","floor":18.0,"turns":6.0},{"damage":0.0,"enemies":"3 Byrds","floor":19.0,"turns":2.0},{"damage":18.0,"enemies":"3 Cultists","floor":21.0,"turns":4.0},{"damage":0.0,"enemies":"Snecko","floor":22.0,"turns":5.0},{"damage":12.0,"enemies":"Book of Stabbing","floor":24.0,"turns":5.0},{"damage":25.0,"enemies":"Gremlin Leader","floor":27.0,"turns":4.0},{"damage":41,"enemies":"Slavers","floor":29,"turns":5},{"damage":0,"enemies":"Shelled Parasite and Fungi","floor":31,"turns":5},{"damage":25,"enemies":"Automaton","floor":33,"turns":12},{"damage":0,"enemies":"Orb Walker","floor":35,"turns":3},{"damage":2,"enemies":"3 Shapes","floor":45,"turns":4},{"damage":16,"enemies":"Maw","floor":46,"turns":7},{"damage":6,"enemies":"Donu and Deca","floor":50,"turns":7},{"damage":19,"enemies":"Time Eater","floor":51,"turns":17}],"seed_played":"-4255427846594667024","potions_obtained":[{"floor":6.0,"key":"Dexterity Potion"},{"floor":12.0,"key":"EssenceOfSteel"},{"floor":16.0,"key":"EssenceOfSteel"},{"floor":19.0,"key":"Energy Potion"},{"floor":22.0,"key":"Weak Potion"},{"floor":24.0,"key":"FocusPotion"},{"floor":29,"key":"Regen Potion"},{"floor":45,"key":"FearPotion"}],"is_trial":false,"path_per_floor":["M","M","$","?","T","E","R","?","T","R","M","M","R","E","R","B",null,"M","M","$","M","M","R","E","R","T","E","R","E","?","M","R","B",null,"M","?","?","T","$","R","?","?","T","R","M","M","?","$","R","B","B",null],"character_chosen":"DEFECT","items_purchased":["Blind","Membership Card","Emotion Chip","Coolheaded+1","FocusPotion","Go for the Eyes","Panache","Turbo+1","Darkness+1","HandDrill","Bottled Tornado","Bag of Preparation","Torii","Happy Flower","Kunai","Regen Potion","Static Discharge","Undo+1","Coolheaded+1"],"campfire_rested":1,"item_purchase_floors":[20,39,39,39,39,39,39,39,48,48,48,48,48,48,48,48,48,48,48],"current_hp_per_floor":[57,49,49,49,49,42,42,61,61,61,61,61,61,41,41,35,67,62,69,69,58,58,58,53,53,53,35,58,17,78,78,78,53,72,78,78,78,78,78,78,78,78,78,78,78,76,74,74,74,68,74],"gold":9,"neow_bonus":"RANDOM_COMMON_RELIC","is_prod":false,"is_daily":false,"chose_seed":false,"campfire_upgraded":8,"win_rate":0,"timestamp":1558816179,"path_taken":["M","M","$","?","?","E","R","?","T","R","M","M","R","E","R","BOSS","M","M","$","M","M","R","E","R","T","E","R","E","?","?","R","BOSS","M","?","?","?","$","R","?","?","T","R","M","?","?","$","R","BOSS","BOSS"],"build_version":"2019-01-23","purchased_purges":2,"victory":true,"max_hp_per_floor":[71,71,71,71,71,78,78,78,78,78,78,78,78,78,78,78,78,78,78,78,78,78,78,78,78,78,78,78,78,78,78,78,78,78,78,78,78,78,78,78,78,78,78,78,78,78,74,74,74,74,74],"card_choices":[{"not_picked":["Gash","Cold Snap"],"picked":"Coolheaded","floor":1.0},{"not_picked":["Conserve Battery","Streamline"],"picked":"Ball Lightning","floor":2.0},{"not_picked":["Storm","Reboot"],"picked":"Doom and Gloom","floor":6.0},{"not_picked":["Sweeping Beam","Sunder"],"picked":"Reinforced Body","floor":11.0},{"not_picked":["Steam Power","Conserve Battery","Stack"],"picked":"SKIP","floor":12.0},{"not_picked":["Leap","Sweeping Beam"],"picked":"Undo","floor":14.0},{"not_picked":["Seek","Machine Learning"],"picked":"Buffer","floor":16.0},{"not_picked":["Barrage","Cold Snap"],"picked":"Self Repair","floor":18.0},{"not_picked":["Reprogram","Recycle"],"picked":"Compile Driver","floor":19.0},{"not_picked":["Turbo","Leap"],"picked":"Steam","floor":21.0},{"not_picked":["Beam Cell","Undo","Storm"],"picked":"SKIP","floor":22.0},{"not_picked":["Gash","Streamline"],"picked":"Loop","floor":24.0},{"not_picked":["Ball Lightning","Cold Snap"],"picked":"FTL","floor":27.0},{"not_picked":["Recycle","Skim"],"picked":"BootSequence","floor":29},{"not_picked":["Recycle+1","Fusion+1"],"picked":"Cold Snap","floor":31},{"not_picked":["Buffer","Biased Cognition"],"picked":"Echo Form","floor":33},{"not_picked":["Beam Cell","Compile Driver"],"picked":"Reinforced Body+1","floor":35},{"not_picked":["Sweeping Beam","Leap+1"],"picked":"Compile Driver+1","floor":45},{"not_picked":["Melter","Compile Driver","Recycle+1"],"picked":"SKIP","floor":46}],"player_experience":801051,"relics_obtained":[{"floor":5.0,"key":"Peace Pipe"},{"floor":6.0,"key":"Strawberry"},{"floor":9.0,"key":"PreservedInsect"},{"floor":14.0,"key":"Letter Opener"},{"floor":24.0,"key":"DataDisk"},{"floor":26.0,"key":"Potion Belt"},{"floor":27.0,"key":"Dream Catcher"},{"floor":29,"key":"Toxic Egg 2"},{"floor":38,"key":"Blood Vial"},{"floor":43,"key":"The Courier"}],"event_choices":[{"damage_healed":0.0,"max_hp_gain":0.0,"max_hp_loss":0.0,"gold_gain":0.0,"event_name":"Living Wall","player_choice":"Grow","floor":4.0,"gold_loss":0.0,"damage_taken":0.0,"cards_upgraded":["Zap"]},{"damage_healed":19.0,"max_hp_gain":0.0,"max_hp_loss":0.0,"gold_gain":0.0,"event_name":"The Cleric","player_choice":"Healed","floor":8.0,"gold_loss":35.0,"damage_taken":0.0},{"damage_healed":61,"gold_gain":0,"player_choice":"Full Heal","damage_taken":0,"max_hp_gain":0,"max_hp_loss":0,"event_name":"Wheel of Change","floor":30,"gold_loss":0},{"damage_healed":0,"gold_gain":999,"player_choice":"Gold","damage_taken":0,"max_hp_gain":0,"max_hp_loss":0,"event_name":"MindBloom","floor":36,"gold_loss":0,"cards_obtained":["Normality","Normality"]},{"cards_removed":["FTL"],"damage_healed":0,"gold_gain":0,"player_choice":"Removed Attack","damage_taken":0,"max_hp_gain":0,"max_hp_loss":0,"event_name":"Falling","floor":37,"gold_loss":0},{"damage_healed":0,"gold_gain":0,"player_choice":"Ignored","damage_taken":0,"max_hp_gain":0,"max_hp_loss":0,"event_name":"Tomb of Lord Red Mask","floor":41,"gold_loss":0},{"damage_healed":0,"gold_gain":0,"player_choice":"Upgrade","damage_taken":0,"max_hp_gain":0,"max_hp_loss":0,"event_name":"Designer","floor":42,"gold_loss":50,"cards_upgraded":["Panache"]},{"damage_healed":0,"gold_gain":0,"player_choice":"Max HP","damage_taken":0,"max_hp_gain":0,"max_hp_loss":4,"event_name":"Winding Halls","floor":47,"gold_loss":0}],"is_beta":false,"boss_relics":[{"not_picked":["Tiny House","Ectoplasm"],"picked":"Astrolabe"},{"not_picked":["Pandora\u0027s Box","Empty Cage"],"picked":"Coffee Dripper"}],"items_purged_floors":[3,39],"is_endless":false,"potions_floor_spawned":[6,12,16,19,22,24,29,45],"ascension_level":20}