{"gold_per_floor":[118,118,193,209,223,254,254,266,266,298,308,308,328,328,328,429,429,448,463,477,102,121,121,138,138,163,163,163,163,182,202,202,299,299,318,418,418,418,44,44,79,97,121,133,163,190,202,10,10,10,10,10,10,43,43],"floor_reached":55,"playtime":4622,"items_purged":[],"score":998,"play_id":"e5b7117d-e39a-4930-b8f9-eb7a809a1e62","local_time":"20190104014334","is_ascension_mode":true,"campfire_choices":[{"floor":12.0,"key":"REST"},{"floor":15.0,"key":"REST"},{"floor":23.0,"key":"REST"},{"data":"Spot Weakness","floor":29.0,"key":"SMITH"},{"data":"Heavy Blade","floor":32.0,"key":"SMITH"},{"floor":40.0,"key":"RECALL"},{"data":"Rampage","floor":44.0,"key":"SMITH"},{"data":"Dual Wield","floor":47.0,"key":"SMITH"},{"data":"Armaments","floor":49.0,"key":"SMITH"},{"data":"Inflame","floor":52.0,"key":"SMITH"}],"neow_cost":"NONE","seed_source_timestamp":1901919287643021,"circlet_count":0,"master_deck":["Defend_R+1","Defend_R","Defend_R","Bash","Battle Trance","Inflame+1","Anger","Ghostly Armor","Rampage+1","Clothesline","Pommel Strike","Armaments+1","Dark Embrace+1","Bludgeon","Spot Weakness+1","Corruption+1","Inflame+1","Feel No Pain+1","Ghostly","Ghostly","Ghostly","Ghostly","Ghostly+1","Bite","Bite","Bite","Bite","Bite","Juggernaut+1","Heavy Blade+1","Reaper","Evolve+1","Headbutt+1","Metallicize+1","Shrug It Off+1","Carnage+1","Dual Wield+1","Second Wind+1","True Grit"],"special_seed":0,"relics":["Burning Blood","Frozen Egg 2","Bottled Flame","Bronze Scales","White Beast Statue","Oddly Smooth Stone","Strawberry","Meat on the Bone","Philosopher\u0027s Stone","Incense Burner","Dead Branch","Bottled Lightning","MawBank","Potion Belt","War Paint"],"potions_floor_usage":[55],"damage_taken":[{"damage":0.0,"enemies":"2 Louse","floor":1.0,"turns":3.0},{"damage":10.0,"enemies":"Small Slimes","floor":4.0,"turns":4.0},{"damage":6.0,"enemies":"Cultist","floor":5.0,"turns":4.0},{"damage":52.0,"enemies":"3 Sentries","floor":6.0,"turns":10.0},{"damage":10.0,"enemies":"Exordium Thugs","floor":8.0,"turns":5.0},{"damage":20.0,"enemies":"Lagavulin","floor":10.0,"turns":5.0},{"damage":16.0,"enemies":"3 Louse","floor":11.0,"turns":3.0},{"damage":22.0,"enemies":"Large Slime","floor":13.0,"turns":5.0},{"damage":19.0,"enemies":"Hexaghost","floor":16.0,"turns":7.0},{"damage":10.0,"enemies":"3 Byrds","floor":18.0,"turns":3.0},{"damage":29.0,"enemies":"Shell Parasite","floor":19.0,"turns":6.0},{"damage":31.0,"enemies":"Chosen and Byrds","floor":20.0,"turns":4.0},{"damage":17.0,"enemies":"Centurion and Healer","floor":22.0,"turns":7.0},{"damage":21.0,"enemies":"Snake Plant","floor":24.0,"turns":3.0},{"damage":23.0,"enemies":"Cultist and Chosen","floor":30.0,"turns":10.0},{"damage":4.0,"enemies":"Shelled Parasite and Fungi","floor":31.0,"turns":7.0},{"damage":34.0,"enemies":"Automaton","floor":33.0,"turns":10.0},{"damage":14.0,"enemies":"Orb Walker","floor":35.0,"turns":5.0},{"damage":23.0,"enemies":"Mind Bloom Boss Battle","floor":36.0,"turns":10.0},{"damage":0.0,"enemies":"Giant Head","floor":41.0,"turns":9.0},{"damage":0.0,"enemies":"3 Shapes","floor":42.0,"turns":5.0},{"damage":3.0,"enemies":"Spire Growth","floor":45.0,"turns":5.0},{"damage":1.0,"enemies":"4 Shapes","floor":46.0,"turns":5.0},{"damage":25.0,"enemies":"Time Eater","floor":50.0,"turns":8.0},{"damage":7.0,"enemies":"Shield and Spear","floor":54.0,"turns":6.0},{"damage":42,"enemies":"The Heart","floor":55,"turns":8}],"seed_played":"8729192079705023076","potions_obtained":[{"floor":1.0,"key":"EssenceOfSteel"},{"floor":6.0,"key":"Weak Potion"},{"floor":8.0,"key":"SteroidPotion"},{"floor":10.0,"key":"Weak Potion"},{"floor":16.0,"key":"SteroidPotion"},{"floor":18.0,"key":"SneckoOil"},{"floor":19.0,"key":"PowerPotion"},{"floor":20.0,"key":"Fire Potion"},{"floor":22.0,"key":"SkillPotion"},{"floor":24.0,"key":"Explosive Potion"},{"floor":30.0,"key":"EntropicBrew"},{"floor":33.0,"key":"Regen Potion"},{"floor":35.0,"key":"LiquidBronze"},{"floor":41.0,"key":"Dexterity Potion"},{"floor":45.0,"key":"Ancient Potion"},{"floor":54.0,"key":"EssenceOfSteel"}],"is_trial":false,"path_per_floor":["M","?","?","M","M","E","?","M","T","E","M","R","M","?","R","B",null,"M","M","M","$","M","R","M","?","T","?","?","R","M","M","R","B",null,"M","?","?","?","$","R","E","M","T","R","M","M","R","$","R","B",null,"R","$","E","B"],"character_chosen":"IRONCLAD","items_purchased":["Oddly Smooth Stone","Inflame+1","Strawberry","Dead Branch","Metallicize+1","Potion Belt","Block Potion"],"campfire_rested":3,"item_purchase_floors":[21,21,21,39,39,48,48],"current_hp_per_floor":[78,71,60,56,56,10,36,32,32,18,8,32,16,16,40,27,67,63,40,15,22,11,37,22,22,22,22,22,22,29,30,30,26,29,27,30,30,30,30,30,30,30,30,30,30,30,30,30,30,30,30,30,30,30,0],"gold":43,"neow_bonus":"REMOVE_CARD","is_prod":false,"is_daily":false,"chose_seed":false,"campfire_upgraded":6,"win_rate":0,"timestamp":1546584214,"path_taken":["M","?","?","M","M","E","?","M","T","E","M","R","M","?","R","BOSS","M","M","?","$","M","R","M","?","T","?","?","R","M","M","R","BOSS","M","?","?","?","$","R","E","?","T","R","M","M","R","$","R","BOSS","R","$","E","BOSS"],"build_version":"2019-01-03v3","purchased_purges":0,"victory":false,"max_hp_per_floor":[80,80,80,80,80,80,80,80,80,80,80,80,80,80,80,80,80,80,80,80,87,87,87,87,43,43,30,30,30,30,30,30,30,30,30,30,30,30,30,30,30,30,30,30,30,30,30,30,30,30,30,30,30,30,30],"card_choices":[{"not_picked":["Second Wind","Warcry"],"picked":"Battle Trance","floor":1.0},{"not_picked":["Metallicize","Combust"],"picked":"Inflame","floor":4.0},{"not_picked":["Pommel Strike","Rage"],"picked":"Anger","floor":5.0},{"not_picked":["Flex","Havoc"],"picked":"Ghostly Armor","floor":6.0},{"not_picked":["Flex","Armaments"],"picked":"Rampage","floor":8.0},{"not_picked":["Berserk+1","Searing Blow"],"picked":"Clothesline","floor":10.0},{"not_picked":["Flex","Wild Strike"],"picked":"Pommel Strike","floor":11.0},{"not_picked":["Cleave","Sword Boomerang"],"picked":"Armaments","floor":13.0},{"not_picked":["Offering","Feed"],"picked":"Bludgeon","floor":16.0},{"not_picked":["Burning Pact","Warcry","Evolve+1"],"picked":"SKIP","floor":18.0},{"not_picked":["Thunderclap","Shrug It Off"],"picked":"Spot Weakness","floor":19.0},{"not_picked":["Dropkick","Sword Boomerang"],"picked":"Corruption+1","floor":20.0},{"not_picked":["Armaments","Iron Wave"],"picked":"Feel No Pain+1","floor":22.0},{"not_picked":["Reckless Charge","Blood for Blood","Rampage"],"picked":"SKIP","floor":24.0},{"not_picked":["Corruption+1","Sentinel"],"picked":"Juggernaut+1","floor":30.0},{"not_picked":["Perfected Strike","Flex"],"picked":"Heavy Blade","floor":31.0},{"not_picked":["Immolate","Fiend Fire"],"picked":"Reaper","floor":33.0},{"not_picked":["Warcry","Body Slam"],"picked":"Evolve+1","floor":35.0},{"not_picked":["Intimidate+1","Burning Pact+1"],"picked":"Headbutt+1","floor":36.0},{"not_picked":["Dropkick+1","Sever Soul"],"picked":"Shrug It Off+1","floor":41.0},{"not_picked":["Thunderclap","Dropkick"],"picked":"Carnage+1","floor":42.0},{"not_picked":["Clothesline+1","Carnage+1"],"picked":"Dual Wield","floor":45.0},{"not_picked":["Armaments+1","Whirlwind"],"picked":"Second Wind+1","floor":46.0},{"not_picked":["Cleave+1","Perfected Strike+1"],"picked":"True Grit","floor":54.0}],"player_experience":195940,"relics_obtained":[{"floor":6.0,"key":"Frozen Egg 2"},{"floor":9.0,"key":"Bottled Flame"},{"floor":10.0,"key":"Bronze Scales"},{"floor":36.0,"key":"Incense Burner"},{"floor":41.0,"key":"Bottled Lightning"},{"floor":43.0,"key":"MawBank"},{"floor":54.0,"key":"War Paint"}],"event_choices":[{"cards_removed":["Strike_R"],"damage_healed":0.0,"max_hp_gain":0.0,"max_hp_loss":0.0,"gold_gain":0.0,"event_name":"Golden Wing","player_choice":"Card Removal","floor":2.0,"gold_loss":0.0,"damage_taken":7.0},{"damage_healed":0.0,"max_hp_gain":0.0,"max_hp_loss":0.0,"gold_gain":75.0,"event_name":"World of Goop","player_choice":"Gather Gold","floor":3.0,"gold_loss":0.0,"damage_taken":11.0},{"damage_healed":26.0,"max_hp_gain":0.0,"max_hp_loss":0.0,"gold_gain":0.0,"event_name":"Big Fish","player_choice":"Banana","floor":7.0,"gold_loss":0.0,"damage_taken":0.0},{"damage_healed":0.0,"max_hp_gain":0.0,"max_hp_loss":0.0,"gold_gain":0.0,"cards_transformed":["Strike_R"],"event_name":"Transmorgrifier","player_choice":"Transformed","floor":14.0,"gold_loss":0.0,"damage_taken":0.0,"cards_obtained":["Dark Embrace"]},{"damage_healed":0.0,"max_hp_gain":0.0,"max_hp_loss":44.0,"gold_gain":0.0,"event_name":"Ghosts","player_choice":"Became a Ghost","floor":25.0,"gold_loss":0.0,"damage_taken":0.0,"cards_obtained":["Ghostly","Ghostly","Ghostly","Ghostly","Ghostly"]},{"damage_healed":0.0,"max_hp_gain":0.0,"max_hp_loss":13.0,"gold_gain":0.0,"event_name":"Vampires","player_choice":"Became a vampire","floor":27.0,"gold_loss":0.0,"damage_taken":0.0,"cards_obtained":["Bite","Bite","Bite","Bite","Bite"]},{"damage_healed":0.0,"max_hp_gain":0.0,"max_hp_loss":0.0,"gold_gain":0.0,"event_name":"The Mausoleum","player_choice":"Opened","floor":28.0,"gold_loss":0.0,"damage_taken":0.0,"relics_obtained":["Meat on the Bone"]},{"damage_healed":0.0,"max_hp_gain":0.0,"max_hp_loss":0.0,"gold_gain":0.0,"event_name":"MindBloom","player_choice":"Fight","floor":36.0,"gold_loss":0.0,"damage_taken":0.0},{"damage_healed":0.0,"max_hp_gain":0.0,"max_hp_loss":0.0,"gold_gain":0.0,"event_name":"Tomb of Lord Red Mask","player_choice":"Ignored","floor":37.0,"gold_loss":0.0,"damage_taken":0.0},{"cards_removed":["Defend_R"],"damage_healed":0.0,"max_hp_gain":0.0,"max_hp_loss":0.0,"gold_gain":0.0,"event_name":"Falling","player_choice":"Removed Skill","floor":38.0,"gold_loss":0.0,"damage_taken":0.0}],"is_beta":false,"boss_relics":[{"not_picked":["Eternal Feather","Empty Cage"],"picked":"White Beast Statue"},{"not_picked":["Runic Dome","Calling Bell"],"picked":"Philosopher\u0027s Stone"}],"items_purged_floors":[],"is_endless":false,"potions_floor_spawned":[1,6,8,10,16,18,19,20,22,24,30,31,33,35,36,41,42,45,46,54],"killed_by":"The Heart","ascension_level":7}