{"gold_per_floor":[111,14,14,26,101,101,119,148,148,179,254,269,269,287,287,392,392,402,402,402,4,20,55,55,87,141,159,258,272,272,291,291,393,393,407,407,289,289,302,302,334,348,348,348,373,392,39,39,39,39],"floor_reached":51,"playtime":3546,"items_purged":["Writhe","Strike_R","Normality"],"score":1094,"play_id":"446dcc3a-7a89-407a-98d6-2e264632e071","local_time":"20190323145449","is_ascension_mode":true,"campfire_choices":[{"data":"Infernal Blade","floor":6.0,"key":"SMITH"},{"floor":13.0,"key":"REST"},{"data":"Armaments","floor":15.0,"key":"SMITH"},{"floor":24.0,"key":"REST"},{"floor":30.0,"key":"REST"},{"floor":32.0,"key":"REST"},{"floor":40,"key":"REST"},{"floor":44,"key":"REST"},{"floor":49,"key":"REST"}],"neow_cost":"NONE","seed_source_timestamp":229079498664540,"circlet_count":0,"master_deck":["Strike_R","Strike_R","Strike_R","Strike_R","Defend_R","Defend_R","Defend_R","Defend_R","Bash","Carnage","Shrug It Off+1","Cleave","Infernal Blade+1","Whirlwind","Limit Break","Armaments+1","Pommel Strike","Shockwave+1","Double Tap","Headbutt+1","Ghostly","Ghostly","Ghostly","Ghostly","Ghostly","Inflame","Clothesline","Anger","Twin Strike+1","Dual Wield+1","Shrug It Off","Armaments+1","Disarm","Headbutt+1","Spot Weakness","Swift Strike","Shockwave+1","Ghostly Armor+1","Feel No Pain+1","Heavy Blade+1"],"special_seed":0,"relics":["Runic Pyramid","Mercury Hourglass","Smiling Mask","Bag of Marbles","Fusion Hammer","Paper Frog","Vajra","Unceasing Top","Gambling Chip","War Paint","Cursed Key","Pen Nib","Bronze Scales","Singing Bowl","Incense Burner"],"potions_floor_usage":[41,41,50,50,50],"damage_taken":[{"damage":6.0,"enemies":"Cultist","floor":1.0,"turns":4.0},{"damage":0.0,"enemies":"Small Slimes","floor":4.0,"turns":2.0},{"damage":1.0,"enemies":"2 Louse","floor":7.0,"turns":2.0},{"damage":2.0,"enemies":"Lagavulin","floor":8.0,"turns":6.0},{"damage":2.0,"enemies":"3 Sentries","floor":10.0,"turns":3.0},{"damage":14.0,"enemies":"Exordium Thugs","floor":12.0,"turns":2.0},{"damage":4.0,"enemies":"Large Slime","floor":14.0,"turns":4.0},{"damage":41.0,"enemies":"Hexaghost","floor":16.0,"turns":11.0},{"damage":6.0,"enemies":"Spheric Guardian","floor":18.0,"turns":3.0},{"damage":1.0,"enemies":"Chosen","floor":22.0,"turns":4.0},{"damage":7.0,"enemies":"Gremlin Leader","floor":23.0,"turns":5.0},{"damage":7.0,"enemies":"Slavers","floor":25.0,"turns":3.0},{"damage":0.0,"enemies":"Snecko","floor":27.0,"turns":2.0},{"damage":3.0,"enemies":"Snake Plant","floor":29.0,"turns":3.0},{"damage":3.0,"enemies":"Cultist and Chosen","floor":31.0,"turns":5.0},{"damage":4.0,"enemies":"Automaton","floor":33.0,"turns":6.0},{"damage":7.0,"enemies":"3 Darklings","floor":35.0,"turns":3.0},{"damage":0,"enemies":"Orb Walker","floor":39,"turns":3},{"damage":7,"enemies":"Giant Head","floor":41,"turns":7},{"damage":0,"enemies":"3 Darklings","floor":42,"turns":4},{"damage":13,"enemies":"Nemesis","floor":45,"turns":5},{"damage":0,"enemies":"Maw","floor":46,"turns":8},{"damage":17,"enemies":"Awakened One","floor":50,"turns":10}],"seed_played":"-2175391501761872495","potions_obtained":[{"floor":1.0,"key":"PowerPotion"},{"floor":8.0,"key":"Energy Potion"},{"floor":12.0,"key":"Swift Potion"},{"floor":14.0,"key":"Dexterity Potion"},{"floor":16.0,"key":"SkillPotion"},{"floor":22.0,"key":"SpeedPotion"},{"floor":27.0,"key":"EssenceOfSteel"},{"floor":33.0,"key":"Swift Potion"},{"floor":35.0,"key":"SpeedPotion"},{"floor":45,"key":"Fire Potion"},{"floor":46,"key":"Ancient Potion"}],"is_trial":false,"path_per_floor":["M","$","?","M","?","R","M","E","T","E","?","M","R","M","R","B",null,"M","?","?","$","M","E","R","E","T","M","?","M","R","M","R","B",null,"M","?","$","?","M","R","E","M","T","R","E","M","$","?","R","B",null],"character_chosen":"IRONCLAD","items_purchased":["Shrug It Off","Cleave","Vajra","Inflame","Clothesline","Anger","PowerPotion","Spot Weakness","Incense Burner"],"campfire_rested":7,"item_purchase_floors":[2,2,21,21,21,21,21,37,47],"current_hp_per_floor":[66,66,63,63,52,52,51,49,49,47,39,25,49,45,45,4,61,55,40,40,40,39,32,40,33,33,33,33,30,40,37,40,36,39,32,32,32,32,32,40,33,33,33,40,27,29,29,29,40,23],"gold":39,"neow_bonus":"BOSS_RELIC","is_prod":false,"is_daily":false,"chose_seed":false,"campfire_upgraded":2,"win_rate":0,"timestamp":1553367289,"path_taken":["M","$","?","M","?","R","M","E","T","E","?","?","R","M","R","BOSS","M","?","?","$","M","E","R","E","T","M","?","M","R","M","R","BOSS","M","?","$","?","?","R","E","M","T","R","E","M","$","?","R","BOSS"],"build_version":"2019-01-23","purchased_purges":3,"victory":true,"max_hp_per_floor":[80,80,80,80,80,80,80,80,80,80,80,80,80,80,80,80,80,80,40,40,40,40,40,40,40,40,40,40,40,40,40,40,40,40,40,40,40,40,40,40,40,40,40,40,40,42,42,40,40,40],"card_choices":[{"not_picked":["Clash","Iron Wave"],"picked":"Carnage","floor":1.0},{"not_picked":["Burning Pact","Power Through"],"picked":"Infernal Blade","floor":4.0},{"not_picked":["Iron Wave","Twin Strike"],"picked":"Whirlwind","floor":7.0},{"not_picked":["Impervious","Iron Wave"],"picked":"Limit Break","floor":8.0},{"not_picked":["Cleave","Sever Soul"],"picked":"Armaments","floor":10.0},{"not_picked":["Pummel","Hemokinesis"],"picked":"Pommel Strike","floor":12.0},{"not_picked":["Thunderclap","Twin Strike"],"picked":"Shockwave","floor":14.0},{"not_picked":["Berserk","Feed"],"picked":"Double Tap","floor":16.0},{"not_picked":["Pommel Strike","Twin Strike"],"picked":"Headbutt+1","floor":18.0},{"not_picked":["Dropkick","Headbutt"],"picked":"Twin Strike+1","floor":22.0},{"not_picked":["Flame Barrier+1","Pommel Strike"],"picked":"Dual Wield+1","floor":23.0},{"not_picked":["Burning Pact","Ghostly Armor"],"picked":"Shrug It Off","floor":25.0},{"not_picked":["Warcry","Anger+1"],"picked":"Armaments+1","floor":27.0},{"not_picked":["Body Slam","Headbutt"],"picked":"Disarm","floor":29.0},{"not_picked":["Disarm","Reckless Charge","Clothesline"],"picked":"SKIP","floor":31.0},{"not_picked":["Fire Breathing+1","Clash+1"],"picked":"Headbutt+1","floor":35.0},{"not_picked":["HandOfGreed","Forethought"],"picked":"Swift Strike","floor":38},{"not_picked":["Cleave+1","Perfected Strike+1"],"picked":"Shockwave+1","floor":39},{"not_picked":["Carnage","Clash"],"picked":"Ghostly Armor+1","floor":41},{"not_picked":["Cleave+1","Warcry+1"],"picked":"Feel No Pain+1","floor":42},{"not_picked":["Combust+1","Twin Strike+1"],"picked":"Heavy Blade+1","floor":45},{"not_picked":["Body Slam+1","Entrench+1","Sword Boomerang"],"picked":"Singing Bowl","floor":46}],"player_experience":203150,"relics_obtained":[{"floor":9.0,"key":"Smiling Mask"},{"floor":10.0,"key":"Bag of Marbles"},{"floor":23.0,"key":"Unceasing Top"},{"floor":25.0,"key":"Gambling Chip"},{"floor":26.0,"key":"War Paint"},{"floor":41,"key":"Pen Nib"},{"floor":43,"key":"Bronze Scales"},{"floor":45,"key":"Singing Bowl"}],"event_choices":[{"damage_healed":0.0,"max_hp_gain":0.0,"max_hp_loss":0.0,"gold_gain":0.0,"event_name":"Scrap Ooze","player_choice":"Success","floor":3.0,"gold_loss":0.0,"damage_taken":3.0,"relics_obtained":["Mercury Hourglass"]},{"damage_healed":0.0,"max_hp_gain":0.0,"max_hp_loss":0.0,"gold_gain":75.0,"event_name":"World of Goop","player_choice":"Gather Gold","floor":5.0,"gold_loss":0.0,"damage_taken":11.0},{"damage_healed":0.0,"max_hp_gain":0.0,"max_hp_loss":0.0,"gold_gain":75.0,"event_name":"FaceTrader","player_choice":"Touch","floor":11.0,"gold_loss":0.0,"damage_taken":8.0},{"damage_healed":0.0,"max_hp_gain":0.0,"max_hp_loss":40.0,"gold_gain":0.0,"event_name":"Ghosts","player_choice":"Became a Ghost","floor":19.0,"gold_loss":0.0,"damage_taken":0.0,"cards_obtained":["Ghostly","Ghostly","Ghostly","Ghostly","Ghostly"]},{"damage_healed":0.0,"max_hp_gain":0.0,"max_hp_loss":0.0,"gold_gain":0.0,"event_name":"The Mausoleum","player_choice":"Opened","floor":20.0,"gold_loss":0.0,"damage_taken":0.0,"relics_obtained":["Paper Frog"],"cards_obtained":["Writhe"]},{"damage_healed":0.0,"max_hp_gain":0.0,"max_hp_loss":0.0,"gold_gain":99.0,"event_name":"Nest","player_choice":"Stole From Cult","floor":28.0,"gold_loss":0.0,"damage_taken":0.0},{"damage_healed":0,"gold_gain":0,"player_choice":"Ignored","damage_taken":0,"max_hp_gain":0,"max_hp_loss":0,"event_name":"Mysterious Sphere","floor":36,"gold_loss":0},{"damage_healed":0,"gold_gain":0,"player_choice":"Memory 1","damage_taken":0,"max_hp_gain":0,"max_hp_loss":0,"event_name":"SensoryStone","floor":38,"gold_loss":0},{"damage_healed":0,"gold_gain":0,"player_choice":"Max HP","damage_taken":0,"max_hp_gain":0,"max_hp_loss":2,"event_name":"Winding Halls","floor":48,"gold_loss":0}],"is_beta":false,"boss_relics":[{"not_picked":["White Beast Statue","Velvet Choker"],"picked":"Fusion Hammer"},{"not_picked":["Calling Bell","Astrolabe"],"picked":"Cursed Key"}],"items_purged_floors":[21,37,47],"is_endless":false,"potions_floor_spawned":[1,8,12,14,16,22,23,27,33,35,45,46],"ascension_level":8}