{"gold_per_floor":[110,110,110,124,134,134,164,164,190,210,210,236,44,64,64,143,143,158,158,7,20,36,36,62,62,62,12,42,57,74,92,92,170,170,189,200,200,30,0,0,32,48,71,85,104,137,137,156,156,156],"floor_reached":51,"playtime":3934,"items_purged":["Strike_G","Strike_G","Strike_G"],"score":1525,"play_id":"e9fbf79f-76bb-4d17-bec6-634eb4d17c76","local_time":"20190526185427","is_ascension_mode":true,"campfire_choices":[{"floor":6,"key":"REST"},{"floor":8,"key":"REST"},{"floor":15,"key":"REST"},{"data":"Footwork","floor":23,"key":"SMITH"},{"floor":32,"key":"REST"},{"data":"Well Laid Plans","floor":40,"key":"SMITH"},{"data":"Catalyst","floor":47,"key":"SMITH"},{"data":"Leg Sweep","floor":49,"key":"SMITH"}],"neow_cost":"NONE","seed_source_timestamp":740245004877,"circlet_count":0,"master_deck":["AscendersBane","Defend_G","Defend_G","Defend_G","Defend_G","Defend_G","Strike_G+1","Survivor","Neutralize+1","Well Laid Plans+1","Backflip","Dodge and Roll","Leg Sweep+1","Backflip","Riddle With Holes","Footwork+1","Terror","Crippling Poison","Corpse Explosion","PiercingWail","PiercingWail","Blur","Dodge and Roll+1","Dash","Caltrops","Bullet Time","Dodge and Roll+1","Dodge and Roll","Acrobatics","Bouncing Flask+1","Catalyst+1","PiercingWail","Night Terror"],"relics":["Velvet Choker","Vajra","Oddly Smooth Stone","Art of War","Odd Mushroom","Mercury Hourglass","Snecko Eye","Pocketwatch","Enchiridion","Omamori","Darkstone Periapt","Lantern","Eternal Feather","Red Mask","Gremlin Horn","Anchor","Kunai"],"potions_floor_usage":[12,24,33,33,46,50,50],"damage_taken":[{"damage":7,"enemies":"Jaw Worm","floor":1,"turns":5},{"damage":0,"enemies":"2 Louse","floor":4,"turns":3},{"damage":0,"enemies":"Small Slimes","floor":5,"turns":3},{"damage":21,"enemies":"Lagavulin","floor":7,"turns":8},{"damage":3,"enemies":"The Mushroom Lair","floor":10,"turns":7},{"damage":20,"enemies":"Gremlin Nob","floor":12,"turns":6},{"damage":0,"enemies":"3 Louse","floor":14,"turns":3},{"damage":0,"enemies":"The Guardian","floor":16,"turns":11},{"damage":5,"enemies":"Spheric Guardian","floor":18,"turns":4},{"damage":8,"enemies":"Shell Parasite","floor":21,"turns":5},{"damage":0,"enemies":"Cultist and Chosen","floor":22,"turns":3},{"damage":3,"enemies":"Slavers","floor":24,"turns":3},{"damage":7,"enemies":"Gremlin Leader","floor":28,"turns":7},{"damage":0,"enemies":"Centurion and Healer","floor":29,"turns":4},{"damage":0,"enemies":"Chosen and Byrds","floor":30,"turns":7},{"damage":0,"enemies":"Snecko","floor":31,"turns":6},{"damage":0,"enemies":"Champ","floor":33,"turns":15},{"damage":0,"enemies":"3 Darklings","floor":35,"turns":2},{"damage":0,"enemies":"3 Shapes","floor":36,"turns":4},{"damage":22,"enemies":"Nemesis","floor":41,"turns":11},{"damage":8,"enemies":"Jaw Worm Horde","floor":42,"turns":3},{"damage":0,"enemies":"3 Darklings","floor":44,"turns":3},{"damage":0,"enemies":"Spire Growth","floor":45,"turns":5},{"damage":0,"enemies":"Reptomancer","floor":46,"turns":7},{"damage":2,"enemies":"Writhing Mass","floor":48,"turns":7},{"damage":12,"enemies":"Donu and Deca","floor":50,"turns":5}],"seed_played":"8673381021236374345","potions_obtained":[{"floor":1,"key":"SpeedPotion"},{"floor":4,"key":"Swift Potion"},{"floor":12,"key":"Block Potion"},{"floor":14,"key":"EssenceOfSteel"},{"floor":24,"key":"Strength Potion"},{"floor":33,"key":"GhostInAJar"},{"floor":35,"key":"FearPotion"},{"floor":36,"key":"Dexterity Potion"},{"floor":48,"key":"Weak Potion"}],"is_trial":false,"path_per_floor":["M","?","?","M","M","R","E","R","T","?","?","E","$","M","R","B",null,"M","?","$","M","M","R","E","?","T","?","E","M","M","M","R","B",null,"M","M","?","$","?","R","E","M","T","M","M","E","R","M","R","B",null],"character_chosen":"THE_SILENT","items_purchased":["Footwork","Terror","PiercingWail","Dodge and Roll"],"campfire_rested":4,"item_purchase_floors":[13,13,20,38],"current_hp_per_floor":[52,32,21,21,21,40,19,38,38,35,28,8,8,8,27,27,56,51,51,51,43,43,43,40,19,19,19,12,12,12,12,31,31,57,57,57,57,57,57,66,44,36,36,36,36,36,54,52,66,54],"gold":156,"neow_bonus":"BOSS_RELIC","is_prod":false,"is_daily":false,"chose_seed":false,"campfire_upgraded":4,"win_rate":0,"timestamp":1558889667,"path_taken":["M","?","?","M","M","R","E","R","T","?","?","E","$","M","R","BOSS","M","?","$","M","M","R","E","?","T","?","E","?","M","M","R","BOSS","M","?","?","?","?","R","E","M","T","M","M","E","R","?","R","BOSS"],"build_version":"2019-01-23","purchased_purges":3,"victory":true,"max_hp_per_floor":[66,66,66,66,66,66,66,66,66,66,66,66,66,66,66,66,66,66,66,66,66,66,66,66,66,66,66,66,66,66,66,66,66,66,66,66,66,66,66,66,66,66,66,66,66,66,66,66,66,66],"card_choices":[{"not_picked":["Prepared","Dash"],"picked":"Well Laid Plans","floor":1},{"not_picked":["Slice","Underhanded Strike"],"picked":"Backflip","floor":4},{"not_picked":["Blade Dance","Dagger Throw"],"picked":"Dodge and Roll","floor":5},{"not_picked":["Flying Knee","Outmaneuver"],"picked":"Leg Sweep","floor":7},{"not_picked":["Infinite Blades","Distraction"],"picked":"Backflip","floor":10},{"not_picked":["Storm of Steel","Underhanded Strike"],"picked":"Riddle With Holes","floor":12},{"not_picked":["Finisher","Acrobatics"],"picked":"Crippling Poison","floor":14},{"not_picked":["Malaise","Night Terror"],"picked":"Corpse Explosion","floor":16},{"not_picked":["Slice","Bane"],"picked":"Dagger Spray","floor":18},{"not_picked":["Cloak And Dagger","Blade Dance","Dagger Throw"],"picked":"SKIP","floor":21},{"not_picked":["Blade Dance","Deadly Poison"],"picked":"PiercingWail","floor":22},{"not_picked":["Sucker Punch","Glass Knife","Masterful Stab"],"picked":"SKIP","floor":24},{"not_picked":["Terror","Poisoned Stab"],"picked":"Blur","floor":28},{"not_picked":["Sucker Punch","Prepared+1"],"picked":"Dodge and Roll+1","floor":29},{"not_picked":["Dodge and Roll","Bane"],"picked":"Dash","floor":30},{"not_picked":["Sucker Punch","Masterful Stab"],"picked":"Caltrops","floor":31},{"not_picked":["After Image","Adrenaline"],"picked":"Bullet Time","floor":33},{"not_picked":["Quick Slash","Slice","Poisoned Stab"],"picked":"SKIP","floor":35},{"not_picked":["Outmaneuver+1","Reflex"],"picked":"Dodge and Roll+1","floor":36},{"not_picked":["Outmaneuver","Endless Agony"],"picked":"Acrobatics","floor":41},{"not_picked":["Flying Knee","Poisoned Stab"],"picked":"Bouncing Flask+1","floor":42},{"not_picked":["Heel Hook","Flying Knee"],"picked":"Catalyst","floor":44},{"not_picked":["Reflex","Well Laid Plans","Outmaneuver"],"picked":"SKIP","floor":45},{"not_picked":["Slice+1","Backflip"],"picked":"PiercingWail","floor":46},{"not_picked":["Slice","Well Laid Plans"],"picked":"Night Terror","floor":48}],"player_experience":673547,"relics_obtained":[{"floor":7,"key":"Oddly Smooth Stone"},{"floor":9,"key":"Art of War"},{"floor":10,"key":"Odd Mushroom"},{"floor":12,"key":"Mercury Hourglass"},{"floor":24,"key":"Pocketwatch"},{"floor":25,"key":"Enchiridion"},{"floor":26,"key":"Omamori"},{"floor":28,"key":"Lantern"},{"floor":41,"key":"Gremlin Horn"},{"floor":43,"key":"Anchor"},{"floor":46,"key":"Kunai"}],"event_choices":[{"damage_healed":0,"gold_gain":0,"player_choice":"Entered Light","damage_taken":20,"max_hp_gain":0,"max_hp_loss":0,"event_name":"Shining Light","floor":2,"gold_loss":0,"cards_upgraded":["Neutralize","Strike_G"]},{"damage_healed":0,"gold_gain":0,"player_choice":"Success","damage_taken":11,"relics_obtained":["Vajra"],"max_hp_gain":0,"max_hp_loss":0,"event_name":"Scrap Ooze","floor":3,"gold_loss":0},{"damage_healed":0,"gold_gain":0,"player_choice":"Fought Mushrooms","damage_taken":0,"max_hp_gain":0,"max_hp_loss":0,"event_name":"Mushrooms","floor":10,"gold_loss":0},{"cards_removed":["Strike_G"],"damage_healed":0,"gold_gain":0,"player_choice":"Card Removal","damage_taken":7,"max_hp_gain":0,"max_hp_loss":0,"event_name":"Golden Wing","floor":11,"gold_loss":0},{"damage_healed":0,"gold_gain":0,"player_choice":"Ignored","damage_taken":0,"max_hp_gain":0,"max_hp_loss":0,"event_name":"Ghosts","floor":19,"gold_loss":0},{"damage_healed":0,"gold_gain":0,"player_choice":"Obtained Book","damage_taken":21,"max_hp_gain":0,"max_hp_loss":0,"event_name":"Cursed Tome","floor":25,"gold_loss":0},{"damage_healed":0,"gold_gain":0,"player_choice":"Paid Gold","damage_taken":0,"relics_obtained":["Darkstone Periapt"],"max_hp_gain":0,"max_hp_loss":0,"event_name":"WeMeetAgain","floor":27,"gold_loss":50},{"cards_removed":["Dagger Spray"],"damage_healed":0,"gold_gain":0,"player_choice":"Removed Attack","damage_taken":0,"max_hp_gain":0,"max_hp_loss":0,"event_name":"Falling","floor":37,"gold_loss":0},{"damage_healed":0,"gold_gain":0,"player_choice":"Paid","damage_taken":0,"relics_obtained":["Red Mask"],"max_hp_gain":0,"max_hp_loss":0,"event_name":"Tomb of Lord Red Mask","floor":39,"gold_loss":30}],"is_beta":false,"boss_relics":[{"not_picked":["Tiny House","Cursed Key"],"picked":"Snecko Eye"},{"not_picked":["WristBlade","Runic Pyramid"],"picked":"Eternal Feather"}],"items_purged_floors":[13,20,38],"is_endless":false,"potions_floor_spawned":[1,4,12,14,18,24,28,33,35,36,42,48],"ascension_level":15}