{"gold_per_floor":[18,18,32,44,15,15,48,48,128,128,159,159,159,182,182,273,273,296,316,330,330,20,20,41,41,93,93,107,32,49,76,76,151,151,161,179,179,179,1178,1178,1192,1212,1212,24,24,36,53,53,53,53],"floor_reached":51,"playtime":4968,"items_purged":["Injury","Strike_G"],"score":1179,"play_id":"8b90c3ad-061b-43ff-8b84-6bfe829e0e79","local_time":"20190505135140","is_ascension_mode":true,"campfire_choices":[{"data":"Neutralize","floor":6,"key":"SMITH"},{"data":"Survivor","floor":10,"key":"SMITH"},{"data":"Well Laid Plans","floor":12,"key":"SMITH"},{"floor":15,"key":"REST"},{"floor":23,"key":"REST"},{"floor":25,"key":"REST"},{"floor":32,"key":"REST"},{"data":"Burst","floor":40,"key":"SMITH"},{"floor":49,"key":"REST"}],"neow_cost":"NO_GOLD","seed_source_timestamp":67571358879241,"circlet_count":0,"master_deck":["AscendersBane","Defend_G","Defend_G","Defend_G","Defend_G","Defend_G","Strike_G","Survivor+1","Neutralize+1","Well Laid Plans+1","Dagger Throw","Sucker Punch","Deadly Poison","Crippling Poison","Corpse Explosion","Terror","Malaise","Predator","Dagger Spray","Footwork","PiercingWail","Backflip","Backflip","Burst+1","Dash","PiercingWail","Noxious Fumes","Panache","Poisoned Stab","Dramatic Entrance","Writhe"],"relics":["Ring of the Snake","Regal Pillow","Bloody Idol","Singing Bowl","Sundial","Velvet Choker","ClockworkSouvenir","Potion Belt","Omamori","Busted Crown","MawBank","Happy Flower","TwistedFunnel"],"potions_floor_usage":[11,11,16,21,30,33,36,42,46,50,50,50,50],"damage_taken":[{"damage":0,"enemies":"Cultist","floor":1,"turns":5},{"damage":0,"enemies":"Jaw Worm","floor":3,"turns":6},{"damage":0,"enemies":"2 Louse","floor":4,"turns":3},{"damage":25,"enemies":"Gremlin Nob","floor":7,"turns":5},{"damage":9,"enemies":"Lagavulin","floor":11,"turns":8},{"damage":0,"enemies":"Large Slime","floor":14,"turns":7},{"damage":9,"enemies":"The Guardian","floor":16,"turns":10},{"damage":16,"enemies":"Spheric Guardian","floor":18,"turns":4},{"damage":20,"enemies":"2 Thieves","floor":19,"turns":3},{"damage":0,"enemies":"Snake Plant","floor":20,"turns":5},{"damage":20,"enemies":"Colosseum Slavers","floor":21,"turns":4},{"damage":36,"enemies":"Sentry and Sphere","floor":24,"turns":9},{"damage":21,"enemies":"3 Cultists","floor":28,"turns":4},{"damage":10,"enemies":"Cultist and Chosen","floor":30,"turns":6},{"damage":20,"enemies":"Gremlin Leader","floor":31,"turns":9},{"damage":30,"enemies":"Automaton","floor":33,"turns":13},{"damage":2,"enemies":"Orb Walker","floor":35,"turns":4},{"damage":18,"enemies":"3 Darklings","floor":36,"turns":4},{"damage":21,"enemies":"Sphere and 2 Shapes","floor":41,"turns":7},{"damage":39,"enemies":"Transient","floor":42,"turns":5},{"damage":10,"enemies":"Writhing Mass","floor":46,"turns":7},{"damage":6,"enemies":"4 Shapes","floor":47,"turns":5},{"damage":38,"enemies":"Awakened One","floor":50,"turns":19}],"seed_played":"-3659825029950922867","potions_obtained":[{"floor":1,"key":"Dexterity Potion"},{"floor":7,"key":"Strength Potion"},{"floor":14,"key":"AttackPotion"},{"floor":18,"key":"GamblersBrew"},{"floor":28,"key":"Block Potion"},{"floor":31,"key":"Energy Potion"},{"floor":33,"key":"LiquidBronze"},{"floor":35,"key":"SkillPotion"},{"floor":41,"key":"Strength Potion"},{"floor":47,"key":"Poison Potion"}],"is_trial":false,"path_per_floor":["M","?","M","M","$","R","E","?","T","R","E","R","?","M","R","B",null,"M","M","M","?","$","R","M","R","T","?","M","$","M","E","R","B",null,"M","M","?","?","?","R","M","M","T","$","?","M","M","?","R","B",null],"character_chosen":"THE_SILENT","items_purchased":["Deadly Poison","Footwork","ClockworkSouvenir","Happy Flower","TwistedFunnel","Dexterity Potion","EssenceOfSteel","SkillPotion","Dash","PiercingWail","Noxious Fumes","Panache","Poisoned Stab","Dramatic Entrance"],"campfire_rested":5,"item_purchase_floors":[5,22,22,44,44,44,44,44,44,44,44,44,44,44],"current_hp_per_floor":[59,64,64,64,64,64,39,39,39,39,30,30,23,23,59,50,66,52,32,32,12,12,48,14,51,51,51,35,35,30,15,52,27,63,68,57,59,59,64,64,50,18,18,23,23,20,21,39,80,42],"gold":53,"neow_bonus":"REMOVE_TWO","is_prod":false,"is_daily":false,"chose_seed":false,"campfire_upgraded":4,"win_rate":0,"timestamp":1557078700,"path_taken":["M","?","M","M","$","R","E","?","T","R","E","R","?","M","R","BOSS","M","M","M","?","$","R","M","R","T","?","M","$","M","E","R","BOSS","M","M","?","?","?","R","M","M","T","$","?","M","?","?","R","BOSS"],"build_version":"2019-01-23","purchased_purges":2,"victory":true,"max_hp_per_floor":[66,71,71,71,71,71,71,71,71,71,71,71,71,71,71,71,71,73,73,73,73,73,73,75,75,75,75,75,75,75,75,75,75,75,77,79,81,81,81,81,83,85,85,85,85,87,89,89,89,89],"card_choices":[{"not_picked":["Acrobatics","Dodge and Roll"],"picked":"Well Laid Plans","floor":1},{"not_picked":["Dodge and Roll","Bane"],"picked":"Dagger Throw","floor":3},{"not_picked":["Backflip","Expertise"],"picked":"Sucker Punch","floor":4},{"not_picked":["Deadly Poison","Quick Slash"],"picked":"Crippling Poison","floor":7},{"not_picked":["Deflect","Riddle With Holes"],"picked":"Corpse Explosion","floor":11},{"not_picked":["Masterful Stab","Quick Slash"],"picked":"Terror","floor":14},{"not_picked":["Grand Finale","Envenom"],"picked":"Malaise","floor":16},{"not_picked":["Masterful Stab","Prepared","Outmaneuver"],"picked":"Singing Bowl","floor":18},{"not_picked":["Slice","Cloak And Dagger"],"picked":"Predator","floor":19},{"not_picked":["Cloak And Dagger","Deflect"],"picked":"Dagger Spray","floor":20},{"not_picked":["Calculated Gamble","Dagger Throw","A Thousand Cuts"],"picked":"Singing Bowl","floor":24},{"not_picked":["Cloak And Dagger","Dodge and Roll"],"picked":"PiercingWail","floor":28},{"not_picked":["Sucker Punch","Concentrate"],"picked":"Backflip","floor":30},{"not_picked":["Crippling Poison","Deflect"],"picked":"Backflip","floor":31},{"not_picked":["Tools of the Trade","Die Die Die"],"picked":"Burst","floor":33},{"not_picked":["Crippling Poison"],"picked":"Singing Bowl","floor":35},{"not_picked":["Prepared"],"picked":"Singing Bowl","floor":36},{"not_picked":["Mind Blast"],"picked":"Singing Bowl","floor":37},{"not_picked":["Dagger Throw"],"picked":"Singing Bowl","floor":41},{"not_picked":["Dodge and Roll"],"picked":"Singing Bowl","floor":42},{"not_picked":["Crippling Poison+1"],"picked":"Singing Bowl","floor":46},{"not_picked":["Quick Slash"],"picked":"Singing Bowl","floor":47}],"player_experience":326431,"relics_obtained":[{"floor":7,"key":"Regal Pillow"},{"floor":9,"key":"Singing Bowl"},{"floor":11,"key":"Sundial"},{"floor":26,"key":"Potion Belt"},{"floor":31,"key":"Omamori"},{"floor":43,"key":"MawBank"}],"event_choices":[{"damage_healed":0,"gold_gain":0,"player_choice":"Donut","damage_taken":0,"max_hp_gain":5,"max_hp_loss":0,"event_name":"Big Fish","floor":2,"gold_loss":0},{"damage_healed":0,"gold_gain":0,"player_choice":"Take Wound","damage_taken":0,"relics_obtained":["Golden Idol"],"max_hp_gain":0,"max_hp_loss":0,"event_name":"Golden Idol","floor":8,"gold_loss":0,"cards_obtained":["Injury"]},{"cards_removed":["Strike_G"],"damage_healed":0,"gold_gain":0,"player_choice":"Card Removal","damage_taken":7,"max_hp_gain":0,"max_hp_loss":0,"event_name":"Golden Wing","floor":13,"gold_loss":0},{"damage_healed":0,"gold_gain":0,"player_choice":"Fight","damage_taken":0,"max_hp_gain":0,"max_hp_loss":0,"event_name":"Colosseum","floor":21,"gold_loss":0},{"damage_healed":0,"gold_gain":0,"player_choice":"Fled From Nobs","damage_taken":0,"max_hp_gain":0,"max_hp_loss":0,"event_name":"Colosseum","floor":21,"gold_loss":0},{"damage_healed":0,"gold_gain":0,"player_choice":"Gave Idol","damage_taken":0,"relics_obtained":["Bloody Idol"],"max_hp_gain":0,"max_hp_loss":0,"event_name":"Forgotten Altar","floor":27,"relics_lost":["Golden Idol"],"gold_loss":0},{"damage_healed":0,"gold_gain":0,"player_choice":"Memory 1","damage_taken":0,"max_hp_gain":0,"max_hp_loss":0,"event_name":"SensoryStone","floor":37,"gold_loss":0},{"damage_healed":0,"gold_gain":0,"player_choice":"Ignored","damage_taken":0,"max_hp_gain":0,"max_hp_loss":0,"event_name":"Tomb of Lord Red Mask","floor":38,"gold_loss":0},{"damage_healed":0,"gold_gain":999,"player_choice":"Gold","damage_taken":0,"max_hp_gain":0,"max_hp_loss":0,"event_name":"MindBloom","floor":39,"gold_loss":0,"cards_obtained":["Normality","Normality"]},{"damage_healed":0,"gold_gain":0,"player_choice":"Ignored","damage_taken":0,"max_hp_gain":0,"max_hp_loss":0,"event_name":"Mysterious Sphere","floor":45,"gold_loss":0},{"damage_healed":18,"gold_gain":0,"player_choice":"Writhe","damage_taken":0,"max_hp_gain":0,"max_hp_loss":0,"event_name":"Winding Halls","floor":48,"gold_loss":0,"cards_obtained":["Writhe"]}],"is_beta":false,"boss_relics":[{"not_picked":["WristBlade","Coffee Dripper"],"picked":"Velvet Choker"},{"not_picked":["Lizard Tail","Tiny House"],"picked":"Busted Crown"}],"items_purged_floors":[29,44],"is_endless":false,"potions_floor_spawned":[1,7,14,18,28,31,33,35,41,47],"ascension_level":16}