{"gold_per_floor":[213,231,246,246,293,328,328,338,338,363,363,376,137,137,137,137],"floor_reached":16,"playtime":721,"items_purged":["Strike_B"],"score":220,"play_id":"6729321a-a220-426b-bc1f-5fe744bd79e1","local_time":"20190526160501","is_ascension_mode":true,"campfire_choices":[{"floor":7,"key":"REST"},{"data":"Sweeping Beam","floor":15,"key":"SMITH"}],"neow_cost":"NONE","seed_source_timestamp":513010904077191,"circlet_count":0,"master_deck":["AscendersBane","Strike_B","Strike_B","Defend_B","Defend_B","Defend_B","Defend_B","Zap+1","Dualcast","Sweeping Beam+1","FTL","Electrodynamics","Cold Snap","Self Repair"],"relics":["Cracked Core","Art of War","The Courier","Singing Bowl","Juzu Bracelet","Bag of Marbles"],"potions_floor_usage":[6,6,10],"damage_taken":[{"damage":0,"enemies":"2 Louse","floor":1,"turns":2},{"damage":9,"enemies":"Jaw Worm","floor":2,"turns":4},{"damage":0,"enemies":"Small Slimes","floor":3,"turns":4},{"damage":23,"enemies":"Lagavulin","floor":6,"turns":6},{"damage":2,"enemies":"2 Fungi Beasts","floor":8,"turns":3},{"damage":12,"enemies":"Gremlin Nob","floor":10,"turns":3},{"damage":7,"enemies":"Looter","floor":12,"turns":3},{"damage":37,"enemies":"Hexaghost","floor":16,"turns":9}],"seed_played":"837625095675098532","potions_obtained":[{"floor":1,"key":"EssenceOfSteel"},{"floor":3,"key":"Poison Potion"},{"floor":6,"key":"Energy Potion"},{"floor":10,"key":"SpeedPotion"}],"is_trial":false,"path_per_floor":["M","M","M","?","T","E","R","M","T","E","?","M","$","?","R","B"],"character_chosen":"DEFECT","items_purchased":["Bag of Marbles","Fire Potion"],"campfire_rested":1,"item_purchase_floors":[13,13],"current_hp_per_floor":[64,55,55,55,55,32,53,51,51,39,32,34,34,34,34,0],"gold":137,"neow_bonus":"HUNDRED_GOLD","is_prod":false,"is_daily":false,"chose_seed":false,"campfire_upgraded":1,"win_rate":0,"timestamp":1558901101,"path_taken":["M","M","M","?","?","E","R","M","T","E","?","M","$","?","R","BOSS"],"build_version":"2019-01-23","purchased_purges":1,"victory":false,"max_hp_per_floor":[71,71,71,71,71,71,71,71,71,71,71,73,73,73,73,73],"card_choices":[{"not_picked":["Blizzard","Barrage","White Noise"],"picked":"SKIP","floor":1},{"not_picked":["Stack","Conserve Battery"],"picked":"Sweeping Beam","floor":2},{"not_picked":["Stack","Beam Cell"],"picked":"FTL","floor":3},{"not_picked":["Go for the Eyes","BootSequence"],"picked":"Electrodynamics","floor":6},{"not_picked":["Compile Driver","Conserve Battery"],"picked":"Cold Snap","floor":8},{"not_picked":["Genetic Algorithm","Compile Driver"],"picked":"Self Repair","floor":10},{"not_picked":["Streamline","Hologram","Redo"],"picked":"Singing Bowl","floor":12}],"player_experience":822041,"relics_obtained":[{"floor":5,"key":"Art of War"},{"floor":6,"key":"The Courier"},{"floor":9,"key":"Singing Bowl"},{"floor":10,"key":"Juzu Bracelet"}],"event_choices":[{"damage_healed":0,"gold_gain":0,"player_choice":"Grow","damage_taken":0,"max_hp_gain":0,"max_hp_loss":0,"event_name":"Living Wall","floor":4,"gold_loss":0,"cards_upgraded":["Zap"]},{"cards_removed":["Strike_B"],"damage_healed":0,"gold_gain":0,"player_choice":"Card Removal","damage_taken":7,"max_hp_gain":0,"max_hp_loss":0,"event_name":"Golden Wing","floor":11,"gold_loss":0},{"damage_healed":0,"gold_gain":0,"player_choice":"Ignored","damage_taken":0,"max_hp_gain":0,"max_hp_loss":0,"event_name":"Liars Game","floor":14,"gold_loss":0}],"is_beta":false,"boss_relics":[],"items_purged_floors":[13],"is_endless":false,"potions_floor_spawned":[1,3,6,10],"killed_by":"Hexaghost","ascension_level":20}