{"gold_per_floor":[110,32,107,107,128,128,172,193,193,193,236,236,236,275,275,275],"floor_reached":16,"playtime":1177,"items_purged":[],"score":168,"play_id":"46e033a5-b7df-4c39-9045-b819485eb5fb","local_time":"20190502154105","is_ascension_mode":true,"campfire_choices":[{"floor":6,"key":"REST"},{"floor":10,"key":"REST"},{"data":"Footwork","floor":12,"key":"SMITH"},{"floor":15,"key":"REST"}],"neow_cost":"NONE","seed_source_timestamp":5020157142143141,"circlet_count":0,"master_deck":["Defend_G","Defend_G","Defend_G","Defend_G","Strike_G","Strike_G","Strike_G","Strike_G","Strike_G","Survivor","Neutralize","Grand Finale","Footwork+1","Noxious Fumes","Footwork","Dodge and Roll","PiercingWail","Cloak And Dagger"],"relics":["Ring of the Snake","Golden Idol","Tingsha","Matryoshka","Question Card","Juzu Bracelet"],"potions_floor_usage":[7,16,16],"damage_taken":[{"damage":9,"enemies":"Small Slimes","floor":1,"turns":5},{"damage":1,"enemies":"2 Louse","floor":5,"turns":4},{"damage":21,"enemies":"3 Sentries","floor":7,"turns":9},{"damage":0,"enemies":"Cultist","floor":8,"turns":4},{"damage":5,"enemies":"Lagavulin","floor":11,"turns":7},{"damage":32,"enemies":"3 Sentries","floor":14,"turns":10},{"damage":20,"enemies":"Slime Boss","floor":16,"turns":11}],"seed_played":"-6715940511096228690","potions_obtained":[{"floor":5,"key":"PowerPotion"},{"floor":8,"key":"LiquidBronze"},{"floor":11,"key":"Strength Potion"}],"is_trial":false,"path_per_floor":["M","$","?","?","M","R","E","M","T","R","E","R","?","E","R","B"],"character_chosen":"THE_SILENT","items_purchased":["Noxious Fumes"],"campfire_rested":3,"item_purchase_floors":[2],"current_hp_per_floor":[54,54,43,26,25,46,25,25,25,46,41,41,41,9,30,10],"gold":275,"neow_bonus":"ONE_RANDOM_RARE_CARD","is_prod":false,"is_daily":false,"chose_seed":false,"campfire_upgraded":1,"win_rate":0,"timestamp":1556826065,"path_taken":["M","$","?","?","M","R","E","M","T","R","E","R","?","E","R","BOSS"],"build_version":"2019-01-23","purchased_purges":0,"victory":false,"max_hp_per_floor":[70,70,70,70,70,70,70,70,70,70,70,70,70,70,70,70],"card_choices":[{"not_picked":["Prepared","Predator"],"picked":"Footwork","floor":1},{"not_picked":["Skewer","Prepared"],"picked":"Footwork","floor":5},{"not_picked":["Finisher","Bane"],"picked":"Dodge and Roll","floor":7},{"not_picked":["Deflect","Flechettes"],"picked":"PiercingWail","floor":8},{"not_picked":["Setup","Bane"],"picked":"Cloak And Dagger","floor":11},{"not_picked":["Setup","Choke","Finisher","Eviscerate"],"picked":"SKIP","floor":14}],"player_experience":229218,"relics_obtained":[{"floor":7,"key":"Tingsha"},{"floor":9,"key":"Matryoshka"},{"floor":11,"key":"Question Card"},{"floor":14,"key":"Juzu Bracelet"}],"event_choices":[{"damage_healed":0,"gold_gain":75,"player_choice":"Gather Gold","damage_taken":11,"max_hp_gain":0,"max_hp_loss":0,"event_name":"World of Goop","floor":3,"gold_loss":0},{"damage_healed":0,"gold_gain":0,"player_choice":"Take Damage","damage_taken":17,"relics_obtained":["Golden Idol"],"max_hp_gain":0,"max_hp_loss":0,"event_name":"Golden Idol","floor":4,"gold_loss":0},{"cards_removed":["Defend_G"],"damage_healed":0,"gold_gain":0,"player_choice":"Purged","damage_taken":0,"max_hp_gain":0,"max_hp_loss":0,"event_name":"Purifier","floor":13,"gold_loss":0}],"is_beta":false,"boss_relics":[],"items_purged_floors":[],"is_endless":false,"potions_floor_spawned":[5,8,11],"killed_by":"Slime Boss","ascension_level":9}