{"gold_per_floor":[117,128,128,141,151,183,183,209,234,248,248,278,292,306,306,306],"floor_reached":16,"playtime":870,"items_purged":[],"score":180,"play_id":"fe2155e6-e7ef-4a1b-84e6-961b88bc5e36","local_time":"20190508010710","is_ascension_mode":true,"campfire_choices":[{"data":"Bash","floor":7,"key":"SMITH"},{"data":"Wild Strike","floor":11,"key":"SMITH"},{"data":"Whirlwind","floor":15,"key":"SMITH"}],"neow_cost":"NONE","seed_source_timestamp":285010566397084,"circlet_count":0,"master_deck":["Strike_R","Strike_R","Strike_R+1","Strike_R","Strike_R","Defend_R","Defend_R","Defend_R","Defend_R","Bash+1","Wild Strike+1","Shrug It Off","Immolate","Anger+1","Whirlwind+1","Twin Strike","Shrug It Off","Shrug It Off","Fiend Fire","Inflame"],"relics":["Burning Blood","Sundial","Anchor","Whetstone","Juzu Bracelet"],"potions_floor_usage":[16,16],"damage_taken":[{"damage":11,"enemies":"Small Slimes","floor":1,"turns":5},{"damage":1,"enemies":"Cultist","floor":2,"turns":3},{"damage":1,"enemies":"2 Louse","floor":4,"turns":3},{"damage":0,"enemies":"Exordium Wildlife","floor":5,"turns":4},{"damage":17,"enemies":"3 Sentries","floor":6,"turns":5},{"damage":35,"enemies":"Lagavulin","floor":8,"turns":7},{"damage":0,"enemies":"3 Louse","floor":10,"turns":1},{"damage":22,"enemies":"3 Sentries","floor":12,"turns":6},{"damage":1,"enemies":"Looter","floor":13,"turns":3},{"damage":0,"enemies":"Large Slime","floor":14,"turns":4},{"damage":49,"enemies":"The Guardian","floor":16,"turns":8}],"seed_played":"3937611735291180140","potions_obtained":[{"floor":5,"key":"LiquidBronze"},{"floor":6,"key":"SpeedPotion"},{"floor":12,"key":"Swift Potion"},{"floor":14,"key":"Strength Potion"}],"is_trial":false,"path_per_floor":["M","M","?","M","M","E","R","E","T","M","R","E","M","M","R","B"],"character_chosen":"IRONCLAD","items_purchased":[],"campfire_rested":0,"item_purchase_floors":[],"current_hp_per_floor":[75,80,80,85,88,77,77,48,48,54,54,38,43,49,49,0],"gold":306,"neow_bonus":"TEN_PERCENT_HP_BONUS","is_prod":false,"is_daily":false,"chose_seed":false,"campfire_upgraded":3,"win_rate":0,"timestamp":1557292030,"path_taken":["M","M","?","M","M","E","R","E","T","M","R","E","M","M","R","BOSS"],"build_version":"2019-01-23","purchased_purges":0,"victory":false,"max_hp_per_floor":[88,88,88,88,88,88,88,88,88,88,88,88,88,88,88,88],"card_choices":[{"not_picked":["Perfected Strike","Armaments"],"picked":"Wild Strike","floor":1},{"not_picked":["Pommel Strike","Twin Strike"],"picked":"Shrug It Off","floor":2},{"not_picked":["Body Slam","Headbutt"],"picked":"Immolate","floor":4},{"not_picked":["Sever Soul","Wild Strike"],"picked":"Anger","floor":5},{"not_picked":["Reckless Charge","Body Slam"],"picked":"Whirlwind","floor":6},{"not_picked":["Power Through","Warcry"],"picked":"Twin Strike","floor":8},{"not_picked":["Heavy Blade","Havoc"],"picked":"Shrug It Off","floor":10},{"not_picked":["Havoc","Iron Wave"],"picked":"Shrug It Off","floor":12},{"not_picked":["Rage","Thunderclap"],"picked":"Fiend Fire","floor":13},{"not_picked":["Metallicize","Bloodletting"],"picked":"Inflame","floor":14}],"player_experience":413817,"relics_obtained":[{"floor":6,"key":"Sundial"},{"floor":8,"key":"Anchor"},{"floor":9,"key":"Whetstone"},{"floor":12,"key":"Juzu Bracelet"}],"event_choices":[{"damage_healed":0,"gold_gain":0,"player_choice":"Bought 0 Potions","damage_taken":0,"max_hp_gain":0,"max_hp_loss":0,"event_name":"The Woman in Blue","floor":3,"gold_loss":0}],"is_beta":false,"boss_relics":[],"items_purged_floors":[],"is_endless":false,"potions_floor_spawned":[5,6,12,13,14],"killed_by":"The Guardian","ascension_level":9}