{"gold_per_floor":[14,14,33,52,63,63,98,98,98,110,123,123,135,9,9,110,110,120,136,136,153,169,500,500,517,517,147,147,163,163,0,0,101,101,113,123,135,152,152,152,6,6,6,6,26,39,51,51,51,51],"floor_reached":50,"playtime":4115,"items_purged":["Defend_G","Strike_G"],"score":645,"play_id":"f56d28bb-be26-46a3-bce2-c32f3f09b0cb","local_time":"20180627235916","is_ascension_mode":false,"campfire_choices":[{"data":"Survivor","floor":6,"key":"SMITH"},{"floor":8,"key":"REST"},{"floor":15,"key":"REST"},{"floor":24,"key":"REST"},{"floor":28,"key":"REST"},{"data":"Crippling Poison","floor":30,"key":"SMITH"},{"floor":32,"key":"REST"},{"floor":40,"key":"REST"},{"floor":42,"key":"REST"},{"floor":49,"key":"REST"}],"neow_cost":"NO_GOLD","seed_source_timestamp":27096545889465,"circlet_count":0,"master_deck":["Defend_G","Defend_G","Strike_G","Strike_G","Survivor+1","Neutralize","PiercingWail","Finisher","Deadly Poison","Backstab","Deflect","Noxious Fumes","Backstab","Deflect","Flying Knee","Noxious Fumes","After Image","Deadly Poison","Crippling Poison+1","Necronomicurse","Underhanded Strike+1","Footwork","Deadly Poison","Dagger Spray+1","Predator+1","Adrenaline","Well Laid Plans","Malaise+1","Doppelganger","Dagger Spray+1","Finisher+1","PiercingWail+1","Unload","Poisoned Stab","Escape Plan","Dash+1","Backflip+1","Flying Knee+1"],"relics":["Ring of the Snake","Bird Faced Urn","The Specimen","Velvet Choker","Necronomicon","Old Coin","Happy Flower","Empty Cage","Tingsha","Mango"],"potions_floor_usage":[5,22,23,23,33,33,37,50],"damage_taken":[{"damage":0,"enemies":"Small Slimes","floor":1,"turns":3},{"damage":3,"enemies":"Cultist","floor":3,"turns":4},{"damage":0,"enemies":"Jaw Worm","floor":4,"turns":4},{"damage":25,"enemies":"Exordium Thugs","floor":5,"turns":7},{"damage":23,"enemies":"3 Sentries","floor":7,"turns":13},{"damage":0,"enemies":"Looter","floor":10,"turns":3},{"damage":8,"enemies":"Exordium Wildlife","floor":11,"turns":5},{"damage":6,"enemies":"Exordium Thugs","floor":13,"turns":4},{"damage":36,"enemies":"The Guardian","floor":16,"turns":9},{"damage":19,"enemies":"Spheric Guardian","floor":18,"turns":6},{"damage":13,"enemies":"Chosen","floor":19,"turns":4},{"damage":14,"enemies":"Snake Plant","floor":21,"turns":5},{"damage":3,"enemies":"Snecko","floor":22,"turns":5},{"damage":14,"enemies":"Slavers","floor":23,"turns":7},{"damage":15,"enemies":"Cultist and Chosen","floor":25,"turns":5},{"damage":12,"enemies":"Sentry and Sphere","floor":29,"turns":5},{"damage":64,"enemies":"Champ","floor":33,"turns":10},{"damage":24,"enemies":"Orb Walker","floor":35,"turns":4},{"damage":34,"enemies":"3 Shapes","floor":36,"turns":3},{"damage":0,"enemies":"Sphere and 2 Shapes","floor":37,"turns":3},{"damage":22,"enemies":"3 Darklings","floor":38,"turns":4},{"damage":22,"floor":44,"turns":6},{"damage":16,"enemies":"4 Shapes","floor":45,"turns":3},{"damage":0,"enemies":"Sphere and 2 Shapes","floor":46,"turns":3},{"damage":7,"enemies":"3 Darklings","floor":47,"turns":4},{"damage":74,"enemies":"Awakened One","floor":50,"turns":10}],"seed_played":"-767687117873741072","potions_obtained":[{"floor":2,"key":"Block Potion"},{"floor":7,"key":"Energy Potion"},{"floor":10,"key":"Ancient Potion"},{"floor":11,"key":"Energy Potion"},{"floor":16,"key":"Strength Potion"},{"floor":18,"key":"Block Potion"},{"floor":22,"key":"AttackPotion"},{"floor":29,"key":"Explosive Potion"},{"floor":36,"key":"Poison Potion"},{"floor":44,"key":"Strength Potion"}],"is_trial":false,"path_per_floor":["M","?","M","M","M","R","E","R","T","M","M","?","M","$","R","B",null,"M","M","?","M","M","E","R","M","T","$","R","M","R","?","R","B",null,"M","M","M","M","?","R","$","R","T","?","M","M","M","$","R"],"character_chosen":"THE_SILENT","items_purchased":["Flying Knee","Noxious Fumes","Predator","Adrenaline","Well Laid Plans","Poisoned Stab"],"campfire_rested":8,"item_purchase_floors":[14,14,27,27,27,41],"current_hp_per_floor":[70,70,67,67,42,42,19,40,40,40,34,34,30,30,51,19,70,53,46,30,22,25,19,40,33,33,33,54,52,52,52,70,14,70,52,26,32,14,14,35,35,56,56,56,42,44,39,39,64,0],"gold":51,"neow_bonus":"REMOVE_TWO","is_prod":false,"is_daily":false,"chose_seed":false,"campfire_upgraded":2,"win_rate":0.0,"timestamp":1530136756,"path_taken":["M","?","M","?","M","R","E","R","T","M","M","?","?","$","R","BOSS","M","M","?","M","M","E","R","M","T","$","R","M","R","?","R","BOSS","M","M","M","M","?","R","$","R","T","?","M","?","M","$","R","BOSS"],"build_version":"2018-06-21v2","purchased_purges":2,"victory":false,"max_hp_per_floor":[70,70,70,70,70,70,70,70,70,70,70,70,70,70,70,70,70,70,70,70,70,70,70,70,70,70,70,70,70,70,70,70,70,70,70,70,70,70,70,70,70,70,70,84,84,84,84,84,84,84],"card_choices":[{"not_picked":["Deflect","Quick Slash"],"picked":"PiercingWail","floor":1},{"not_picked":["Expertise","Riddle With Holes"],"picked":"Finisher","floor":3},{"not_picked":["Dagger Throw","Caltrops"],"picked":"Deadly Poison","floor":4},{"not_picked":["Dagger Throw","Acrobatics"],"picked":"Backstab","floor":5},{"not_picked":["Unload","Infinite Blades"],"picked":"Deflect","floor":7},{"not_picked":["PiercingWail","Acrobatics"],"picked":"Noxious Fumes","floor":10},{"not_picked":["Acrobatics","Outmaneuver"],"picked":"Backstab","floor":11},{"not_picked":["Terror","Riddle With Holes"],"picked":"Deflect","floor":13},{"not_picked":["Unload","Night Terror"],"picked":"After Image","floor":16},{"not_picked":["Calculated Gamble","Terror"],"picked":"Deadly Poison","floor":18},{"not_picked":["Deflect+1","Expertise"],"picked":"Crippling Poison","floor":19},{"not_picked":["Infinite Blades","Deadly Poison"],"picked":"Underhanded Strike+1","floor":21},{"not_picked":["Flying Knee","Sucker Punch"],"picked":"Footwork","floor":22},{"not_picked":["Skewer","Tactician"],"picked":"Deadly Poison","floor":23},{"not_picked":["Noxious Fumes","Well Laid Plans+1"],"picked":"Dagger Spray+1","floor":25},{"not_picked":["Slice","Well Laid Plans"],"picked":"Malaise+1","floor":29},{"not_picked":["Glass Knife","Unload"],"picked":"Doppelganger","floor":33},{"not_picked":["Distraction","Slice+1"],"picked":"Dagger Spray+1","floor":35},{"not_picked":["Deflect","Underhanded Strike+1"],"picked":"Finisher+1","floor":36},{"not_picked":["Prepared+1","Underhanded Strike+1"],"picked":"PiercingWail+1","floor":37},{"not_picked":["Dagger Throw","Prepared"],"picked":"Unload","floor":38},{"not_picked":["Slice+1","Malaise"],"picked":"Escape Plan","floor":44},{"not_picked":["Poisoned Stab","Quick Slash"],"picked":"Dash+1","floor":45},{"not_picked":["Flechettes","Infinite Blades"],"picked":"Backflip+1","floor":46},{"not_picked":["Blade Dance","Dagger Throw+1"],"picked":"Flying Knee+1","floor":47}],"player_experience":18328,"relics_obtained":[{"floor":7,"key":"Bird Faced Urn"},{"floor":9,"key":"The Specimen"},{"floor":20,"key":"Necronomicon"},{"floor":23,"key":"Old Coin"},{"floor":26,"key":"Happy Flower"},{"floor":43,"key":"Tingsha"},{"floor":44,"key":"Mango"}],"event_choices":[{"event_name":"The Lab","player_choice":"Got Potions","floor":2,"damage_taken":0},{"event_name":"The Woman in Blue","player_choice":"Bought 0 Potions","floor":12,"damage_taken":0},{"event_name":"Cursed Tome","player_choice":"Obtained Book","floor":20,"damage_taken":0},{"event_name":"Masked Bandits","player_choice":"Paid Bandits 163 gold","floor":31,"damage_taken":0},{"event_name":"Upgrade Shrine","player_choice":"Upgraded","floor":39,"damage_taken":0},{"event_name":"MindBloom","player_choice":"Fight","floor":44,"damage_taken":0}],"boss_relics":[{"not_picked":["Busted Crown","Ectoplasm"],"picked":"Velvet Choker"},{"not_picked":["Fusion Hammer","Coffee Dripper"],"picked":"Empty Cage"}],"items_purged_floors":[27,41],"is_endless":false,"potions_floor_spawned":[7,10,11,16,18,19,21,22,29,36,44],"killed_by":"Awakened One","ascension_level":0}