{"gold_per_floor":[111,111,123,198,209,209,240,40,64,64,64,79,0,33,45,157,169,193,120,147,159,181,226,238,270,282,294,333,0,19,52,52,153,153,172,172,172,183,202,218,238,252,301,17,17,17,17,17,17,17],"floor_reached":51,"playtime":5134,"items_purged":["Defend_G","Pain"],"score":790,"play_id":"29c468c6-815a-47cc-bdc1-484356bb262e","local_time":"20190427160959","is_ascension_mode":true,"campfire_choices":[{"data":"Infinite Blades","floor":6,"key":"SMITH"},{"data":"Blade Dance","floor":10,"key":"SMITH"},{"floor":15,"key":"REST"},{"data":"Footwork","floor":24,"key":"SMITH"},{"floor":27,"key":"REST"},{"floor":32,"key":"REST"},{"floor":45,"key":"REST"},{"floor":47,"key":"REST"},{"floor":49,"key":"REST"}],"neow_cost":"NONE","seed_source_timestamp":4585913493901374,"circlet_count":0,"master_deck":["Defend_G","Defend_G","Defend_G","Strike_G","Strike_G","Strike_G","Strike_G","Strike_G","Survivor","Neutralize","Unload","PiercingWail","Leg Sweep+1","Infinite Blades+1","Finisher","Sadistic Nature+1","Blade Dance+1","Caltrops","Footwork+1","Die Die Die","Adrenaline","Cloak And Dagger","Malaise","Backstab","Terror","Well Laid Plans","Infinite Blades","Footwork+1","PiercingWail","Night Terror","Backstab+1","Infinite Blades+1","Blur","Terror","Bouncing Flask+1","Noxious Fumes"],"relics":["Ring of the Snake","Potion Belt","Bag of Preparation","MawBank","Sozu","Orichalcum","Mango","Paper Crane","PreservedInsect","DollysMirror","Letter Opener","Fusion Hammer","WarpedTongs","Boot","Bronze Scales"],"potions_floor_usage":[14,50,50],"damage_taken":[{"damage":0,"enemies":"Cultist","floor":1,"turns":3},{"damage":9,"enemies":"Small Slimes","floor":3,"turns":4},{"damage":0,"enemies":"2 Louse","floor":5,"turns":3},{"damage":15,"enemies":"Gremlin Nob","floor":7,"turns":5},{"damage":0,"enemies":"Blue Slaver","floor":12,"turns":1},{"damage":11,"enemies":"Lagavulin","floor":14,"turns":5},{"damage":17,"enemies":"The Guardian","floor":16,"turns":11},{"damage":6,"enemies":"Spheric Guardian","floor":18,"turns":3},{"damage":1,"enemies":"3 Byrds","floor":20,"turns":5},{"damage":6,"enemies":"Centurion and Healer","floor":22,"turns":7},{"damage":19,"enemies":"Book of Stabbing","floor":23,"turns":5},{"damage":25,"enemies":"Sentry and Sphere","floor":25,"turns":6},{"damage":15,"enemies":"Slavers","floor":28,"turns":7},{"damage":4,"enemies":"Snecko","floor":30,"turns":4},{"damage":8,"enemies":"Book of Stabbing","floor":31,"turns":4},{"damage":26,"enemies":"Collector","floor":33,"turns":10},{"damage":1,"enemies":"3 Darklings","floor":35,"turns":5},{"damage":14,"enemies":"Orb Walker","floor":38,"turns":3},{"damage":5,"enemies":"Jaw Worm Horde","floor":39,"turns":5},{"damage":33,"enemies":"Writhing Mass","floor":40,"turns":8},{"damage":9,"enemies":"4 Shapes","floor":41,"turns":8},{"damage":17,"enemies":"Jaw Worm Horde","floor":42,"turns":4},{"damage":15,"enemies":"Time Eater","floor":50,"turns":11}],"seed_played":"3436618311569911891","potions_obtained":[{"floor":7,"key":"FearPotion"},{"floor":12,"key":"GhostInAJar"},{"floor":14,"key":"GhostInAJar"}],"is_trial":false,"path_per_floor":["M","?","M","?","M","R","E","$","T","R","?","M","$","E","R","B",null,"M","?","M","?","M","E","R","M","T","R","E","$","M","E","R","B",null,"M","?","?","M","M","M","M","M","T","$","R","?","R","$","R","B",null],"character_chosen":"THE_SILENT","items_purchased":["Sadistic Nature","Blade Dance","Footwork","Infinite Blades","DollysMirror","Bronze Scales","Noxious Fumes"],"campfire_rested":6,"item_purchase_floors":[8,8,13,29,29,44,44],"current_hp_per_floor":[70,70,61,50,50,50,35,35,35,35,21,21,21,10,31,14,70,64,64,63,63,57,52,52,27,27,52,37,37,33,25,50,24,84,83,80,80,66,61,28,19,2,2,2,26,26,50,50,74,59],"gold":17,"neow_bonus":"ONE_RANDOM_RARE_CARD","is_prod":false,"is_daily":false,"chose_seed":false,"campfire_upgraded":3,"win_rate":0,"timestamp":1556395799,"path_taken":["M","?","?","?","M","R","E","$","T","R","?","M","?","E","R","BOSS","M","?","M","?","M","E","R","M","T","R","E","$","M","E","R","BOSS","M","?","?","?","M","M","M","M","T","$","R","?","R","$","R","BOSS"],"build_version":"2019-01-23","purchased_purges":2,"victory":true,"max_hp_per_floor":[70,70,70,70,70,70,70,70,70,70,70,70,70,70,70,70,70,70,70,70,70,70,84,84,84,84,84,84,84,84,84,84,84,84,84,80,80,80,80,80,80,80,80,80,80,80,80,80,80,80],"card_choices":[{"not_picked":["Deadly Poison","Reflex"],"picked":"PiercingWail","floor":1},{"not_picked":["Calculated Gamble","Flying Knee"],"picked":"Leg Sweep","floor":3},{"not_picked":["Blade Dance","Prepared"],"picked":"Infinite Blades","floor":5},{"not_picked":["Flying Knee","Prepared"],"picked":"Finisher","floor":7},{"not_picked":["PiercingWail","Sucker Punch"],"picked":"Caltrops","floor":12},{"not_picked":["Dagger Spray","Predator"],"picked":"Die Die Die","floor":14},{"not_picked":["Tools of the Trade","Envenom"],"picked":"Adrenaline","floor":16},{"not_picked":["Quick Slash+1","Slice"],"picked":"Cloak And Dagger","floor":18},{"not_picked":["Distraction","Sucker Punch","Slice"],"picked":"SKIP","floor":20},{"not_picked":["Catalyst","Deflect"],"picked":"Backstab","floor":22},{"not_picked":["Poisoned Stab+1","Underhanded Strike"],"picked":"Terror","floor":23},{"not_picked":["Catalyst","Leg Sweep","Flying Knee"],"picked":"SKIP","floor":25},{"not_picked":["Wraith Form v2","Finisher"],"picked":"Well Laid Plans","floor":28},{"not_picked":["Dodge and Roll","Outmaneuver","Bane"],"picked":"SKIP","floor":30},{"not_picked":["Choke+1","Quick Slash"],"picked":"PiercingWail","floor":31},{"not_picked":["Unload","Bullet Time"],"picked":"Night Terror","floor":33},{"not_picked":["Outmaneuver","All Out Attack+1","Flying Knee"],"picked":"SKIP","floor":35},{"not_picked":["Slice+1","Tactician+1"],"picked":"Backstab+1","floor":38},{"not_picked":["Flying Knee+1","Slice"],"picked":"Infinite Blades+1","floor":39},{"not_picked":["Poisoned Stab+1","Well Laid Plans+1"],"picked":"Blur","floor":40},{"not_picked":["Dodge and Roll+1","Dagger Throw+1"],"picked":"Terror","floor":41},{"not_picked":["Dagger Throw+1","Sucker Punch"],"picked":"Bouncing Flask+1","floor":42}],"player_experience":178280,"relics_obtained":[{"floor":7,"key":"Potion Belt"},{"floor":9,"key":"Bag of Preparation"},{"floor":14,"key":"MawBank"},{"floor":23,"key":"Mango"},{"floor":26,"key":"Paper Crane"},{"floor":28,"key":"PreservedInsect"},{"floor":31,"key":"Letter Opener"},{"floor":43,"key":"Boot"}],"event_choices":[{"damage_healed":0,"gold_gain":0,"player_choice":"Full Heal","damage_taken":0,"max_hp_gain":0,"max_hp_loss":0,"event_name":"Wheel of Change","floor":2,"gold_loss":0},{"damage_healed":0,"gold_gain":75,"player_choice":"Gather Gold","damage_taken":11,"max_hp_gain":0,"max_hp_loss":0,"event_name":"World of Goop","floor":4,"gold_loss":0},{"damage_healed":0,"gold_gain":0,"player_choice":"Entered Light","damage_taken":14,"max_hp_gain":0,"max_hp_loss":0,"event_name":"Shining Light","floor":11,"gold_loss":0,"cards_upgraded":["Leg Sweep","Sadistic Nature"]},{"damage_healed":0,"gold_gain":0,"player_choice":"Obtained Relic","damage_taken":0,"relics_obtained":["Orichalcum"],"max_hp_gain":0,"max_hp_loss":0,"event_name":"Addict","floor":19,"gold_loss":85},{"damage_healed":0,"gold_gain":0,"cards_transformed":["Defend_G"],"player_choice":"Transformed","damage_taken":0,"max_hp_gain":0,"max_hp_loss":0,"event_name":"Transmorgrifier","floor":21,"gold_loss":0,"cards_obtained":["Malaise"]},{"damage_healed":0,"gold_gain":0,"player_choice":"Max HP","damage_taken":0,"max_hp_gain":0,"max_hp_loss":4,"event_name":"Winding Halls","floor":36,"gold_loss":0},{"damage_healed":0,"gold_gain":0,"player_choice":"Rummage","damage_taken":0,"relics_obtained":["WarpedTongs"],"max_hp_gain":0,"max_hp_loss":0,"event_name":"Accursed Blacksmith","floor":37,"gold_loss":0,"cards_obtained":["Pain"]},{"damage_healed":0,"gold_gain":0,"player_choice":"Ignored","damage_taken":0,"max_hp_gain":0,"max_hp_loss":0,"event_name":"Mysterious Sphere","floor":46,"gold_loss":0}],"is_beta":false,"boss_relics":[{"not_picked":["HoveringKite","Astrolabe"],"picked":"Sozu"},{"not_picked":["Coffee Dripper","White Beast Statue"],"picked":"Fusion Hammer"}],"items_purged_floors":[29,44],"is_endless":false,"potions_floor_spawned":[7,12,14,23,28,30,35,40,42],"ascension_level":3}