{"gold_per_floor":[115,131,3,16,16,16,16,16,16,28,60,60,94,108,108,199,199,217,217,232,232,212,212,238,238,263,278,309,309,323,18,18,91,91,104,116,136,148,168,168,2,28,52,152,152,16,32,32,32,32,32],"floor_reached":52,"playtime":3025,"items_purged":["Defend_B"],"score":1835,"play_id":"96f11cd2-7ac0-45b9-acc6-273be0f8879e","local_time":"20190522021045","is_ascension_mode":true,"campfire_choices":[{"data":"Ball Lightning","floor":6.0,"key":"SMITH"},{"data":"Conserve Battery","floor":8.0,"key":"SMITH"},{"data":"Static Discharge","floor":15.0,"key":"SMITH"},{"data":"Fission","floor":23.0,"key":"SMITH"},{"data":"Capacitor","floor":25.0,"key":"SMITH"},{"data":"Sweeping Beam","floor":29.0,"key":"SMITH"},{"data":"Chill","floor":32.0,"key":"SMITH"},{"data":"Hologram","floor":40.0,"key":"SMITH"},{"floor":49,"key":"REST"}],"neow_cost":"NONE","seed_source_timestamp":114507594775316,"circlet_count":0,"master_deck":["AscendersBane","Strike_B+1","Strike_B+1","Strike_B+1","Strike_B+1","Defend_B+1","Defend_B+1","Defend_B+1","Zap+1","Dualcast","Conserve Battery+1","Ball Lightning+1","Cold Snap","Static Discharge+1","Sweeping Beam+1","Fission+1","Compile Driver","Capacitor+1","Darkness","Defragment+1","Chill+1","FTL","Defragment+1","Multi-Cast","Conserve Battery+1","Steam Power+1","Hologram+1","Compile Driver+1","Skim","Reprogram","Coolheaded+1","Consume","Go for the Eyes+1"],"special_seed":0,"relics":["Cracked Core","Symbiotic Virus","FossilizedHelix","Bloody Idol","Meat on the Bone","Runic Dome","Art of War","Anchor","DataDisk","DollysMirror","Inserter","Bag of Preparation","Potion Belt","Prayer Wheel"],"potions_floor_usage":[42,50,50,51],"damage_taken":[{"damage":1.0,"enemies":"Cultist","floor":1.0,"turns":3.0},{"damage":0.0,"enemies":"Small Slimes","floor":2.0,"turns":4.0},{"damage":2.0,"enemies":"Jaw Worm","floor":4.0,"turns":3.0},{"damage":0.0,"enemies":"Large Slime","floor":10.0,"turns":3.0},{"damage":6.0,"enemies":"Lagavulin","floor":11.0,"turns":6.0},{"damage":0.0,"enemies":"Gremlin Nob","floor":13.0,"turns":3.0},{"damage":0.0,"enemies":"Gremlin Gang","floor":14.0,"turns":4.0},{"damage":24.0,"enemies":"The Guardian","floor":16.0,"turns":9.0},{"damage":0.0,"enemies":"2 Thieves","floor":18.0,"turns":3.0},{"damage":0.0,"enemies":"Chosen","floor":20.0,"turns":3.0},{"damage":15.0,"enemies":"Book of Stabbing","floor":24.0,"turns":3.0},{"damage":0.0,"enemies":"Snecko","floor":27.0,"turns":4.0},{"damage":3.0,"enemies":"Slavers","floor":28.0,"turns":5.0},{"damage":0.0,"enemies":"Snake Plant","floor":30.0,"turns":2.0},{"damage":10.0,"enemies":"Collector","floor":33.0,"turns":9.0},{"damage":0.0,"enemies":"Orb Walker","floor":35.0,"turns":3.0},{"damage":6.0,"enemies":"3 Darklings","floor":36.0,"turns":4.0},{"damage":0.0,"enemies":"Transient","floor":37.0,"turns":6.0},{"damage":0.0,"enemies":"4 Shapes","floor":38.0,"turns":5.0},{"damage":26.0,"enemies":"Spire Growth","floor":39.0,"turns":5.0},{"damage":23,"enemies":"Giant Head","floor":42,"turns":7},{"damage":0,"enemies":"Mind Bloom Boss Battle","floor":44,"turns":6},{"damage":2,"enemies":"Maw","floor":47,"turns":7},{"damage":21,"enemies":"Awakened One","floor":50,"turns":12},{"damage":24,"enemies":"Time Eater","floor":51,"turns":9}],"seed_played":"-1793143179510862288","potions_obtained":[{"floor":1.0,"key":"FearPotion"},{"floor":13.0,"key":"Block Potion"},{"floor":14.0,"key":"LiquidBronze"},{"floor":18.0,"key":"EssenceOfSteel"},{"floor":24.0,"key":"Strength Potion"},{"floor":28.0,"key":"FocusPotion"},{"floor":36.0,"key":"FairyPotion"},{"floor":37.0,"key":"SneckoOil"},{"floor":39.0,"key":"LiquidBronze"},{"floor":44,"key":"Strength Potion"}],"is_trial":false,"path_per_floor":["M","M","$","M","?","R","$","R","T","M","E","?","E","M","R","B",null,"M","?","M","?","?","R","E","R","T","M","E","R","M","$","R","B",null,"M","M","M","M","M","R","$","E","T","?","?","$","M","?","R","B","B",null],"character_chosen":"DEFECT","items_purchased":["Fire Potion","FTL","DollysMirror","Skim","Regen Potion","FocusPotion","SkillPotion"],"campfire_rested":1,"item_purchase_floors":[3,31,31,41,41,46,46],"current_hp_per_floor":[63,63,63,61,61,61,61,61,61,61,55,55,55,55,55,43,59,59,59,64,64,64,64,54,54,59,64,64,64,64,64,64,59,63,64,63,64,64,43,43,43,40,45,50,50,50,53,53,64,43,31],"gold":32,"neow_bonus":"UPGRADE_CARD","is_prod":false,"is_daily":false,"chose_seed":false,"campfire_upgraded":8,"win_rate":0,"timestamp":1558505445,"path_taken":["M","M","$","M","?","R","$","R","T","M","E","?","E","M","R","BOSS","M","?","M","?","?","R","E","R","T","?","E","R","M","$","R","BOSS","M","M","M","M","M","R","?","E","T","?","?","$","M","?","R","BOSS","BOSS"],"build_version":"2019-01-23","purchased_purges":1,"victory":true,"max_hp_per_floor":[71,71,71,71,71,71,71,71,71,71,71,64,64,64,64,64,64,64,64,64,64,64,64,64,64,64,64,64,64,64,64,64,64,64,64,64,64,64,64,64,64,64,64,64,64,64,64,64,64,64,64],"card_choices":[{"not_picked":["Compile Driver","Hologram"],"picked":"Conserve Battery","floor":1.0},{"not_picked":["Chaos","Steam","Auto Shields"],"picked":"SKIP","floor":2.0},{"not_picked":["Undo","Recycle"],"picked":"Ball Lightning","floor":4.0},{"not_picked":["Stack","Steam"],"picked":"Cold Snap","floor":10.0},{"not_picked":["Steam","Auto Shields"],"picked":"Static Discharge","floor":11.0},{"not_picked":["Storm","Hologram","Ball Lightning"],"picked":"SKIP","floor":13.0},{"not_picked":["Stack","Hologram"],"picked":"Sweeping Beam","floor":14.0},{"not_picked":["Creative AI","Meteor Strike"],"picked":"Fission","floor":16.0},{"not_picked":["Leap","Turbo"],"picked":"Compile Driver","floor":18.0},{"not_picked":["Rebound","Sweeping Beam","Rip and Tear+1"],"picked":"SKIP","floor":20.0},{"not_picked":["Undo","Skim"],"picked":"Capacitor","floor":24.0},{"not_picked":["Recycle","Gash"],"picked":"Darkness","floor":27.0},{"not_picked":["Redo+1","Glacier"],"picked":"Defragment+1","floor":28.0},{"not_picked":["Go for the Eyes","Barrage"],"picked":"Chill","floor":30.0},{"not_picked":["Amplify","Fission"],"picked":"Multi-Cast","floor":33.0},{"not_picked":["Aggregate","Tempest+1"],"picked":"Conserve Battery+1","floor":35.0},{"not_picked":["Steam","Static Discharge","Hello World"],"picked":"SKIP","floor":36.0},{"not_picked":["Cold Snap","Stack+1"],"picked":"Steam Power+1","floor":37.0},{"not_picked":["Sweeping Beam","Steam+1"],"picked":"Hologram","floor":38.0},{"not_picked":["Gash+1","Barrage"],"picked":"Compile Driver+1","floor":39.0},{"not_picked":["Gash+1","Steam Power"],"picked":"Reprogram","floor":42},{"not_picked":["Rip and Tear","Sunder"],"picked":"Coolheaded+1","floor":44},{"not_picked":["Hello World+1","Rip and Tear"],"picked":"Consume","floor":47},{"not_picked":["BootSequence","Self Repair+1"],"picked":"Go for the Eyes+1","floor":47}],"player_experience":736326,"relics_obtained":[{"floor":9.0,"key":"Symbiotic Virus"},{"floor":11.0,"key":"FossilizedHelix"},{"floor":13.0,"key":"Meat on the Bone"},{"floor":24.0,"key":"Art of War"},{"floor":26.0,"key":"Anchor"},{"floor":28.0,"key":"DataDisk"},{"floor":42,"key":"Bag of Preparation"},{"floor":43,"key":"Potion Belt"},{"floor":44,"key":"Prayer Wheel"}],"event_choices":[{"damage_healed":0.0,"max_hp_gain":0.0,"max_hp_loss":0.0,"gold_gain":0.0,"event_name":"The Cleric","player_choice":"Leave","floor":5.0,"gold_loss":0.0,"damage_taken":0.0},{"damage_healed":0.0,"max_hp_gain":0.0,"max_hp_loss":7.0,"gold_gain":0.0,"event_name":"Golden Idol","player_choice":"Lose Max HP","floor":12.0,"gold_loss":0.0,"damage_taken":0.0,"relics_obtained":["Golden Idol"]},{"damage_healed":0.0,"max_hp_gain":0.0,"max_hp_loss":0.0,"gold_gain":0.0,"event_name":"Forgotten Altar","player_choice":"Gave Idol","floor":19.0,"relics_lost":["Golden Idol"],"gold_loss":0.0,"damage_taken":0.0,"relics_obtained":["Bloody Idol"]},{"damage_healed":0.0,"max_hp_gain":0.0,"max_hp_loss":0.0,"gold_gain":0.0,"event_name":"Back to Basics","player_choice":"Simplicity","floor":21.0,"gold_loss":0.0,"damage_taken":0.0,"cards_upgraded":["Strike_B","Strike_B","Strike_B","Strike_B","Defend_B","Defend_B","Defend_B"]},{"damage_healed":0.0,"max_hp_gain":0.0,"max_hp_loss":0.0,"gold_gain":0.0,"event_name":"The Woman in Blue","player_choice":"Bought 1 Potion","floor":22.0,"gold_loss":0.0,"damage_taken":0.0},{"damage_healed":0,"gold_gain":0,"player_choice":"Fight","damage_taken":0,"max_hp_gain":0,"max_hp_loss":0,"event_name":"MindBloom","floor":44,"gold_loss":0},{"damage_healed":0,"gold_gain":0,"player_choice":"Ignored","damage_taken":0,"max_hp_gain":0,"max_hp_loss":0,"event_name":"Tomb of Lord Red Mask","floor":45,"gold_loss":0},{"damage_healed":0,"gold_gain":0,"player_choice":"Ignored","damage_taken":0,"max_hp_gain":0,"max_hp_loss":0,"event_name":"Transmorgrifier","floor":48,"gold_loss":0}],"is_beta":false,"boss_relics":[{"not_picked":["Calling Bell","Eternal Feather"],"picked":"Runic Dome"},{"not_picked":["Nuclear Battery","Runic Pyramid"],"picked":"Inserter"}],"items_purged_floors":[3],"is_endless":false,"potions_floor_spawned":[1,13,14,18,24,28,36,37,39,44,47],"ascension_level":20}