{"gold_per_floor":[113,125,125,48,48,48,69,133,158,158,172,185,223,247,247,342,342,356,356,18,42,65,65,65],"floor_reached":24,"playtime":1097,"items_purged":["Doppelganger"],"score":364,"play_id":"327bd3f7-783c-479b-9edf-62b7ceb5004f","local_time":"20190524060826","is_ascension_mode":true,"campfire_choices":[{"data":"Footwork","floor":6,"key":"SMITH"},{"floor":10,"key":"REST"},{"floor":15,"key":"REST"},{"floor":23,"key":"REST"}],"neow_cost":"NONE","seed_source_timestamp":43249066112499,"circlet_count":0,"master_deck":["AscendersBane","Survivor","Neutralize","Infinite Blades","Poisoned Stab","All Out Attack","Predator","Catalyst","Footwork+1","Doppelganger","Backflip","Adrenaline","PiercingWail","Deadly Poison","Dagger Spray","Poisoned Stab","Bouncing Flask","Backflip","Adrenaline","Deflect","Burst","Backflip","Footwork+1","Apotheosis","Footwork"],"relics":["Pandora\u0027s Box","Golden Idol","Tiny Chest","Art of War","Singing Bowl","Eternal Feather"],"potions_floor_usage":[13,16,16,21,22,22,24],"damage_taken":[{"damage":0,"enemies":"Cultist","floor":1,"turns":3},{"damage":0,"enemies":"Jaw Worm","floor":2,"turns":4},{"damage":7,"enemies":"Small Slimes","floor":7,"turns":3},{"damage":14,"enemies":"Gremlin Nob","floor":8,"turns":4},{"damage":7,"enemies":"Blue Slaver","floor":11,"turns":3},{"damage":0,"enemies":"Lots of Slimes","floor":12,"turns":1},{"damage":22,"enemies":"Lagavulin","floor":13,"turns":4},{"damage":0,"enemies":"Exordium Wildlife","floor":14,"turns":2},{"damage":5,"enemies":"The Guardian","floor":16,"turns":6},{"damage":25,"enemies":"2 Thieves","floor":18,"turns":4},{"damage":14,"enemies":"Shell Parasite","floor":21,"turns":3},{"damage":7,"enemies":"Chosen and Byrds","floor":22,"turns":3},{"damage":56,"enemies":"Gremlin Leader","floor":24,"turns":4}],"seed_played":"13594735423784423","potions_obtained":[{"floor":7,"key":"Weak Potion"},{"floor":11,"key":"AttackPotion"},{"floor":14,"key":"EntropicBrew"}],"is_trial":false,"path_per_floor":["M","M","?","$","?","R","M","E","T","R","M","M","E","M","R","B",null,"M","?","$","M","M","R","E"],"character_chosen":"THE_SILENT","items_purchased":["Deadly Poison","Dagger Spray","Apotheosis","Footwork"],"campfire_rested":3,"item_purchase_floors":[4,4,20,20],"current_hp_per_floor":[59,59,59,59,59,59,52,38,38,57,50,50,28,28,47,42,60,35,35,35,23,18,54,0],"gold":65,"neow_bonus":"BOSS_RELIC","is_prod":false,"is_daily":false,"chose_seed":false,"campfire_upgraded":1,"win_rate":0,"timestamp":1558670906,"path_taken":["M","M","?","$","?","R","M","E","T","R","M","?","E","M","R","BOSS","M","?","$","M","M","R","E"],"build_version":"2019-01-23","purchased_purges":1,"victory":false,"max_hp_per_floor":[66,66,66,66,66,66,66,66,66,66,66,66,66,66,66,66,66,66,66,66,68,70,70,70],"card_choices":[{"not_picked":["Deflect","Choke"],"picked":"PiercingWail","floor":1},{"not_picked":["Reflex","Dagger Throw","All Out Attack"],"picked":"SKIP","floor":2},{"not_picked":["Bane","Underhanded Strike"],"picked":"Poisoned Stab","floor":7},{"not_picked":["Unload","Slice"],"picked":"Bouncing Flask","floor":8},{"not_picked":["Infinite Blades","Blade Dance"],"picked":"Backflip","floor":11},{"not_picked":["Blade Dance","Flying Knee","Concentrate"],"picked":"SKIP","floor":12},{"not_picked":["Bane","Backstab"],"picked":"Adrenaline","floor":13},{"not_picked":["Concentrate","Cloak And Dagger"],"picked":"Deflect","floor":14},{"not_picked":["Tools of the Trade","Venomology"],"picked":"Burst","floor":16},{"not_picked":["Caltrops","Eviscerate"],"picked":"Backflip","floor":18},{"not_picked":["Footwork","Finisher+1","Dagger Spray"],"picked":"Singing Bowl","floor":21},{"not_picked":["Cloak And Dagger","Quick Slash","Sucker Punch"],"picked":"Singing Bowl","floor":22}],"player_experience":657863,"relics_obtained":[{"floor":8,"key":"Tiny Chest"},{"floor":9,"key":"Art of War"},{"floor":13,"key":"Singing Bowl"}],"event_choices":[{"damage_healed":0,"gold_gain":0,"player_choice":"Take Wound","damage_taken":0,"relics_obtained":["Golden Idol"],"max_hp_gain":0,"max_hp_loss":0,"event_name":"Golden Idol","floor":3,"gold_loss":0,"cards_obtained":["Injury"]},{"cards_removed":["Injury"],"damage_healed":0,"gold_gain":0,"player_choice":"Removed Curses","damage_taken":0,"max_hp_gain":0,"max_hp_loss":0,"event_name":"Fountain of Cleansing","floor":5,"gold_loss":0},{"damage_healed":0,"gold_gain":0,"player_choice":"Copied","damage_taken":0,"max_hp_gain":0,"max_hp_loss":0,"event_name":"Duplicator","floor":19,"gold_loss":0,"cards_obtained":["Footwork"]}],"is_beta":false,"boss_relics":[{"not_picked":["Astrolabe","Velvet Choker"],"picked":"Eternal Feather"}],"items_purged_floors":[20],"is_endless":false,"potions_floor_spawned":[7,11,14],"killed_by":"Gremlin Leader","ascension_level":15}