{"gold_per_floor":[11,23,35,35,50,80,91,9,58,73,73,97,111,142,142,242,242,254,269,269,7,21,55,55,86,86,119,138,149,160,176,176,176],"floor_reached":33,"playtime":4372,"items_purged":[],"score":373,"play_id":"7fa434a6-d6dc-4868-91b6-317ea993116f","local_time":"20190407181252","is_ascension_mode":false,"campfire_choices":[{"data":"Blood for Blood","floor":11,"key":"SMITH"},{"data":"Feed","floor":15,"key":"SMITH"},{"data":"Thinking Ahead","floor":24,"key":"SMITH"},{"data":"Double Tap","floor":32,"key":"SMITH"}],"neow_cost":"NO_GOLD","seed_source_timestamp":2866079976848162,"circlet_count":0,"master_deck":["Strike_R","Strike_R+1","Strike_R","Strike_R","Strike_R","Defend_R+1","Defend_R","Defend_R","Defend_R","Bash","Iron Wave","Flex","Spot Weakness","Blood for Blood+1","Feed+1","Bloodletting","Good Instincts","Flex","Rage","Combust","Bludgeon","Combust","Twin Strike","Thinking Ahead+1","Flash of Steel","Blood for Blood+1","Juggernaut","Twin Strike","Flex+1","Flex+1","Flame Barrier+1","Double Tap+1"],"relics":["Burning Blood","Magic Flower","Calipers","Centennial Puzzle","Red Skull","Pantograph","Cursed Key","Lantern","Dream Catcher","Self Forming Clay"],"potions_floor_usage":[10,14,18,23,23,25,25,30,33,33,33],"damage_taken":[{"damage":0,"enemies":"Small Slimes","floor":1,"turns":3},{"damage":5,"enemies":"Jaw Worm","floor":2,"turns":4},{"damage":1,"enemies":"2 Louse","floor":3,"turns":2},{"damage":8,"enemies":"Red Slaver","floor":5,"turns":3},{"damage":15,"enemies":"3 Sentries","floor":6,"turns":8},{"damage":8,"enemies":"Lots of Slimes","floor":7,"turns":4},{"damage":0,"enemies":"Looter","floor":10,"turns":4},{"damage":7,"enemies":"2 Fungi Beasts","floor":13,"turns":3},{"damage":10,"enemies":"Lagavulin","floor":14,"turns":6},{"damage":58,"enemies":"The Guardian","floor":16,"turns":9},{"damage":15,"enemies":"3 Byrds","floor":18,"turns":5},{"damage":0,"enemies":"Chosen","floor":19,"turns":4},{"damage":45,"enemies":"Sentry and Sphere","floor":22,"turns":6},{"damage":28,"enemies":"Slavers","floor":23,"turns":4},{"damage":31,"enemies":"Gremlin Leader","floor":25,"turns":5},{"damage":13,"enemies":"Book of Stabbing","floor":27,"turns":3},{"damage":0,"enemies":"Snake Plant","floor":28,"turns":2},{"damage":6,"enemies":"Centurion and Healer","floor":29,"turns":3},{"damage":17,"enemies":"Snecko","floor":30,"turns":6},{"damage":11,"enemies":"Shelled Parasite and Fungi","floor":31,"turns":3},{"damage":104,"enemies":"Collector","floor":33,"turns":10}],"seed_played":"-7409515947140196232","potions_obtained":[{"floor":2,"key":"Regen Potion"},{"floor":6,"key":"FearPotion"},{"floor":10,"key":"EssenceOfSteel"},{"floor":13,"key":"Energy Potion"},{"floor":14,"key":"SteroidPotion"},{"floor":20,"key":"EssenceOfSteel"},{"floor":23,"key":"EssenceOfSteel"},{"floor":25,"key":"GamblersBrew"},{"floor":27,"key":"Block Potion"},{"floor":30,"key":"Energy Potion"},{"floor":31,"key":"SpeedPotion"}],"is_trial":false,"path_per_floor":["M","M","M","?","M","E","M","$","T","M","R","T","M","E","R","B",null,"M","M","?","$","M","E","R","E","T","E","M","M","M","M","R","B"],"character_chosen":"IRONCLAD","items_purchased":["Good Instincts","Thinking Ahead","Flash of Steel"],"campfire_rested":0,"item_purchase_floors":[8,21,21],"current_hp_per_floor":[80,80,80,64,65,59,65,65,65,74,74,74,76,80,80,37,86,80,86,86,86,56,62,62,40,40,36,45,54,46,50,50,0],"gold":176,"neow_bonus":"ONE_RARE_RELIC","is_prod":false,"is_daily":false,"chose_seed":false,"campfire_upgraded":4,"win_rate":0.0,"timestamp":1554675172,"path_taken":["M","M","M","?","M","E","M","$","T","M","R","?","M","E","R","BOSS","M","M","?","$","M","E","R","E","T","E","M","?","M","M","R","BOSS"],"build_version":"2019-01-23","purchased_purges":0,"victory":false,"max_hp_per_floor":[80,80,80,80,80,80,83,83,83,83,83,83,83,86,86,86,86,86,86,86,86,90,94,94,94,94,94,94,98,98,102,102,102],"card_choices":[{"not_picked":["Body Slam","Armaments"],"picked":"Iron Wave","floor":1},{"not_picked":["Heavy Blade","True Grit"],"picked":"Flex","floor":2},{"not_picked":["Clash","Blood for Blood"],"picked":"Spot Weakness","floor":3},{"not_picked":["Burning Pact","Carnage"],"picked":"Blood for Blood","floor":5},{"not_picked":["Clothesline","Heavy Blade"],"picked":"Feed","floor":6},{"not_picked":["Anger","Sever Soul"],"picked":"Bloodletting","floor":7},{"not_picked":["Body Slam","Corruption"],"picked":"Flex","floor":10},{"not_picked":["Iron Wave","Headbutt"],"picked":"Rage","floor":13},{"not_picked":["Burning Pact","Carnage"],"picked":"Combust","floor":14},{"not_picked":["Fiend Fire","Feed"],"picked":"Bludgeon","floor":16},{"not_picked":["Cleave+1","Body Slam"],"picked":"Combust","floor":18},{"not_picked":["Sword Boomerang","Burning Pact+1"],"picked":"Twin Strike","floor":19},{"not_picked":["Cleave","Headbutt"],"picked":"Blood for Blood+1","floor":22},{"not_picked":["Intimidate","Warcry"],"picked":"Juggernaut","floor":23},{"not_picked":["Headbutt","Shrug It Off"],"picked":"Twin Strike","floor":25},{"not_picked":["Shrug It Off+1","Battle Trance"],"picked":"Flex+1","floor":27},{"not_picked":["Bloodletting","Shrug It Off"],"picked":"Flex+1","floor":28},{"not_picked":["Feel No Pain","Clothesline"],"picked":"Flame Barrier+1","floor":29},{"not_picked":["Warcry","Second Wind"],"picked":"Double Tap","floor":30},{"not_picked":["Perfected Strike","True Grit+1","Flex"],"picked":"SKIP","floor":31}],"player_experience":18047,"relics_obtained":[{"floor":6,"key":"Calipers"},{"floor":9,"key":"Centennial Puzzle"},{"floor":12,"key":"Red Skull"},{"floor":14,"key":"Pantograph"},{"floor":23,"key":"Lantern"},{"floor":25,"key":"Dream Catcher"},{"floor":27,"key":"Self Forming Clay"}],"event_choices":[{"damage_healed":0,"gold_gain":0,"player_choice":"Entered Light","damage_taken":16,"max_hp_gain":0,"max_hp_loss":0,"event_name":"Shining Light","floor":4,"gold_loss":0,"cards_upgraded":["Defend_R","Strike_R"]},{"damage_healed":0,"gold_gain":0,"player_choice":"Got Potions","damage_taken":0,"max_hp_gain":0,"max_hp_loss":0,"event_name":"Lab","floor":20,"gold_loss":0}],"is_beta":false,"boss_relics":[{"not_picked":["Empty Cage","Calling Bell"],"picked":"Cursed Key"}],"items_purged_floors":[],"is_endless":false,"potions_floor_spawned":[2,6,10,13,14,23,25,27,30,31],"killed_by":"Collector","ascension_level":0}