{"gold_per_floor":[111,124,124,124,124,124,151,162,162,178,189,189,189,15,15,113,113,87,99,99,112,124,124,142,153,177,177,188,206,224,43,43,142,142,158,177,177,177,191,191,210,210,210,210,229,229,245,245,245,245],"floor_reached":51,"playtime":4566,"items_purged":["Regret","Injury"],"score":781,"play_id":"628dc859-7b09-4577-9487-f46be3340439","local_time":"20181113012109","is_ascension_mode":true,"campfire_choices":[{"data":"Dualcast","floor":6.0,"key":"SMITH"},{"data":"Leap","floor":13.0,"key":"SMITH"},{"data":"Go for the Eyes","floor":15.0,"key":"SMITH"},{"floor":23.0,"key":"REST"},{"data":"Buffer","floor":27.0,"key":"SMITH"},{"data":"Loop","floor":32.0,"key":"SMITH"},{"floor":40.0,"key":"REST"},{"floor":46.0,"key":"REST"},{"floor":49.0,"key":"REST"}],"neow_cost":"NONE","seed_source_timestamp":520431279612880,"circlet_count":0,"master_deck":["Strike_B","Strike_B+1","Strike_B","Defend_B","Defend_B","Defend_B","Defend_B","Zap+1","Dualcast+1","Go for the Eyes+1","Chill+1","Leap+1","Glacier","Conserve Battery","Beam Cell+1","Barrage+1","Cold Snap+1","Buffer+1","Ball Lightning+1","Barrage+1","Reinforced Body+1","Steam+1","Blizzard+1","Go for the Eyes+1","Loop+1","Conserve Battery","Discovery","Echo Form","White Noise+1","Cold Snap+1","White Noise","Capacitor","Writhe","Parasite","Hologram+1","Undo+1","Apotheosis"],"special_seed":0,"relics":["Cracked Core","NeowsBlessing","Ornamental Fan","Molten Egg 2","Question Card","Cursed Key","Juzu Bracelet","Nuclear Battery"],"potions_floor_usage":[50,50],"damage_taken":[{"damage":0.0,"enemies":"2 Louse","floor":1.0,"turns":1.0},{"damage":0.0,"enemies":"Jaw Worm","floor":2.0,"turns":1.0},{"damage":0.0,"enemies":"Gremlin Nob","floor":7.0,"turns":1.0},{"damage":0.0,"enemies":"Cultist","floor":8.0,"turns":3.0},{"damage":6.0,"enemies":"Large Slime","floor":10.0,"turns":9.0},{"damage":0.0,"enemies":"Exordium Thugs","floor":11.0,"turns":7.0},{"damage":10.0,"enemies":"Hexaghost","floor":16.0,"turns":11.0},{"damage":11.0,"enemies":"2 Thieves","floor":18.0,"turns":5.0},{"damage":0.0,"enemies":"Spheric Guardian","floor":19.0,"turns":4.0},{"damage":10.0,"enemies":"Snake Plant","floor":21.0,"turns":4.0},{"damage":11.0,"enemies":"Snecko","floor":22.0,"turns":5.0},{"damage":0.0,"enemies":"Centurion and Healer","floor":24.0,"turns":6.0},{"damage":4.0,"enemies":"Snake Plant","floor":25.0,"turns":5.0},{"damage":12.0,"enemies":"Shelled Parasite and Fungi","floor":28.0,"turns":5.0},{"damage":0.0,"enemies":"Sentry and Sphere","floor":29.0,"turns":6.0},{"damage":0.0,"enemies":"Cultist and Chosen","floor":30.0,"turns":6.0},{"damage":1.0,"enemies":"Champ","floor":33.0,"turns":12.0},{"damage":7.0,"enemies":"3 Darklings","floor":35.0,"turns":8.0},{"damage":26.0,"enemies":"3 Shapes","floor":36.0,"turns":3.0},{"damage":10.0,"enemies":"Spire Growth","floor":39.0,"turns":6.0},{"damage":20.0,"enemies":"4 Shapes","floor":41.0,"turns":7.0},{"damage":29.0,"enemies":"Writhing Mass","floor":45.0,"turns":11.0},{"damage":36.0,"enemies":"Jaw Worm Horde","floor":47.0,"turns":7.0},{"damage":27,"enemies":"Awakened One","floor":50,"turns":20}],"seed_played":"-8872796654179505109","potions_obtained":[{"floor":7.0,"key":"Dexterity Potion"},{"floor":8.0,"key":"EssenceOfSteel"},{"floor":10.0,"key":"Block Potion"},{"floor":19.0,"key":"Fire Potion"},{"floor":20.0,"key":"FocusPotion"},{"floor":28.0,"key":"Strength Potion"},{"floor":33.0,"key":"SkillPotion"},{"floor":47.0,"key":"Fire Potion"}],"is_trial":false,"path_per_floor":["M","M","?","?","?","R","E","M","T","M","M","?","R","$","R","B",null,"M","M","?","M","M","R","M","M","T","R","M","M","M","$","R","B",null,"M","M","?","?","M","R","M","?","T","?","M","R","M","?","R","B",null],"character_chosen":"DEFECT","items_purchased":["Barrage+1","Cold Snap+1","Discovery"],"campfire_rested":4,"item_purchase_floors":[14,14,31],"current_hp_per_floor":[75,75,60,60,60,60,60,60,60,54,54,54,54,54,54,44,75,64,64,64,54,43,65,65,61,61,61,49,49,49,49,49,48,75,68,42,42,42,32,54,34,34,34,53,24,46,10,10,32,5],"gold":245,"neow_bonus":"THREE_ENEMY_KILL","is_prod":false,"is_daily":false,"chose_seed":false,"campfire_upgraded":5,"win_rate":0,"timestamp":1542090069,"path_taken":["M","M","?","?","?","R","E","M","T","M","?","?","R","$","R","BOSS","M","M","?","M","M","R","?","M","T","R","M","M","M","$","R","BOSS","M","M","?","?","M","R","M","?","T","?","M","R","M","?","R","BOSS"],"build_version":"2018-11-08","purchased_purges":2,"victory":true,"max_hp_per_floor":[75,75,75,75,75,75,75,75,75,75,75,75,75,75,75,75,75,75,75,75,75,75,75,75,75,75,75,75,75,75,75,75,75,75,75,75,75,75,75,75,75,75,75,75,75,75,75,75,75,75],"card_choices":[{"not_picked":["Stack","Chill"],"picked":"Go for the Eyes","floor":1.0},{"not_picked":["Storm","Genetic Algorithm"],"picked":"Chill","floor":2.0},{"not_picked":["Doom and Gloom","Turbo"],"picked":"Leap","floor":7.0},{"not_picked":["Sweeping Beam","Beam Cell"],"picked":"Glacier","floor":8.0},{"not_picked":["Leap","Stack"],"picked":"Conserve Battery","floor":10.0},{"not_picked":["Rebound+1","Redo"],"picked":"Beam Cell+1","floor":11.0},{"not_picked":["Biased Cognition","Echo Form","Thunder Strike+1"],"picked":"Buffer","floor":16.0},{"not_picked":["Genetic Algorithm","Compile Driver+1","Fusion"],"picked":"Ball Lightning+1","floor":18.0},{"not_picked":["Sweeping Beam+1","Streamline+1","Redo"],"picked":"Barrage+1","floor":19.0},{"not_picked":["Streamline+1","Beam Cell+1","Rip and Tear+1"],"picked":"Cold Snap+1","floor":21.0},{"not_picked":["Stack","Ball Lightning+1","Machine Learning"],"picked":"Reinforced Body+1","floor":22.0},{"not_picked":["Barrage+1","Leap","Cold Snap+1"],"picked":"Steam+1","floor":24.0},{"not_picked":["Darkness+1","Glacier","Hello World"],"picked":"Blizzard+1","floor":25.0},{"not_picked":["Darkness","Streamline+1","Sweeping Beam+1"],"picked":"Go for the Eyes+1","floor":28.0},{"not_picked":["Genetic Algorithm+1","Conserve Battery","Gash+1"],"picked":"Loop","floor":29.0},{"not_picked":["Go for the Eyes+1","Beam Cell+1","Steam"],"picked":"Conserve Battery","floor":30.0},{"not_picked":["Buffer","Fission","Amplify"],"picked":"Echo Form","floor":33.0},{"not_picked":["Cold Snap+1","Chaos","Stack+1"],"picked":"White Noise+1","floor":35.0},{"not_picked":["Leap","Conserve Battery+1","Stack"],"picked":"Cold Snap+1","floor":36.0},{"not_picked":["Barrage+1","Darkness","Sweeping Beam+1"],"picked":"White Noise","floor":39.0},{"not_picked":["Doom and Gloom+1","Sunder+1","Coolheaded"],"picked":"Capacitor","floor":41.0},{"not_picked":["Beam Cell+1","Cold Snap+1","Coolheaded"],"picked":"Hologram+1","floor":45.0},{"not_picked":["Stack","Streamline+1","Genetic Algorithm+1"],"picked":"Undo+1","floor":47.0},{"not_picked":["Dramatic Entrance+1","Forethought","Secret Technique"],"picked":"Apotheosis","floor":48.0}],"player_experience":151212,"relics_obtained":[{"floor":7.0,"key":"Ornamental Fan"},{"floor":9.0,"key":"Molten Egg 2"},{"floor":26.0,"key":"Juzu Bracelet"}],"event_choices":[{"damage_healed":0.0,"max_hp_gain":0.0,"max_hp_loss":0.0,"gold_gain":0.0,"event_name":"Shining Light","player_choice":"Entered Light","floor":3.0,"gold_loss":0.0,"damage_taken":15.0,"cards_upgraded":["Chill","Strike_B"]},{"damage_healed":0.0,"max_hp_gain":0.0,"max_hp_loss":0.0,"gold_gain":0.0,"event_name":"Living Wall","player_choice":"Grow","floor":4.0,"gold_loss":0.0,"damage_taken":0.0,"cards_upgraded":["Zap"]},{"cards_removed":["Strike_B"],"damage_healed":0.0,"max_hp_gain":0.0,"max_hp_loss":0.0,"gold_gain":0.0,"event_name":"Purifier","player_choice":"Purged","floor":5.0,"gold_loss":0.0,"damage_taken":0.0},{"damage_healed":0.0,"max_hp_gain":0.0,"max_hp_loss":0.0,"gold_gain":0.0,"event_name":"Big Fish","player_choice":"Box","floor":12.0,"gold_loss":0.0,"damage_taken":0.0,"relics_obtained":["Question Card"],"cards_obtained":["Regret"]},{"damage_healed":0.0,"max_hp_gain":0.0,"max_hp_loss":0.0,"gold_gain":0.0,"event_name":"Lab","player_choice":"Got Potions","floor":20.0,"gold_loss":0.0,"damage_taken":0.0},{"cards_removed":["Cold Snap"],"damage_healed":0.0,"max_hp_gain":0.0,"max_hp_loss":0.0,"gold_gain":0.0,"event_name":"Falling","player_choice":"Removed Attack","floor":37.0,"gold_loss":0.0,"damage_taken":0.0},{"damage_healed":0.0,"max_hp_gain":0.0,"max_hp_loss":0.0,"gold_gain":0.0,"event_name":"FaceTrader","player_choice":"Leave","floor":38.0,"gold_loss":0.0,"damage_taken":0.0},{"damage_healed":0.0,"max_hp_gain":0.0,"max_hp_loss":0.0,"gold_gain":0.0,"event_name":"Mysterious Sphere","player_choice":"Ignored","floor":42.0,"gold_loss":0.0,"damage_taken":0.0},{"damage_healed":19.0,"max_hp_gain":0.0,"max_hp_loss":0.0,"gold_gain":0.0,"event_name":"Winding Halls","player_choice":"Writhe","floor":44.0,"gold_loss":0.0,"damage_taken":0.0,"cards_obtained":["Writhe"]},{"damage_healed":0.0,"max_hp_gain":0.0,"max_hp_loss":0.0,"gold_gain":0.0,"event_name":"SensoryStone","player_choice":"Memory 1","floor":48.0,"gold_loss":0.0,"damage_taken":0.0}],"is_beta":false,"boss_relics":[{"not_picked":["White Beast Statue","Eternal Feather"],"picked":"Cursed Key"},{"not_picked":["FrozenCore","Tiny House"],"picked":"Nuclear Battery"}],"items_purged_floors":[14,31],"is_endless":false,"potions_floor_spawned":[7,8,10,19,28,33,35,47],"ascension_level":4}