{"gold_per_floor":[12,87,87,103,123,123,141,116,116,38,71,30,30,305,305,305],"floor_reached":16,"playtime":1037,"items_purged":[],"score":110,"play_id":"d9d76f12-fea9-4c7b-9470-766bd49d6481","local_time":"20180926144604","is_ascension_mode":true,"campfire_choices":[{"data":"Zap","floor":6,"key":"SMITH"},{"floor":15,"key":"REST"}],"neow_cost":"NO_GOLD","seed_source_timestamp":123095956348338,"circlet_count":0,"master_deck":["Strike_B","Strike_B","Strike_B","Strike_B","Defend_B","Defend_B","Defend_B","Defend_B","Zap+1","Dualcast","Conserve Battery","Chill+1","Stack","Hologram","Capacitor+1","Defragment","Core Surge+1","Go for the Eyes+1","Regret"],"relics":["Cracked Core","Bird Faced Urn","PreservedInsect","Molten Egg 2","The Courier"],"potions_floor_usage":[16,16],"damage_taken":[{"damage":3,"enemies":"Small Slimes","floor":1,"turns":3},{"damage":1,"enemies":"Cultist","floor":4,"turns":3},{"damage":0,"enemies":"2 Louse","floor":5,"turns":2},{"damage":0,"enemies":"Blue Slaver","floor":7,"turns":3},{"damage":2,"enemies":"Exordium Thugs","floor":8,"turns":5},{"damage":11,"enemies":"Lagavulin","floor":11,"turns":6},{"damage":59,"enemies":"Slime Boss","floor":16,"turns":9}],"seed_played":"3915642167673505792","potions_obtained":[{"floor":1,"key":"Weak Potion"},{"floor":7,"key":"LiquidBronze"}],"is_trial":false,"path_per_floor":["M","?","?","M","M","R","M","M","T","$","E","$","?","?","R"],"character_chosen":"DEFECT","items_purchased":["Defragment","Go for the Eyes+1"],"campfire_rested":1,"item_purchase_floors":[10,12],"current_hp_per_floor":[72,61,54,53,53,53,53,51,51,51,42,42,27,27,49,0],"gold":305,"neow_bonus":"ONE_RARE_RELIC","is_prod":false,"is_daily":false,"chose_seed":false,"campfire_upgraded":1,"win_rate":0,"timestamp":1537987564,"path_taken":["M","?","?","M","?","R","M","M","T","$","E","$","?","?","R","BOSS"],"build_version":"2018-09-20","purchased_purges":0,"victory":false,"max_hp_per_floor":[75,75,75,75,75,75,75,75,75,75,75,75,75,75,75,75],"card_choices":[{"not_picked":["Doom and Gloom","Turbo"],"picked":"Conserve Battery","floor":1},{"not_picked":["Hologram","Coolheaded"],"picked":"Chill","floor":4},{"not_picked":["Streamline","Barrage"],"picked":"Stack","floor":5},{"not_picked":["Aggregate","Scrape"],"picked":"Hologram","floor":7},{"not_picked":["Sweeping Beam","Self Repair"],"picked":"Capacitor","floor":8},{"not_picked":["Storm","White Noise"],"picked":"Core Surge+1","floor":11}],"player_experience":85798,"relics_obtained":[{"floor":9,"key":"Molten Egg 2"},{"floor":11,"key":"The Courier"}],"event_choices":[{"event_name":"World of Goop","player_choice":"Gather Gold","floor":2,"damage_taken":0},{"event_name":"Scrap Ooze","player_choice":"success","floor":3,"damage_taken":7},{"event_name":"Shining Light","player_choice":"Entered Light","floor":13,"damage_taken":0},{"event_name":"Golden Shrine","player_choice":"Desecrate","floor":14,"damage_taken":0}],"is_beta":false,"boss_relics":[],"items_purged_floors":[],"is_endless":false,"potions_floor_spawned":[1,7],"killed_by":"Slime Boss","ascension_level":2}