{"gold_per_floor":[114,114,129,19,34,64,79,79,159,159,174,174,74,104,104,204,204,204,204,37,7,7,7,7,7,7,7,7,7,7,7,7,7,7,7,7,7,7,7,7,7,7,7,7,7,7,7,7,7,7],"floor_reached":51,"playtime":4170,"items_purged":["Strike_G","Defend_G"],"score":802,"play_id":"f1b6a11f-3c17-4cf9-990c-5e91349b3fa3","local_time":"20190504210322","daily_mods":["Heirloom","Colorless Cards","DeadlyEvents"],"is_ascension_mode":false,"campfire_choices":[{"data":"Well Laid Plans","floor":8,"key":"SMITH"},{"floor":10,"key":"REST"},{"data":"Neutralize","floor":12,"key":"SMITH"},{"data":"Bandage Up","floor":15,"key":"SMITH"},{"data":"Secret Technique","floor":25,"key":"SMITH"},{"floor":29,"key":"REST"},{"floor":32,"key":"REST"},{"data":"Apotheosis","floor":42,"key":"SMITH"},{"floor":49,"key":"REST"}],"neow_cost":"","seed_source_timestamp":0,"circlet_count":0,"master_deck":["Defend_G","Defend_G","Defend_G","Defend_G","Strike_G","Strike_G","Strike_G","Strike_G+1","Survivor+1","Neutralize+1","Quick Slash+1","Acrobatics","Infinite Blades","Backstab+1","Flying Knee","Well Laid Plans+1","Underhanded Strike","Bandage Up+1","Corpse Explosion","Crippling Poison+1","Secret Technique+1","Finisher+1","Deep Breath+1","Noxious Fumes+1","Tactician","Poisoned Stab","Apotheosis+1","Expertise","Sucker Punch+1","Master of Strategy","Backflip","Heel Hook+1"],"special_seed":18021,"relics":["Ring of the Snake","The Specimen","Whetstone","Tiny Chest","Gremlin Horn","Ectoplasm","WingedGreaves","Unceasing Top","MawBank","Anchor","Philosopher\u0027s Stone","Mercury Hourglass","Bag of Preparation","Shovel","Sundial"],"potions_floor_usage":[47,50,50],"damage_taken":[{"damage":2,"enemies":"Small Slimes","floor":1,"turns":4},{"damage":1,"enemies":"Jaw Worm","floor":3,"turns":4},{"damage":0,"enemies":"2 Louse","floor":5,"turns":2},{"damage":16,"enemies":"3 Sentries","floor":6,"turns":11},{"damage":2,"enemies":"Exordium Thugs","floor":7,"turns":4},{"damage":0,"enemies":"Blue Slaver","floor":11,"turns":2},{"damage":7,"enemies":"Gremlin Nob","floor":14,"turns":4},{"damage":22,"enemies":"Slime Boss","floor":16,"turns":9},{"damage":0,"enemies":"3 Byrds","floor":18,"turns":2},{"damage":12,"enemies":"2 Thieves","floor":21,"turns":2},{"damage":6,"enemies":"Chosen and Byrds","floor":22,"turns":3},{"damage":27,"enemies":"Book of Stabbing","floor":23,"turns":5},{"damage":10,"enemies":"Shelled Parasite and Fungi","floor":24,"turns":5},{"damage":18,"enemies":"Slavers","floor":27,"turns":3},{"damage":0,"enemies":"Cultist and Chosen","floor":31,"turns":4},{"damage":50,"enemies":"Champ","floor":33,"turns":9},{"damage":4,"enemies":"Orb Walker","floor":35,"turns":3},{"damage":0,"enemies":"3 Shapes","floor":36,"turns":1},{"damage":12,"enemies":"Transient","floor":38,"turns":5},{"damage":0,"enemies":"Sphere and 2 Shapes","floor":39,"turns":3},{"damage":19,"enemies":"Nemesis","floor":40,"turns":7},{"damage":37,"enemies":"Writhing Mass","floor":47,"turns":4},{"damage":6,"enemies":"Transient","floor":48,"turns":5},{"damage":30,"enemies":"Donu and Deca","floor":50,"turns":5}],"seed_played":"1627038229609415699","potions_obtained":[{"floor":3,"key":"SkillPotion"},{"floor":11,"key":"SteroidPotion"},{"floor":14,"key":"Block Potion"},{"floor":18,"key":"Ancient Potion"},{"floor":31,"key":"Regen Potion"},{"floor":36,"key":"Swift Potion"},{"floor":48,"key":"Energy Potion"}],"is_trial":false,"path_per_floor":["M","?","M","$","M","E","M","R","T","R","M","R","$","E","R","B",null,"M","?","$","M","M","E","M","R","T","E","$","R","$","M","R","B",null,"M","M","T","M","M","E","?","R","T","$","T","$","M","M","R","B",null],"character_chosen":"THE_SILENT","items_purchased":["Infinite Blades","Secret Technique"],"campfire_rested":4,"item_purchase_floors":[4,20],"current_hp_per_floor":[68,54,53,53,53,37,35,35,35,56,56,56,56,49,49,33,70,70,70,70,58,58,37,33,33,33,21,21,42,42,48,69,24,70,70,70,70,64,70,57,57,57,57,57,57,57,35,35,56,32],"gold":7,"neow_bonus":"","is_prod":false,"is_daily":true,"chose_seed":false,"campfire_upgraded":5,"win_rate":0,"timestamp":1557021802,"path_taken":["M","?","M","$","M","E","M","R","T","R","M","R","$","E","R","BOSS","M","?","?","?","M","E","M","R","T","?","?","R","?","M","R","BOSS","M","M","?","?","M","E","?","R","T","$","?","$","M","M","R","BOSS"],"build_version":"2019-01-23","purchased_purges":2,"victory":true,"max_hp_per_floor":[70,70,70,70,70,70,70,70,70,70,70,70,70,70,70,70,70,70,70,70,70,70,70,70,70,70,70,70,70,70,70,70,70,70,70,70,70,70,70,70,70,70,70,70,70,70,70,70,70,70],"card_choices":[{"not_picked":["Deflect","Riddle With Holes"],"picked":"Quick Slash","floor":1},{"not_picked":["Dash","Outmaneuver"],"picked":"Acrobatics","floor":3},{"not_picked":["Good Instincts","Distraction"],"picked":"Backstab","floor":5},{"not_picked":["Cloak And Dagger","Masterful Stab"],"picked":"Flying Knee","floor":6},{"not_picked":["Expertise","Dagger Spray"],"picked":"Well Laid Plans","floor":7},{"not_picked":["Expertise","Blade Dance"],"picked":"Underhanded Strike","floor":11},{"not_picked":["Masterful Stab","Deflect"],"picked":"Bandage Up","floor":14},{"not_picked":["Adrenaline","Glass Knife"],"picked":"Corpse Explosion","floor":16},{"not_picked":["Backflip","Forethought"],"picked":"Crippling Poison+1","floor":18},{"not_picked":["Quick Slash","Slice"],"picked":"Finisher+1","floor":21},{"not_picked":["Dagger Spray","Backflip"],"picked":"Deep Breath+1","floor":22},{"not_picked":["Distraction","Caltrops"],"picked":"Backflip","floor":23},{"not_picked":["Quick Slash","Acrobatics"],"picked":"Noxious Fumes+1","floor":24},{"not_picked":["Deflect","Endless Agony+1"],"picked":"Tactician","floor":27},{"not_picked":["PiercingWail","Blade Dance"],"picked":"Poisoned Stab","floor":31},{"not_picked":["Envenom","Phantasmal Killer"],"picked":"Apotheosis","floor":33},{"not_picked":["Deflect","Blind"],"picked":"Expertise","floor":35},{"not_picked":["Slice","Outmaneuver+1","Dodge and Roll+1"],"picked":"SKIP","floor":36},{"not_picked":["Poisoned Stab","Slice","Prepared"],"picked":"SKIP","floor":38},{"not_picked":["Well Laid Plans","Deadly Poison"],"picked":"Sucker Punch+1","floor":39},{"not_picked":["Backstab+1","Poisoned Stab+1"],"picked":"Master of Strategy","floor":40},{"not_picked":["Deadly Poison","Cloak And Dagger+1"],"picked":"Backflip","floor":47},{"not_picked":["All Out Attack+1","Caltrops"],"picked":"Heel Hook+1","floor":48}],"player_experience":167314,"relics_obtained":[{"floor":6,"key":"Whetstone"},{"floor":9,"key":"Tiny Chest"},{"floor":14,"key":"Gremlin Horn"},{"floor":23,"key":"Unceasing Top"},{"floor":26,"key":"MawBank"},{"floor":27,"key":"Anchor"},{"floor":37,"key":"Mercury Hourglass"},{"floor":40,"key":"Bag of Preparation"},{"floor":43,"key":"Shovel"},{"floor":45,"key":"Sundial"}],"event_choices":[{"damage_healed":0,"gold_gain":0,"player_choice":"Entered Light","damage_taken":14,"max_hp_gain":0,"max_hp_loss":0,"event_name":"Shining Light","floor":2,"gold_loss":0,"cards_upgraded":["Quick Slash","Survivor"]},{"damage_healed":0,"gold_gain":0,"player_choice":"Opened","damage_taken":0,"relics_obtained":["WingedGreaves"],"max_hp_gain":0,"max_hp_loss":0,"event_name":"The Mausoleum","floor":19,"gold_loss":0},{"cards_removed":["Backflip"],"damage_healed":0,"gold_gain":0,"player_choice":"Removed Skill","damage_taken":0,"max_hp_gain":0,"max_hp_loss":0,"event_name":"Falling","floor":41,"gold_loss":0}],"is_beta":false,"boss_relics":[{"not_picked":["White Beast Statue","Orrery"],"picked":"Ectoplasm"},{"not_picked":["Velvet Choker","Runic Dome"],"picked":"Philosopher\u0027s Stone"}],"items_purged_floors":[4,13],"is_endless":false,"potions_floor_spawned":[3,11,14,16,18,21,31,36,39,40,48],"ascension_level":0}