{"gold_per_floor":[115,115,125,142,108,108,126,138,190,190,200,200,226,236,236,332,332,343,353,367,137,137],"floor_reached":22,"playtime":1324,"items_purged":[],"score":190,"play_id":"24e47c3f-19e3-4e0d-a021-ee5034611537","local_time":"20190306221958","is_ascension_mode":false,"campfire_choices":[{"data":"Defragment","floor":6,"key":"SMITH"},{"floor":10,"key":"REST"},{"floor":12,"key":"REST"},{"floor":15,"key":"REST"}],"neow_cost":"TEN_PERCENT_HP_LOSS","seed_source_timestamp":1547588755010600,"circlet_count":0,"master_deck":["Strike_B","Strike_B","Defend_B","Defend_B","Defend_B","Zap","Dualcast","White Noise","Defragment+1","Tempest","Loop","Genetic Algorithm","Stack","White Noise","Fission","Coolheaded","Multi-Cast","Redo","Double Energy","Barrage+1","Defragment+1","Loop"],"relics":["Cracked Core","PreservedInsect","Question Card","Eternal Feather","DollysMirror"],"potions_floor_usage":[8,20],"damage_taken":[{"damage":10,"enemies":"Jaw Worm","floor":1,"turns":4},{"damage":8,"enemies":"Small Slimes","floor":3,"turns":3},{"damage":0,"enemies":"Cultist","floor":4,"turns":3},{"damage":8,"enemies":"Large Slime","floor":7,"turns":5},{"damage":20,"enemies":"Lots of Slimes","floor":8,"turns":4},{"damage":7,"enemies":"Looter","floor":11,"turns":3},{"damage":18,"enemies":"Gremlin Nob","floor":13,"turns":4},{"damage":0,"enemies":"2 Fungi Beasts","floor":14,"turns":1},{"damage":29,"enemies":"The Guardian","floor":16,"turns":10},{"damage":22,"enemies":"Spheric Guardian","floor":18,"turns":4},{"damage":28,"enemies":"3 Byrds","floor":19,"turns":5},{"damage":18,"enemies":"Centurion and Healer","floor":20,"turns":7},{"damage":30,"enemies":"Snecko","floor":22,"turns":3}],"seed_played":"5727889042518612309","potions_obtained":[{"floor":3,"key":"Fire Potion"},{"floor":11,"key":"SpeedPotion"},{"floor":16,"key":"Regen Potion"},{"floor":18,"key":"Swift Potion"}],"is_trial":false,"path_per_floor":["M","?","M","M","$","R","M","M","T","R","M","R","E","M","R","B",null,"M","M","M","$","M"],"character_chosen":"DEFECT","items_purchased":["Loop","DollysMirror","Loop"],"campfire_rested":3,"item_purchase_floors":[5,21,21],"current_hp_per_floor":[58,51,43,43,43,43,35,15,15,35,28,48,30,30,50,21,68,46,18,9,9,0],"gold":137,"neow_bonus":"REMOVE_TWO","is_prod":false,"is_daily":false,"chose_seed":false,"campfire_upgraded":1,"win_rate":0,"timestamp":1551932398,"path_taken":["M","?","M","M","$","R","M","M","T","R","M","R","E","M","R","BOSS","M","M","M","$","M"],"build_version":"2019-01-23","purchased_purges":0,"victory":false,"max_hp_per_floor":[68,68,68,68,68,68,68,68,68,68,68,68,68,68,68,68,68,68,68,68,68,68],"card_choices":[{"not_picked":["Steam","Stack"],"picked":"White Noise","floor":1},{"not_picked":["Streamline","Leap"],"picked":"Defragment","floor":3},{"not_picked":["Steam","Turbo"],"picked":"Tempest","floor":4},{"not_picked":["Sweeping Beam","Turbo"],"picked":"Genetic Algorithm","floor":7},{"not_picked":["Core Surge","Hello World"],"picked":"Stack","floor":8},{"not_picked":["Darkness","Barrage"],"picked":"White Noise","floor":11},{"not_picked":["Streamline","Sweeping Beam"],"picked":"Fission","floor":13},{"not_picked":["Darkness","Conserve Battery","Cold Snap"],"picked":"Coolheaded","floor":14},{"not_picked":["Reboot","Seek","Echo Form"],"picked":"Multi-Cast","floor":16},{"not_picked":["Scrape","Conserve Battery+1","Beam Cell"],"picked":"Redo","floor":18},{"not_picked":["Beam Cell","Streamline","Cold Snap"],"picked":"Double Energy","floor":19},{"not_picked":["FTL+1","Ball Lightning","Cold Snap"],"picked":"Barrage+1","floor":20}],"player_experience":102557,"relics_obtained":[{"floor":9,"key":"PreservedInsect"},{"floor":13,"key":"Question Card"}],"event_choices":[{"cards_removed":["Defend_B"],"damage_healed":0,"gold_gain":0,"player_choice":"Card Removal","damage_taken":7,"max_hp_gain":0,"max_hp_loss":0,"event_name":"Golden Wing","floor":2,"gold_loss":0}],"is_beta":false,"boss_relics":[{"not_picked":["Coffee Dripper","Empty Cage"],"picked":"Eternal Feather"}],"items_purged_floors":[],"is_endless":false,"potions_floor_spawned":[3,11,16,18],"killed_by":"Snecko","ascension_level":0}