{"gold_per_floor":[114,114,114,129,149,149,114,154,154,154,154,179,179,217,217,348,348,363,377,377,292,42,42,42,42,121,121,121,121,154,174,174,174],"floor_reached":33,"playtime":1840,"items_purged":[],"score":473,"play_id":"29c7f4a9-ec34-4d99-a1ab-2dfc32be8142","local_time":"20190330151208","is_ascension_mode":true,"campfire_choices":[{"data":"Cleave","floor":6,"key":"SMITH"},{"data":"Bash","floor":10,"key":"SMITH"},{"data":"Clothesline","floor":13,"key":"SMITH"},{"floor":15,"key":"REST"},{"floor":24,"key":"REST"},{"floor":27,"key":"REST"},{"data":"Clothesline","floor":32,"key":"SMITH"}],"neow_cost":"NONE","seed_source_timestamp":836733842872468,"circlet_count":0,"master_deck":["AscendersBane","Strike_R","Strike_R","Strike_R","Strike_R","Defend_R","Defend_R","Defend_R","Defend_R","Bash+1","Impervious","Sword Boomerang","Cleave+1","Iron Wave","Armaments","Clothesline+1","True Grit","Immolate","Seeing Red+1","Writhe","Clothesline+1","Spot Weakness+1"],"relics":["Black Blood","Bloody Idol","Nunchaku","Pear","Bag of Marbles","Lantern","Centennial Puzzle","Mango","Toxic Egg 2","Shuriken","Bronze Scales","Mummified Hand"],"potions_floor_usage":[12,16,16,23,33],"damage_taken":[{"damage":6,"enemies":"Cultist","floor":1,"turns":4},{"damage":8,"enemies":"Jaw Worm","floor":4,"turns":4},{"damage":4,"enemies":"Small Slimes","floor":5,"turns":4},{"damage":27,"enemies":"Gremlin Nob","floor":8,"turns":5},{"damage":3,"enemies":"Blue Slaver","floor":12,"turns":4},{"damage":18,"enemies":"Lagavulin","floor":14,"turns":5},{"damage":51,"enemies":"Hexaghost","floor":16,"turns":14},{"damage":7,"enemies":"3 Byrds","floor":18,"turns":3},{"damage":15,"enemies":"Chosen","floor":19,"turns":6},{"damage":76,"enemies":"Book of Stabbing","floor":23,"turns":7},{"damage":17,"enemies":"Gremlin Leader","floor":30,"turns":7},{"damage":5,"enemies":"3 Cultists","floor":31,"turns":4},{"damage":86,"enemies":"Champ","floor":33,"turns":9}],"seed_played":"-4727797692902274500","potions_obtained":[{"floor":8,"key":"Block Potion"},{"floor":12,"key":"Fruit Juice"},{"floor":14,"key":"Dexterity Potion"},{"floor":19,"key":"SmokeBomb"},{"floor":31,"key":"Strength Potion"}],"is_trial":false,"path_per_floor":["M","?","?","M","M","R","?","E","T","R","?","M","R","E","R","B",null,"M","M","T","?","$","E","R","?","T","R","?","?","E","M","R","B"],"character_chosen":"IRONCLAD","items_purchased":["Toxic Egg 2"],"campfire_rested":3,"item_purchase_floors":[22],"current_hp_per_floor":[72,65,65,63,65,65,74,53,63,63,38,46,46,34,60,15,71,74,69,69,83,83,17,47,47,47,77,77,77,75,85,85,0],"gold":174,"neow_bonus":"ONE_RANDOM_RARE_CARD","is_prod":false,"is_daily":false,"chose_seed":false,"campfire_upgraded":4,"win_rate":0,"timestamp":1553973128,"path_taken":["M","?","?","M","M","R","?","E","T","R","?","?","R","E","R","BOSS","M","M","?","?","$","E","R","?","T","R","?","?","E","M","R","BOSS"],"build_version":"2019-01-23","purchased_purges":0,"victory":false,"max_hp_per_floor":[80,80,74,74,74,74,74,74,84,84,84,89,89,89,89,89,89,89,89,89,103,103,103,103,103,103,103,103,103,103,103,103,103],"card_choices":[{"not_picked":["Perfected Strike","Searing Blow"],"picked":"Sword Boomerang","floor":1},{"not_picked":["Flex","Headbutt"],"picked":"Cleave","floor":4},{"not_picked":["Searing Blow","Twin Strike"],"picked":"Iron Wave","floor":5},{"not_picked":["Headbutt","Wild Strike"],"picked":"Armaments","floor":8},{"not_picked":["Intimidate","True Grit"],"picked":"Clothesline","floor":12},{"not_picked":["Body Slam","Cleave"],"picked":"True Grit","floor":14},{"not_picked":["Feed","Impervious"],"picked":"Immolate","floor":16},{"not_picked":["Body Slam","Disarm"],"picked":"Seeing Red+1","floor":18},{"not_picked":["Clash","Seeing Red","Sword Boomerang"],"picked":"SKIP","floor":19},{"not_picked":["Sword Boomerang","Reaper"],"picked":"Clothesline","floor":30},{"not_picked":["Power Through+1","Sentinel+1"],"picked":"Spot Weakness+1","floor":31}],"player_experience":239219,"relics_obtained":[{"floor":8,"key":"Nunchaku"},{"floor":9,"key":"Pear"},{"floor":14,"key":"Lantern"},{"floor":20,"key":"Centennial Puzzle"},{"floor":26,"key":"Shuriken"},{"floor":30,"key":"Mummified Hand"}],"event_choices":[{"cards_removed":["Strike_R"],"damage_healed":0,"gold_gain":0,"player_choice":"Card Removal","damage_taken":7,"max_hp_gain":0,"max_hp_loss":0,"event_name":"Golden Wing","floor":2,"gold_loss":0},{"damage_healed":0,"gold_gain":0,"player_choice":"Lose Max HP","damage_taken":0,"relics_obtained":["Golden Idol"],"max_hp_gain":0,"max_hp_loss":6,"event_name":"Golden Idol","floor":3,"gold_loss":0},{"damage_healed":18,"gold_gain":0,"player_choice":"Healed","damage_taken":0,"max_hp_gain":0,"max_hp_loss":0,"event_name":"The Cleric","floor":7,"gold_loss":35},{"damage_healed":0,"gold_gain":0,"player_choice":"Success","damage_taken":25,"relics_obtained":["Bag of Marbles"],"max_hp_gain":0,"max_hp_loss":0,"event_name":"Scrap Ooze","floor":11,"gold_loss":0},{"damage_healed":0,"gold_gain":0,"player_choice":"Obtained Relic","damage_taken":0,"relics_obtained":["Mango"],"max_hp_gain":0,"max_hp_loss":0,"event_name":"Addict","floor":21,"gold_loss":85},{"damage_healed":0,"gold_gain":0,"player_choice":"Ignored","damage_taken":0,"max_hp_gain":0,"max_hp_loss":0,"event_name":"Beggar","floor":25,"gold_loss":0},{"damage_healed":0,"gold_gain":0,"player_choice":"Opened","damage_taken":0,"relics_obtained":["Bronze Scales"],"max_hp_gain":0,"max_hp_loss":0,"event_name":"The Mausoleum","floor":28,"gold_loss":0,"cards_obtained":["Writhe"]},{"damage_healed":0,"gold_gain":0,"player_choice":"Gave Idol","damage_taken":0,"relics_obtained":["Bloody Idol"],"max_hp_gain":0,"max_hp_loss":0,"event_name":"Forgotten Altar","floor":29,"relics_lost":["Golden Idol"],"gold_loss":0}],"is_beta":false,"boss_relics":[{"not_picked":["Runic Cube","Calling Bell"],"picked":"Black Blood"}],"items_purged_floors":[],"is_endless":false,"potions_floor_spawned":[8,12,14,19,23,31],"killed_by":"Champ","ascension_level":11}