{"gold_per_floor":[17,34,48,68,80,111,111,111,137,202,215,235,263,289,289,389,389,406,46,46,92,105,130,130,150,150,170,183,31,31,65,65,167,167,181,208,220,220,149,181,181,220,288,618,630,645,240,259,259,259],"floor_reached":50,"playtime":5451,"items_purged":["Strike_B","Strike_B"],"score":949,"play_id":"83e9fe71-9bc5-45b8-ab2e-4885cfbcbc21","local_time":"20190511184721","is_ascension_mode":true,"campfire_choices":[{"data":"Apotheosis","floor":7.0,"key":"SMITH"},{"floor":15.0,"key":"REST"},{"floor":24.0,"key":"REST"},{"data":"1","floor":30.0,"key":"LIFT"},{"floor":32.0,"key":"RECALL"},{"floor":41,"key":"REST"},{"data":"2","floor":49,"key":"LIFT"}],"neow_cost":"NO_GOLD","seed_source_timestamp":602937235884756,"circlet_count":0,"master_deck":["Strike_B","Defend_B","Defend_B","Defend_B","Defend_B","Zap","Dualcast","Apotheosis+1","Magnetism","Stack","Conserve Battery","Go for the Eyes","Chaos","Fission","Sweeping Beam","Heatsinks","Stack","Self Repair","Biased Cognition","Cold Snap+1","Hologram","Genetic Algorithm","White Noise+1","Force Field","Ball Lightning","Coolheaded","Amplify","Rainbow","Force Field+1","Redo+1","Madness","Madness","Capacitor+1","All For One","Fusion","All For One","BootSequence","Ball Lightning","Streamline"],"special_seed":0,"relics":["Cracked Core","PreservedInsect","Orichalcum","Tiny Chest","Oddly Smooth Stone","Lantern","Nuclear Battery","Bottled Lightning","Centennial Puzzle","Frozen Egg 2","Girya","Gremlin Horn","Philosopher\u0027s Stone","Pen Nib","Ornamental Fan","Old Coin","Boot","Medical Kit"],"potions_floor_usage":[40,50],"damage_taken":[{"damage":3.0,"enemies":"Cultist","floor":1.0,"turns":4.0},{"damage":0.0,"enemies":"Small Slimes","floor":2.0,"turns":4.0},{"damage":7.0,"enemies":"Jaw Worm","floor":3.0,"turns":3.0},{"damage":12.0,"enemies":"Exordium Wildlife","floor":4.0,"turns":4.0},{"damage":0.0,"enemies":"Blue Slaver","floor":5.0,"turns":4.0},{"damage":9.0,"enemies":"3 Sentries","floor":6.0,"turns":7.0},{"damage":0.0,"enemies":"Lagavulin","floor":10.0,"turns":6.0},{"damage":17.0,"enemies":"Exordium Thugs","floor":11.0,"turns":5.0},{"damage":3.0,"enemies":"3 Louse","floor":12.0,"turns":3.0},{"damage":2.0,"enemies":"3 Sentries","floor":13.0,"turns":3.0},{"damage":0.0,"enemies":"Hexaghost","floor":16.0,"turns":10.0},{"damage":3.0,"enemies":"Shell Parasite","floor":18.0,"turns":6.0},{"damage":10.0,"enemies":"Spheric Guardian","floor":22.0,"turns":4.0},{"damage":30.0,"enemies":"Gremlin Leader","floor":23.0,"turns":5.0},{"damage":0.0,"enemies":"Shelled Parasite and Fungi","floor":25.0,"turns":5.0},{"damage":13.0,"enemies":"Snake Plant","floor":27.0,"turns":5.0},{"damage":4.0,"enemies":"3 Cultists","floor":28.0,"turns":8.0},{"damage":3.0,"enemies":"Book of Stabbing","floor":31.0,"turns":5.0},{"damage":9.0,"enemies":"Champ","floor":33.0,"turns":18.0},{"damage":0,"enemies":"3 Darklings","floor":35,"turns":5},{"damage":0,"enemies":"Orb Walker","floor":37,"turns":5},{"damage":28,"enemies":"Reptomancer","floor":40,"turns":7},{"damage":4,"enemies":"Maw","floor":42,"turns":10},{"damage":0,"enemies":"Nemesis","floor":44,"turns":7},{"damage":12,"enemies":"4 Shapes","floor":45,"turns":5},{"damage":10,"enemies":"Spire Growth","floor":46,"turns":5},{"damage":9,"enemies":"Transient","floor":48,"turns":5},{"damage":76,"enemies":"Time Eater","floor":50,"turns":13}],"seed_played":"3106058486348676207","potions_obtained":[{"floor":1.0,"key":"GamblersBrew"},{"floor":3.0,"key":"Dexterity Potion"},{"floor":6.0,"key":"SpeedPotion"},{"floor":12.0,"key":"AttackPotion"},{"floor":18.0,"key":"Ancient Potion"},{"floor":23.0,"key":"Dexterity Potion"},{"floor":37,"key":"LiquidBronze"},{"floor":40,"key":"Energy Potion"},{"floor":44,"key":"SpeedPotion"}],"is_trial":false,"path_per_floor":["M","M","M","M","M","E","R","?","T","E","M","M","E","T","R","B",null,"M","$","?","T","M","E","R","M","T","M","M","$","R","E","R","B",null,"M","T","M","?","$","E","R","M","T","E","M","M","$","M","R","B"],"character_chosen":"DEFECT","items_purchased":["Bottled Lightning","Hologram","Coolheaded","Capacitor+1","Boot","Medical Kit","Ball Lightning"],"campfire_rested":3,"item_purchase_floors":[19,19,29,39,47,47,47],"current_hp_per_floor":[65,65,58,46,46,37,37,37,37,37,20,17,15,15,37,47,68,75,75,75,75,75,55,75,75,75,72,75,75,75,75,75,75,75,75,75,75,66,66,48,70,75,75,75,73,73,73,74,74,0],"gold":259,"neow_bonus":"RANDOM_COLORLESS_2","is_prod":false,"is_daily":false,"chose_seed":false,"campfire_upgraded":1,"win_rate":0,"timestamp":1557614841,"path_taken":["M","M","M","M","?","E","R","?","T","E","?","M","E","?","R","BOSS","M","$","?","?","M","E","R","M","T","M","M","?","R","E","R","BOSS","M","?","M","?","?","E","R","?","T","E","M","M","$","M","R","BOSS"],"build_version":"2019-01-23","purchased_purges":2,"victory":false,"max_hp_per_floor":[75,75,75,75,75,75,75,75,75,75,75,75,75,75,75,75,75,75,75,75,75,75,75,75,75,75,75,75,75,75,75,75,75,75,75,75,75,75,75,75,75,75,75,75,75,75,75,75,75,75],"card_choices":[{"not_picked":["Fusion","Turbo"],"picked":"Stack","floor":1.0},{"not_picked":["Hello World","Steam"],"picked":"Conserve Battery","floor":2.0},{"not_picked":["Barrage","Turbo"],"picked":"Go for the Eyes","floor":3.0},{"not_picked":["Barrage","Steam"],"picked":"Chaos","floor":4.0},{"not_picked":["Fusion","Go for the Eyes","Barrage"],"picked":"SKIP","floor":5.0},{"not_picked":["Conserve Battery","Storm"],"picked":"Fission","floor":6.0},{"not_picked":["Conserve Battery","Doom and Gloom"],"picked":"Sweeping Beam","floor":10.0},{"not_picked":["Lockon","Conserve Battery"],"picked":"Heatsinks","floor":11.0},{"not_picked":["Beam Cell","Sweeping Beam"],"picked":"Stack","floor":12.0},{"not_picked":["Force Field","Sweeping Beam"],"picked":"Self Repair","floor":13.0},{"not_picked":["Seek","Amplify"],"picked":"Biased Cognition","floor":16.0},{"not_picked":["Recycle","Steam"],"picked":"Cold Snap+1","floor":18.0},{"not_picked":["Turbo","Beam Cell","Storm"],"picked":"SKIP","floor":22.0},{"not_picked":["Sweeping Beam","Steam"],"picked":"Genetic Algorithm","floor":23.0},{"not_picked":["Doom and Gloom","Reprogram"],"picked":"White Noise+1","floor":25.0},{"not_picked":["Stack","Rebound"],"picked":"Force Field","floor":27.0},{"not_picked":["Redo","Rip and Tear+1"],"picked":"Ball Lightning","floor":28.0},{"not_picked":["Turbo","Conserve Battery"],"picked":"Amplify","floor":31.0},{"not_picked":["Amplify","Multi-Cast"],"picked":"Rainbow","floor":33.0},{"not_picked":["Fusion+1","Doom and Gloom"],"picked":"Force Field+1","floor":35},{"not_picked":["Sweeping Beam+1","Steam Power"],"picked":"Redo+1","floor":37},{"not_picked":["Hyperbeam","Leap+1"],"picked":"All For One","floor":40},{"not_picked":["Reinforced Body+1","Turbo"],"picked":"Fusion","floor":42},{"not_picked":["Undo+1","Stack"],"picked":"All For One","floor":44},{"not_picked":["Rebound+1","Steam+1","Double Energy"],"picked":"SKIP","floor":45},{"not_picked":["Consume","Steam+1"],"picked":"BootSequence","floor":46},{"not_picked":["Tempest+1","Rip and Tear"],"picked":"Streamline","floor":48}],"player_experience":536539,"relics_obtained":[{"floor":6.0,"key":"PreservedInsect"},{"floor":9.0,"key":"Orichalcum"},{"floor":10.0,"key":"Tiny Chest"},{"floor":13.0,"key":"Oddly Smooth Stone"},{"floor":14.0,"key":"Lantern"},{"floor":21.0,"key":"Centennial Puzzle"},{"floor":23.0,"key":"Frozen Egg 2"},{"floor":26.0,"key":"Girya"},{"floor":31.0,"key":"Gremlin Horn"},{"floor":40,"key":"Pen Nib"},{"floor":43,"key":"Ornamental Fan"},{"floor":44,"key":"Old Coin"}],"event_choices":[{"cards_removed":["Strike_B"],"damage_healed":0.0,"max_hp_gain":0.0,"max_hp_loss":0.0,"gold_gain":0.0,"event_name":"Purifier","player_choice":"Purged","floor":8.0,"gold_loss":0.0,"damage_taken":0.0},{"damage_healed":0,"gold_gain":0,"player_choice":"Embrace Madness","damage_taken":9,"max_hp_gain":0,"max_hp_loss":0,"event_name":"Winding Halls","floor":38,"gold_loss":0,"cards_obtained":["Madness","Madness"]}],"is_beta":false,"boss_relics":[{"not_picked":["Fusion Hammer","Snecko Eye"],"picked":"Nuclear Battery"},{"not_picked":["Runic Pyramid","Pandora\u0027s Box"],"picked":"Philosopher\u0027s Stone"}],"items_purged_floors":[19,29],"is_endless":false,"potions_floor_spawned":[1,3,6,12,18,23,31,37,40,44],"killed_by":"Time Eater","ascension_level":7}