{"path_per_floor":["M","?","?","M","M","R","M","R","T","R","$","?","?","E","R","B",null,"M","M","?","?","$","R","E","?","T","M"],"character_chosen":"IRONCLAD","items_purchased":["Headbutt"],"gold_per_floor":[117,367,367,382,402,402,417,417,417,417,297,372,372,408,408,532,532,556,575,500,500,500,500,539,539,564,583],"floor_reached":28,"campfire_rested":1,"playtime":1212,"current_hp_per_floor":[80,80,68,76,80,80,73,73,80,80,80,69,48,30,71,60,87,68,47,47,47,47,47,16,16,21,22],"items_purged":["Strike_R"],"gold":583,"play_id":"0ad3b49b-aa4f-4545-9f3d-dcb3f023b19f","is_prod":false,"is_daily":false,"is_ascension_mode":false,"campfire_upgraded":4,"path_taken":["M","?","?","M","?","R","M","R","T","R","$","?","?","E","R","BOSS","M","M","?","?","$","R","E","?","T","?","M"],"build_version":"2018-02-01-PROD3","purchased_purges":1,"victory":false,"master_deck":["Strike_R","Strike_R","Strike_R","Strike_R","Defend_R","Defend_R","Defend_R","Defend_R","Bash","Pommel Strike+1","Infernal Blade+1","Inflame+1","Headbutt","Twin Strike","Demon Form+1","Armaments+1","Headbutt+1","Pommel Strike+1"],"max_hp_per_floor":[80,80,80,80,80,80,80,80,87,87,87,87,87,87,87,87,87,87,87,87,87,87,87,87,87,87,87],"relics":["Burning Blood","NeowsBlessing","Blood Vial","Strawberry","Bloody Idol","Regal Pillow","Sozu","Dodecahedron","Dream Catcher"],"card_choices":[{"not_picked":["Bloodletting","Brutality"],"picked":"Pommel Strike"},{"not_picked":["Corruption","Perfected Strike"],"picked":"Infernal Blade"},{"not_picked":["Whirlwind","Hemokinesis"],"picked":"Inflame"},{"not_picked":["Metallicize","Sword Boomerang"],"picked":"Twin Strike"},{"not_picked":["Impervious","Dark Embrace"],"picked":"Demon Form"},{"not_picked":["Flex","Flame Barrier"],"picked":"Armaments"},{"not_picked":["Combust","Disarm"],"picked":"Headbutt"},{"not_picked":["Clash","Anger"],"picked":"Pommel Strike"}],"player_experience":34513,"potions_floor_usage":[],"damage_taken":[{"damage":0,"enemies":"Jaw Worm","floor":1,"turns":1},{"damage":0,"enemies":"Blue Slaver","floor":4,"turns":1},{"damage":0,"enemies":"Small Slimes","floor":5,"turns":1},{"damage":13,"enemies":"Looter","floor":7,"turns":3},{"damage":26,"enemies":"3 Sentries","floor":14,"turns":6},{"damage":19,"enemies":"Slime Boss","floor":16,"turns":7},{"damage":25,"enemies":"Spheric Guardian","floor":18,"turns":4},{"damage":29,"enemies":"2 Thieves","floor":19,"turns":3},{"damage":39,"enemies":"Slavers","floor":24,"turns":5},{"damage":12,"enemies":"Snecko","floor":27,"turns":4},{"damage":30,"enemies":"Slaver and Parasite","floor":28,"turns":2}],"event_choices":[{"event_name":"Golden Shrine","player_choice":"Desecrate","floor":2,"damage_taken":0},{"event_name":"Scrap Ooze","player_choice":"success","floor":3,"damage_taken":12},{"event_name":"World of Goop","player_choice":"Gather Gold","floor":12,"damage_taken":0},{"event_name":"Golden Idol","player_choice":"Take Damage","floor":13,"damage_taken":0},{"event_name":"Beggar","player_choice":"Gave Gold","floor":20,"damage_taken":0},{"event_name":"Accursed Blacksmith","player_choice":"Forge","floor":21,"damage_taken":0},{"event_name":"Forgotten Altar","player_choice":"Gave Idol","floor":25,"damage_taken":0}],"boss_relics":[{"not_picked":["Question Card","Runic Dome"],"picked":"Sozu"}],"potions_floor_spawned":[5,7,14,24,27],"seed_played":"3407902777042868888","killed_by":"Slaver and Parasite","ascension_level":0,"is_trial":false}