{"gold_per_floor":[114,114,133,133,133,133,164,164,164,183,218,218,218,243,243,367,367,391,391,409,409,409,409,428,459,459,51,51,72,106,106,106,226,226,245,264,278,291,2,2,26,69,69,69,89,89,0,333,333,333],"floor_reached":51,"playtime":4859,"items_purged":["Shame"],"score":1318,"play_id":"6f0198f6-b85c-4bc5-b6d1-0175ec5624d4","local_time":"20190512155941","is_ascension_mode":true,"campfire_choices":[{"data":"Zap","floor":6.0,"key":"SMITH"},{"data":"Rebound","floor":13.0,"key":"SMITH"},{"data":"Dualcast","floor":15.0,"key":"SMITH"},{"data":"Loop","floor":23.0,"key":"SMITH"},{"data":"All For One","floor":28.0,"key":"SMITH"},{"data":"Sweeping Beam","floor":32.0,"key":"SMITH"},{"data":"Buffer","floor":40.0,"key":"SMITH"},{"floor":44.0,"key":"DIG"},{"floor":46.0,"key":"DIG"},{"floor":49.0,"key":"DIG"}],"neow_cost":"NONE","seed_source_timestamp":680002125219712,"circlet_count":0,"master_deck":["Defend_B","Defend_B","Defend_B+1","Defend_B","Zap+1","Dualcast+1","Leap","Rebound+1","Defragment+1","Stack","Seek+1","Self Repair","All For One+1","BootSequence","RitualDagger","Loop+1","Biased Cognition","Steam Power+1","Ball Lightning+1","Hologram+1","Sweeping Beam+1","Go for the Eyes+1","Buffer+1","Glacier+1","Steam+1","Double Energy+1","Capacitor","Parasite","Force Field+1","Fusion+1","Turbo+1"],"special_seed":0,"relics":["Cracked Core","NeowsBlessing","Pen Nib","Smiling Mask","Mercury Hourglass","Nuclear Battery","Centennial Puzzle","War Paint","Toxic Egg 2","FossilizedHelix","Thread and Needle","Inserter","Shovel","Bottled Tornado","Vajra","Omamori","Mummified Hand","Red Mask","Kunai"],"potions_floor_usage":[50],"damage_taken":[{"damage":0.0,"enemies":"2 Louse","floor":1.0,"turns":1.0},{"damage":0.0,"enemies":"Cultist","floor":3.0,"turns":1.0},{"damage":0.0,"enemies":"Lagavulin","floor":7.0,"turns":1.0},{"damage":1.0,"enemies":"Jaw Worm","floor":10.0,"turns":4.0},{"damage":30.0,"enemies":"Gremlin Nob","floor":11.0,"turns":4.0},{"damage":0.0,"enemies":"2 Fungi Beasts","floor":14.0,"turns":3.0},{"damage":22.0,"enemies":"The Guardian","floor":16.0,"turns":11.0},{"damage":10.0,"enemies":"Spheric Guardian","floor":18.0,"turns":4.0},{"damage":0.0,"enemies":"Chosen","floor":20.0,"turns":5.0},{"damage":5.0,"enemies":"Snecko","floor":24.0,"turns":3.0},{"damage":0.0,"enemies":"Gremlin Leader","floor":25.0,"turns":6.0},{"damage":0.0,"enemies":"Centurion and Healer","floor":29.0,"turns":5.0},{"damage":14.0,"enemies":"Book of Stabbing","floor":30.0,"turns":5.0},{"damage":17.0,"enemies":"Collector","floor":33.0,"turns":7.0},{"damage":0.0,"enemies":"3 Shapes","floor":35.0,"turns":6.0},{"damage":0.0,"enemies":"Orb Walker","floor":36.0,"turns":3.0},{"damage":12.0,"enemies":"3 Darklings","floor":37.0,"turns":4.0},{"damage":0.0,"enemies":"Transient","floor":38.0,"turns":5.0},{"damage":26.0,"enemies":"Writhing Mass","floor":41.0,"turns":7.0},{"damage":0.0,"enemies":"Reptomancer","floor":42.0,"turns":7.0},{"damage":0.0,"enemies":"3 Darklings","floor":45.0,"turns":5.0},{"damage":0,"enemies":"Donu and Deca","floor":50,"turns":11}],"seed_played":"2394893792391161483","potions_obtained":[{"floor":7.0,"key":"Strength Potion"},{"floor":10.0,"key":"SpeedPotion"},{"floor":11.0,"key":"Strength Potion"},{"floor":18.0,"key":"Block Potion"},{"floor":24.0,"key":"Dexterity Potion"},{"floor":29.0,"key":"Fruit Juice"},{"floor":30.0,"key":"SpeedPotion"},{"floor":33.0,"key":"Poison Potion"},{"floor":38.0,"key":"PowerPotion"},{"floor":42.0,"key":"Block Potion"}],"is_trial":false,"path_per_floor":["M","?","M","?","?","R","E","?","T","M","E","?","R","M","R","B",null,"M","?","M","?","?","R","M","E","T","$","R","M","E","?","R","B",null,"M","M","M","M","$","R","M","E","T","R","M","R","?","?","R","B",null],"character_chosen":"DEFECT","items_purchased":["Hologram+1","FossilizedHelix","Shovel"],"campfire_rested":0,"item_purchase_floors":[27,27,39],"current_hp_per_floor":[68,68,68,68,61,61,61,66,66,65,35,35,35,35,35,20,61,58,52,59,59,59,59,61,68,68,68,68,74,65,65,65,55,73,79,79,74,79,79,79,60,67,67,67,74,74,74,74,74,79],"gold":333,"neow_bonus":"THREE_ENEMY_KILL","is_prod":false,"is_daily":false,"chose_seed":false,"campfire_upgraded":7,"win_rate":0,"timestamp":1557691181,"path_taken":["M","?","?","?","?","R","E","?","T","M","E","?","R","M","R","BOSS","M","?","M","?","?","R","M","E","T","$","R","?","E","?","R","BOSS","M","M","M","M","$","R","?","E","T","R","M","R","?","?","R","BOSS"],"build_version":"2019-01-23","purchased_purges":1,"victory":true,"max_hp_per_floor":[75,75,75,69,69,69,69,74,74,74,74,74,74,74,74,74,74,74,74,74,74,74,74,74,74,74,74,74,74,79,79,79,79,79,79,79,79,79,79,79,79,79,79,79,79,79,79,79,79,79],"card_choices":[{"not_picked":["Gash","Streamline"],"picked":"Leap","floor":1.0},{"not_picked":["Redo","Amplify"],"picked":"Rebound","floor":3.0},{"not_picked":["Storm","Go for the Eyes"],"picked":"Defragment","floor":7.0},{"not_picked":["Blizzard","Steam"],"picked":"Stack","floor":10.0},{"not_picked":["Fusion","Scrape"],"picked":"Seek","floor":11.0},{"not_picked":["Compile Driver","Force Field"],"picked":"Self Repair","floor":14.0},{"not_picked":["Amplify","Multi-Cast"],"picked":"All For One","floor":16.0},{"not_picked":["Conserve Battery","Leap"],"picked":"BootSequence","floor":18.0},{"not_picked":["Redo","Fusion+1"],"picked":"Loop","floor":20.0},{"not_picked":["Chaos","Storm"],"picked":"Steam Power+1","floor":24.0},{"not_picked":["Darkness","Sweeping Beam"],"picked":"Ball Lightning+1","floor":25.0},{"not_picked":["Hello World","Ball Lightning"],"picked":"Sweeping Beam","floor":29.0},{"not_picked":["Reboot+1","Steam Power+1"],"picked":"Go for the Eyes+1","floor":30.0},{"not_picked":["Biased Cognition","Amplify+1"],"picked":"Buffer","floor":33.0},{"not_picked":["Steam Power+1","Redo+1"],"picked":"Glacier+1","floor":35.0},{"not_picked":["Gash","Streamline"],"picked":"Steam+1","floor":36.0},{"not_picked":["Compile Driver+1","FTL"],"picked":"Double Energy+1","floor":37.0},{"not_picked":["BootSequence+1","Static Discharge"],"picked":"Capacitor","floor":38.0},{"not_picked":["Beam Cell+1","Fusion+1"],"picked":"Force Field+1","floor":41.0},{"not_picked":["Steam+1","Leap+1"],"picked":"Fusion+1","floor":42.0},{"not_picked":["Fusion+1","Barrage+1"],"picked":"Turbo+1","floor":45.0}],"player_experience":565264,"relics_obtained":[{"floor":7.0,"key":"Pen Nib"},{"floor":9.0,"key":"Smiling Mask"},{"floor":11.0,"key":"Mercury Hourglass"},{"floor":25.0,"key":"War Paint"},{"floor":26.0,"key":"Toxic Egg 2"},{"floor":30.0,"key":"Thread and Needle"},{"floor":42.0,"key":"Bottled Tornado"},{"floor":43.0,"key":"Vajra"},{"floor":44.0,"key":"Omamori"},{"floor":46.0,"key":"Mummified Hand"},{"floor":49.0,"key":"Kunai"}],"event_choices":[{"cards_removed":["Strike_B"],"damage_healed":0.0,"max_hp_gain":0.0,"max_hp_loss":0.0,"gold_gain":0.0,"event_name":"Purifier","player_choice":"Purged","floor":2.0,"gold_loss":0.0,"damage_taken":0.0},{"damage_healed":0.0,"max_hp_gain":0.0,"max_hp_loss":6.0,"gold_gain":0.0,"event_name":"Golden Idol","player_choice":"Lose Max HP","floor":4.0,"gold_loss":0.0,"damage_taken":0.0,"relics_obtained":["Golden Idol"]},{"cards_removed":["Strike_B"],"damage_healed":0.0,"max_hp_gain":0.0,"max_hp_loss":0.0,"gold_gain":0.0,"event_name":"Golden Wing","player_choice":"Card Removal","floor":5.0,"gold_loss":0.0,"damage_taken":7.0},{"damage_healed":0.0,"max_hp_gain":5.0,"max_hp_loss":0.0,"gold_gain":0.0,"event_name":"Big Fish","player_choice":"Donut","floor":8.0,"gold_loss":0.0,"damage_taken":0.0},{"damage_healed":0.0,"max_hp_gain":0.0,"max_hp_loss":0.0,"gold_gain":0.0,"event_name":"Living Wall","player_choice":"Grow","floor":12.0,"gold_loss":0.0,"damage_taken":0.0,"cards_upgraded":["Defragment"]},{"damage_healed":0.0,"max_hp_gain":0.0,"max_hp_loss":0.0,"gold_gain":0.0,"event_name":"Nest","player_choice":"Joined the Cult","floor":19.0,"gold_loss":0.0,"damage_taken":6.0,"cards_obtained":["RitualDagger"]},{"damage_healed":0.0,"max_hp_gain":0.0,"max_hp_loss":0.0,"gold_gain":0.0,"event_name":"Addict","player_choice":"Stole Relic","floor":21.0,"gold_loss":0.0,"damage_taken":0.0,"relics_obtained":["Centennial Puzzle"],"cards_obtained":["Shame"]},{"damage_healed":0.0,"max_hp_gain":0.0,"max_hp_loss":0.0,"gold_gain":0.0,"cards_transformed":["Strike_B"],"event_name":"Transmorgrifier","player_choice":"Transformed","floor":22.0,"gold_loss":0.0,"damage_taken":0.0,"cards_obtained":["Biased Cognition"]},{"cards_removed":["Strike_B"],"damage_healed":0.0,"max_hp_gain":0.0,"max_hp_loss":0.0,"gold_gain":0.0,"event_name":"Bonfire Elementals","player_choice":"Offered Basic","floor":31.0,"gold_loss":0.0,"damage_taken":0.0},{"damage_healed":0.0,"max_hp_gain":0.0,"max_hp_loss":0.0,"gold_gain":0.0,"event_name":"Tomb of Lord Red Mask","player_choice":"Paid","floor":47.0,"gold_loss":89.0,"damage_taken":0.0,"relics_obtained":["Red Mask"]},{"damage_healed":0.0,"max_hp_gain":0.0,"max_hp_loss":0.0,"gold_gain":333.0,"event_name":"The Moai Head","player_choice":"Gave Idol","floor":48.0,"relics_lost":["Golden Idol"],"gold_loss":0.0,"damage_taken":0.0}],"is_beta":false,"boss_relics":[{"not_picked":["Busted Crown","Orrery"],"picked":"Nuclear Battery"},{"not_picked":["Eternal Feather","Black Star"],"picked":"Inserter"}],"items_purged_floors":[27],"is_endless":false,"potions_floor_spawned":[7,10,11,18,24,29,30,33,38,42],"ascension_level":9}