{"gold_per_floor":[114,132,142,67,84,114,130,145,145,45,79,98,132,150,150,245,245,260,65,82,96,11,11],"floor_reached":23,"playtime":2206,"items_purged":["Defend_R","Strike_R","Defend_R"],"score":310,"play_id":"9705de01-b657-4de6-9704-4ecc4c7e9956","local_time":"20190415194531","is_ascension_mode":true,"campfire_choices":[{"floor":15,"key":"REST"}],"neow_cost":"NONE","seed_source_timestamp":3565022487036043,"circlet_count":0,"master_deck":["Strike_R","Strike_R","Defend_R","Defend_R","Bash","Pommel Strike","Iron Wave","Inflame","True Grit","Feed","Feel No Pain","Anger","Iron Wave","Feed","Shockwave","Armaments"],"relics":["Burning Blood","Nunchaku","Boot","Bird Faced Urn","Red Skull","Empty Cage","Sundial"],"potions_floor_usage":[11,11,13,13,18,20,23],"damage_taken":[{"damage":11,"enemies":"Jaw Worm","floor":1,"turns":4},{"damage":5,"enemies":"Small Slimes","floor":2,"turns":3},{"damage":0,"enemies":"Cultist","floor":3,"turns":4},{"damage":22,"enemies":"3 Louse","floor":5,"turns":3},{"damage":27,"enemies":"Gremlin Nob","floor":6,"turns":4},{"damage":12,"enemies":"Looter","floor":7,"turns":3},{"damage":5,"enemies":"Exordium Thugs","floor":8,"turns":5},{"damage":35,"enemies":"3 Sentries","floor":11,"turns":9},{"damage":4,"enemies":"Blue Slaver","floor":12,"turns":5},{"damage":37,"enemies":"Lagavulin","floor":13,"turns":6},{"damage":6,"enemies":"Large Slime","floor":14,"turns":4},{"damage":33,"enemies":"Slime Boss","floor":16,"turns":5},{"damage":19,"enemies":"Spheric Guardian","floor":18,"turns":4},{"damage":25,"enemies":"Shell Parasite","floor":20,"turns":8},{"damage":50,"enemies":"3 Cultists","floor":21,"turns":6},{"damage":59,"enemies":"Slavers","floor":23,"turns":4}],"seed_played":"-1788942679102867349","potions_obtained":[{"floor":6,"key":"Poison Potion"},{"floor":8,"key":"FearPotion"},{"floor":11,"key":"Poison Potion"},{"floor":12,"key":"Regen Potion"},{"floor":16,"key":"Explosive Potion"},{"floor":18,"key":"PowerPotion"},{"floor":21,"key":"FearPotion"}],"is_trial":false,"path_per_floor":["M","M","M","$","M","E","M","M","T","$","E","M","E","M","R","B",null,"M","$","M","M","?","E"],"character_chosen":"IRONCLAD","items_purchased":["Shockwave"],"campfire_rested":1,"item_purchase_floors":[19],"current_hp_per_floor":[83,84,88,88,72,51,45,46,46,46,20,25,16,23,53,33,103,93,93,83,47,47,0],"gold":11,"neow_bonus":"TEN_PERCENT_HP_BONUS","is_prod":false,"is_daily":false,"chose_seed":false,"campfire_upgraded":0,"win_rate":0,"timestamp":1555371931,"path_taken":["M","M","M","$","M","E","M","M","T","$","E","M","E","M","R","BOSS","M","$","M","M","?","E"],"build_version":"2019-01-23","purchased_purges":3,"victory":false,"max_hp_per_floor":[88,88,88,88,88,88,88,88,88,88,91,94,97,100,100,103,103,106,106,109,115,115,118],"card_choices":[{"not_picked":["Warcry","Rupture"],"picked":"Pommel Strike","floor":1},{"not_picked":["Cleave","Body Slam"],"picked":"Iron Wave","floor":2},{"not_picked":["Clash","Battle Trance","Perfected Strike"],"picked":"SKIP","floor":3},{"not_picked":["Headbutt","Warcry","Perfected Strike"],"picked":"SKIP","floor":5},{"not_picked":["Sword Boomerang","True Grit"],"picked":"Inflame","floor":6},{"not_picked":["Flex","Carnage"],"picked":"True Grit","floor":7},{"not_picked":["Whirlwind","Shockwave"],"picked":"Feed","floor":8},{"not_picked":["Second Wind","Twin Strike","Clothesline"],"picked":"SKIP","floor":11},{"not_picked":["Anger","Clash"],"picked":"Feel No Pain","floor":12},{"not_picked":["Flex","Perfected Strike"],"picked":"Anger","floor":13},{"not_picked":["Flex","Rupture"],"picked":"Iron Wave","floor":14},{"not_picked":["Dark Embrace","Berserk"],"picked":"Feed","floor":16},{"not_picked":["Headbutt","Anger","Twin Strike"],"picked":"SKIP","floor":18},{"not_picked":["Clothesline","Twin Strike","Infernal Blade"],"picked":"SKIP","floor":20},{"not_picked":["Havoc+1","Sword Boomerang"],"picked":"Armaments","floor":21}],"player_experience":103322,"relics_obtained":[{"floor":6,"key":"Nunchaku"},{"floor":9,"key":"Boot"},{"floor":11,"key":"Bird Faced Urn"},{"floor":13,"key":"Red Skull"}],"event_choices":[{"damage_healed":0,"gold_gain":0,"player_choice":"Obtained Relic","damage_taken":0,"relics_obtained":["Sundial"],"max_hp_gain":0,"max_hp_loss":0,"event_name":"Addict","floor":22,"gold_loss":85}],"is_beta":false,"boss_relics":[{"not_picked":["Black Star","Calling Bell"],"picked":"Empty Cage"}],"items_purged_floors":[4,10,19],"is_endless":false,"potions_floor_spawned":[6,8,11,12,16,18,21],"killed_by":"Slavers","ascension_level":4}