{"gold_per_floor":[115,128,128,0,19,48,223,239,269,269,285,285,297,66,66,66],"floor_reached":16,"playtime":753,"items_purged":["Doubt"],"score":122,"play_id":"9edea4d5-ec28-466a-b414-b717cc5d2b8a","local_time":"20181112174331","is_ascension_mode":true,"campfire_choices":[{"data":"Whirlwind","floor":10,"key":"SMITH"},{"floor":12,"key":"REST"},{"data":"Bludgeon","floor":15,"key":"SMITH"}],"neow_cost":"NONE","seed_source_timestamp":497351369239138,"circlet_count":0,"master_deck":["Strike_R","Strike_R","Strike_R","Strike_R","Defend_R","Defend_R","Defend_R","Defend_R","Bash","Perfected Strike","Cleave","Limit Break","Thunderclap","Twin Strike","Infernal Blade","Whirlwind+1","Pommel Strike","Anger","Bludgeon+1"],"relics":["Burning Blood","NeowsBlessing","Art of War","Tiny Chest"],"potions_floor_usage":[16,16],"damage_taken":[{"damage":0,"enemies":"Cultist","floor":1,"turns":1},{"damage":0,"enemies":"2 Louse","floor":2,"turns":1},{"damage":0,"enemies":"Small Slimes","floor":5,"turns":1},{"damage":35,"enemies":"3 Sentries","floor":6,"turns":6},{"damage":10,"enemies":"2 Fungi Beasts","floor":8,"turns":3},{"damage":17,"enemies":"Looter","floor":11,"turns":3},{"damage":26,"enemies":"Gremlin Gang","floor":13,"turns":3},{"damage":30,"enemies":"The Guardian","floor":16,"turns":8}],"seed_played":"-4441157409150427624","potions_obtained":[{"floor":8,"key":"Block Potion"},{"floor":11,"key":"Ancient Potion"},{"floor":13,"key":"EssenceOfSteel"}],"is_trial":false,"path_per_floor":["M","M","?","$","M","E","?","M","T","R","M","R","M","$","R","B"],"character_chosen":"IRONCLAD","items_purchased":["Limit Break","Thunderclap","Bludgeon"],"campfire_rested":1,"item_purchase_floors":[4,4,14],"current_hp_per_floor":[80,80,73,73,79,50,50,46,46,46,35,59,39,39,39,9],"gold":66,"neow_bonus":"THREE_ENEMY_KILL","is_prod":false,"is_daily":false,"chose_seed":false,"campfire_upgraded":2,"win_rate":0,"timestamp":1542062611,"path_taken":["M","M","?","$","M","E","?","M","T","R","M","R","M","$","R","BOSS"],"build_version":"2018-11-08","purchased_purges":1,"victory":false,"max_hp_per_floor":[80,80,80,80,80,80,80,80,80,80,80,80,80,80,80,80],"card_choices":[{"not_picked":["Sever Soul","Blood for Blood"],"picked":"Perfected Strike","floor":1},{"not_picked":["Sword Boomerang","Anger"],"picked":"Cleave","floor":2},{"not_picked":["Evolve","Clash"],"picked":"Twin Strike","floor":5},{"not_picked":["Disarm","Entrench"],"picked":"Infernal Blade","floor":6},{"not_picked":["Carnage","Armaments"],"picked":"Whirlwind","floor":8},{"not_picked":["Second Wind","Evolve"],"picked":"Pommel Strike","floor":11},{"not_picked":["Whirlwind","Blood for Blood"],"picked":"Anger","floor":13}],"player_experience":143562,"relics_obtained":[{"floor":6,"key":"Art of War"},{"floor":9,"key":"Tiny Chest"}],"event_choices":[{"cards_removed":["Strike_R"],"damage_healed":0,"gold_gain":0,"player_choice":"Card Removal","damage_taken":7,"max_hp_gain":0,"max_hp_loss":0,"event_name":"Golden Wing","floor":3,"gold_loss":0},{"damage_healed":0,"gold_gain":175,"player_choice":"AGREE","damage_taken":0,"max_hp_gain":0,"max_hp_loss":0,"event_name":"Liars Game","floor":7,"gold_loss":0,"cards_obtained":["Doubt"]}],"is_beta":false,"boss_relics":[],"items_purged_floors":[14],"is_endless":false,"potions_floor_spawned":[8,11,13],"killed_by":"The Guardian","ascension_level":4}