{"gold_per_floor":[115,115,115,135,60,60,100,137,226,238,275,306,339,12,12,106,106,120,140,154,179,200,200,200],"floor_reached":24,"playtime":1130,"items_purged":["Strike_B"],"score":454,"play_id":"64ea7a42-266f-4e75-b51a-3632d067b158","local_time":"20190522000332","is_ascension_mode":true,"campfire_choices":[{"data":"Zap","floor":6.0,"key":"SMITH"},{"data":"Strike_B","floor":10.0,"key":"SMITH"},{"data":"Sunder","floor":15.0,"key":"SMITH"},{"floor":23,"key":"REST"}],"neow_cost":"NONE","seed_source_timestamp":109245375737604,"circlet_count":0,"master_deck":["AscendersBane","Strike_B","Strike_B","Strike_B+1","Defend_B","Defend_B","Defend_B","Zap+1","Dualcast","Glacier","Capacitor","Self Repair","Conserve Battery","Sunder+1","Ball Lightning","Coolheaded","Electrodynamics","Genetic Algorithm","Coolheaded","Chill","Sweeping Beam+1"],"special_seed":0,"relics":["Cracked Core","NeowsBlessing","Golden Idol","MawBank","Bottled Flame","HandDrill","Nuclear Battery"],"potions_floor_usage":[],"damage_taken":[{"damage":0.0,"enemies":"2 Louse","floor":1.0,"turns":1.0},{"damage":0.0,"enemies":"Small Slimes","floor":4.0,"turns":1.0},{"damage":0.0,"enemies":"Lagavulin","floor":7.0,"turns":1.0},{"damage":7.0,"enemies":"Jaw Worm","floor":8.0,"turns":3.0},{"damage":2.0,"enemies":"Blue Slaver","floor":11.0,"turns":5.0},{"damage":3.0,"enemies":"Red Slaver","floor":12.0,"turns":4.0},{"damage":4.0,"enemies":"Large Slime","floor":13.0,"turns":3.0},{"damage":37.0,"enemies":"Slime Boss","floor":16.0,"turns":11.0},{"damage":0.0,"enemies":"Spheric Guardian","floor":18.0,"turns":3.0},{"damage":20.0,"enemies":"Shell Parasite","floor":19.0,"turns":11.0},{"damage":18.0,"enemies":"Sentry and Sphere","floor":20.0,"turns":6.0},{"damage":19.0,"enemies":"Snake Plant","floor":21.0,"turns":3.0},{"damage":31,"enemies":"Shelled Parasite and Fungi","floor":22,"turns":9},{"damage":47,"enemies":"Cultist and Chosen","floor":24,"turns":7}],"seed_played":"9114394864670058815","potions_obtained":[{"floor":4.0,"key":"Energy Potion"},{"floor":8.0,"key":"Block Potion"},{"floor":18.0,"key":"FairyPotion"},{"floor":22,"key":"FearPotion"}],"is_trial":false,"path_per_floor":["M","?","?","M","?","R","E","M","T","R","M","M","M","$","R","B",null,"M","M","M","M","M","R","M"],"character_chosen":"DEFECT","items_purchased":["Coolheaded","HandDrill"],"campfire_rested":1,"item_purchase_floors":[14,14],"current_hp_per_floor":[64,69,69,69,69,69,69,69,69,69,69,69,69,69,69,39,62,69,56,45,33,9,29,0],"gold":200,"neow_bonus":"THREE_ENEMY_KILL","is_prod":false,"is_daily":false,"chose_seed":false,"campfire_upgraded":3,"win_rate":0,"timestamp":1558497812,"path_taken":["M","?","?","M","?","R","E","M","T","R","M","M","?","$","R","BOSS","M","M","M","M","M","R","M"],"build_version":"2019-01-23","purchased_purges":1,"victory":false,"max_hp_per_floor":[71,76,69,69,69,69,69,69,69,69,69,69,69,69,69,69,69,69,69,69,69,69,69,69],"card_choices":[{"not_picked":["Cold Snap","Go for the Eyes"],"picked":"Glacier","floor":1.0},{"not_picked":["Recycle","Leap"],"picked":"Capacitor","floor":4.0},{"not_picked":["Cold Snap","Go for the Eyes"],"picked":"Self Repair","floor":7.0},{"not_picked":["Tempest","Redo"],"picked":"Conserve Battery","floor":8.0},{"not_picked":["Coolheaded","Defragment"],"picked":"Sunder","floor":11.0},{"not_picked":["Compile Driver","Hologram"],"picked":"Ball Lightning","floor":12.0},{"not_picked":["BootSequence","Cold Snap","Leap"],"picked":"SKIP","floor":13.0},{"not_picked":["Echo Form","Seek"],"picked":"Electrodynamics","floor":16.0},{"not_picked":["Sweeping Beam","Coolheaded"],"picked":"Genetic Algorithm","floor":18.0},{"not_picked":["Stack","Auto Shields+1"],"picked":"Coolheaded","floor":19.0},{"not_picked":["Gash","Beam Cell","Hyperbeam"],"picked":"SKIP","floor":20.0},{"not_picked":["Cold Snap","Auto Shields+1"],"picked":"Chill","floor":21.0},{"not_picked":["Beam Cell","Leap"],"picked":"Sweeping Beam+1","floor":22}],"player_experience":731867,"relics_obtained":[{"floor":7.0,"key":"MawBank"},{"floor":9.0,"key":"Bottled Flame"}],"event_choices":[{"damage_healed":0.0,"max_hp_gain":5.0,"max_hp_loss":0.0,"gold_gain":0.0,"event_name":"Big Fish","player_choice":"Donut","floor":2.0,"gold_loss":0.0,"damage_taken":0.0},{"damage_healed":0.0,"max_hp_gain":0.0,"max_hp_loss":7.0,"gold_gain":0.0,"event_name":"Golden Idol","player_choice":"Lose Max HP","floor":3.0,"gold_loss":0.0,"damage_taken":0.0,"relics_obtained":["Golden Idol"]},{"cards_removed":["Defend_B"],"damage_healed":0.0,"max_hp_gain":0.0,"max_hp_loss":0.0,"gold_gain":0.0,"event_name":"The Cleric","player_choice":"Card Removal","floor":5.0,"gold_loss":75.0,"damage_taken":0.0}],"is_beta":false,"boss_relics":[{"not_picked":["Empty Cage","Runic Dome"],"picked":"Nuclear Battery"}],"items_purged_floors":[14],"is_endless":false,"potions_floor_spawned":[4,8,11,18,22],"killed_by":"Cultist and Chosen","ascension_level":20}