{"gold_per_floor":[119,119,62,73,73,73,104,104,128,128,155,167,186,200,200,277,277,289,289,204,218,54,54],"floor_reached":23,"playtime":987,"items_purged":[],"score":448,"play_id":"bbedf142-f426-449a-8e87-0b45dc73a62b","local_time":"20190526195414","is_ascension_mode":true,"campfire_choices":[{"data":"Zap","floor":6,"key":"SMITH"},{"data":"Cold Snap","floor":8,"key":"SMITH"},{"data":"Doom and Gloom","floor":10,"key":"SMITH"},{"floor":15,"key":"REST"}],"neow_cost":"NONE","seed_source_timestamp":526501764182567,"circlet_count":0,"master_deck":["AscendersBane","Strike_B","Strike_B+1","Strike_B+1","Defend_B","Defend_B","Defend_B","Defend_B","Zap+1","Dualcast","Doom and Gloom+1","Cold Snap+1","Coolheaded","Core Surge","Hologram","Multi-Cast","Go for the Eyes","RitualDagger","Glacier"],"relics":["Cracked Core","NeowsBlessing","Orichalcum","Centennial Puzzle","Letter Opener","Cursed Key","Darkstone Periapt","Bag of Preparation"],"potions_floor_usage":[16,16],"damage_taken":[{"damage":0,"enemies":"2 Louse","floor":1,"turns":1},{"damage":0,"enemies":"Jaw Worm","floor":4,"turns":1},{"damage":0,"enemies":"Gremlin Nob","floor":7,"turns":1},{"damage":11,"enemies":"Lagavulin","floor":11,"turns":4},{"damage":0,"enemies":"Cultist","floor":12,"turns":2},{"damage":10,"enemies":"3 Louse","floor":13,"turns":2},{"damage":2,"enemies":"Exordium Thugs","floor":14,"turns":3},{"damage":20,"enemies":"Slime Boss","floor":16,"turns":5},{"damage":7,"enemies":"Chosen","floor":18,"turns":4},{"damage":7,"enemies":"2 Thieves","floor":21,"turns":3},{"damage":50,"enemies":"Gremlin Leader","floor":23,"turns":4}],"seed_played":"7795434066276993901","potions_obtained":[{"floor":1,"key":"AttackPotion"},{"floor":4,"key":"Fire Potion"},{"floor":16,"key":"Explosive Potion"},{"floor":21,"key":"FairyPotion"}],"is_trial":false,"path_per_floor":["M","?","$","M","?","R","E","R","T","R","E","M","M","M","R","B",null,"M","?","?","M","$","E"],"character_chosen":"DEFECT","items_purchased":["Fire Potion","Bag of Preparation"],"campfire_rested":1,"item_purchase_floors":[3,22],"current_hp_per_floor":[64,57,57,57,36,36,36,36,36,36,25,25,15,13,34,14,57,50,44,44,37,37,0],"gold":54,"neow_bonus":"THREE_ENEMY_KILL","is_prod":false,"is_daily":false,"chose_seed":false,"campfire_upgraded":3,"win_rate":0,"timestamp":1558914854,"path_taken":["M","?","$","M","?","R","E","R","T","R","E","M","M","M","R","BOSS","M","?","?","M","?","E"],"build_version":"2019-01-23","purchased_purges":0,"victory":false,"max_hp_per_floor":[71,71,71,71,71,71,71,71,71,71,71,71,71,71,71,71,71,71,71,71,71,71,71],"card_choices":[{"not_picked":["Fusion","Hologram","Double Energy"],"picked":"SKIP","floor":1},{"not_picked":["Ball Lightning","Darkness"],"picked":"Doom and Gloom","floor":4},{"not_picked":["Leap","Machine Learning"],"picked":"Cold Snap","floor":7},{"not_picked":["Aggregate","Cold Snap","Rebound"],"picked":"SKIP","floor":11},{"not_picked":["Force Field","Redo"],"picked":"Coolheaded","floor":12},{"not_picked":["Cold Snap","Stack"],"picked":"Core Surge","floor":13},{"not_picked":["Streamline","Sweeping Beam"],"picked":"Hologram","floor":14},{"not_picked":["Thunder Strike","Hyperbeam"],"picked":"Multi-Cast","floor":16},{"not_picked":["Aggregate","Leap"],"picked":"Go for the Eyes","floor":18},{"not_picked":["Cold Snap","Turbo"],"picked":"Glacier","floor":21}],"player_experience":830120,"relics_obtained":[{"floor":7,"key":"Orichalcum"},{"floor":9,"key":"Centennial Puzzle"},{"floor":11,"key":"Letter Opener"}],"event_choices":[{"cards_removed":["Strike_B"],"damage_healed":0,"gold_gain":0,"player_choice":"Card Removal","damage_taken":7,"max_hp_gain":0,"max_hp_loss":0,"event_name":"Golden Wing","floor":2,"gold_loss":0},{"damage_healed":0,"gold_gain":0,"player_choice":"Entered Light","damage_taken":21,"max_hp_gain":0,"max_hp_loss":0,"event_name":"Shining Light","floor":5,"gold_loss":0,"cards_upgraded":["Strike_B","Strike_B"]},{"damage_healed":0,"gold_gain":0,"player_choice":"Joined the Cult","damage_taken":6,"max_hp_gain":0,"max_hp_loss":0,"event_name":"Nest","floor":19,"gold_loss":0,"cards_obtained":["RitualDagger"]},{"damage_healed":0,"gold_gain":0,"player_choice":"Obtained Relic","damage_taken":0,"relics_obtained":["Darkstone Periapt"],"max_hp_gain":0,"max_hp_loss":0,"event_name":"Addict","floor":20,"gold_loss":85}],"is_beta":false,"boss_relics":[{"not_picked":["Empty Cage","Runic Pyramid"],"picked":"Cursed Key"}],"items_purged_floors":[],"is_endless":false,"potions_floor_spawned":[1,4,14,16,21],"killed_by":"Gremlin Leader","ascension_level":20}