{"gold_per_floor":[116,116,134,33,47,74,74,105,130,130,140,140,155,171,171,245,245,245,245,245,245,245,245,245,245,245,245,24,24,24,24,24,24,24,24,24,24,24,24,24,24,24,24,24,24,24,24,24,24,24],"floor_reached":51,"playtime":3235,"items_purged":["Strike_R","Strike_R"],"score":1440,"play_id":"3e61dade-9852-4b00-b68a-8f0bfc7c5f80","local_time":"20190509153123","is_ascension_mode":true,"campfire_choices":[{"data":"Corruption","floor":7.0,"key":"SMITH"},{"data":"Bash","floor":10.0,"key":"SMITH"},{"data":"Burning Pact","floor":12.0,"key":"SMITH"},{"data":"Inflame","floor":15.0,"key":"SMITH"},{"data":"Dark Embrace","floor":23.0,"key":"SMITH"},{"data":"Demon Form","floor":25.0,"key":"SMITH"},{"data":"Headbutt","floor":29.0,"key":"SMITH"},{"data":"Rage","floor":32.0,"key":"SMITH"},{"data":"Limit Break","floor":41.0,"key":"SMITH"},{"data":"Defend_R","floor":44.0,"key":"SMITH"},{"floor":46,"key":"REST"},{"floor":49,"key":"REST"}],"neow_cost":"NONE","seed_source_timestamp":420728356793762,"circlet_count":0,"master_deck":["AscendersBane","Strike_R","Strike_R","Strike_R","Defend_R","Defend_R+1","Defend_R","Defend_R+1","Bash+1","Dramatic Entrance","Carnage+1","Twin Strike","Iron Wave","Corruption+1","Burning Pact+1","Anger","Headbutt+1","Battle Trance+1","Inflame+1","Dark Embrace+1","Shockwave+1","Shrug It Off+1","Disarm+1","Demon Form+1","Rage+1","Limit Break+1","Headbutt+1","Clothesline+1","Madness","Madness","Sword Boomerang+1","Body Slam+1","Normality","Burning Pact","Feed+1","Warcry"],"special_seed":0,"relics":["Burning Blood","PreservedInsect","Centennial Puzzle","Blood Vial","Ectoplasm","Ornamental Fan","Molten Egg 2","Smiling Mask","Dodecahedron","War Paint","Bag of Preparation","MutagenicStrength","Cursed Key","Darkstone Periapt","Omamori"],"potions_floor_usage":[50],"damage_taken":[{"damage":0.0,"enemies":"2 Louse","floor":1.0,"turns":3.0},{"damage":4.0,"enemies":"Jaw Worm","floor":3.0,"turns":2.0},{"damage":0.0,"enemies":"Cultist","floor":5.0,"turns":2.0},{"damage":12.0,"enemies":"3 Sentries","floor":6.0,"turns":8.0},{"damage":17.0,"enemies":"Lagavulin","floor":8.0,"turns":4.0},{"damage":1.0,"enemies":"2 Fungi Beasts","floor":11.0,"turns":3.0},{"damage":4.0,"enemies":"Exordium Wildlife","floor":13.0,"turns":3.0},{"damage":0.0,"enemies":"Large Slime","floor":14.0,"turns":2.0},{"damage":5.0,"enemies":"Slime Boss","floor":16.0,"turns":7.0},{"damage":7.0,"enemies":"Chosen","floor":18.0,"turns":3.0},{"damage":0.0,"enemies":"3 Byrds","floor":21.0,"turns":5.0},{"damage":20.0,"enemies":"Snake Plant","floor":22.0,"turns":2.0},{"damage":6.0,"enemies":"Book of Stabbing","floor":24.0,"turns":3.0},{"damage":9.0,"enemies":"Slavers","floor":27.0,"turns":4.0},{"damage":0.0,"enemies":"Gremlin Leader","floor":30.0,"turns":5.0},{"damage":35.0,"enemies":"Collector","floor":33.0,"turns":6.0},{"damage":0.0,"enemies":"3 Darklings","floor":35.0,"turns":5.0},{"damage":0.0,"enemies":"Orb Walker","floor":36.0,"turns":2.0},{"damage":0.0,"enemies":"Jaw Worm Horde","floor":38.0,"turns":3.0},{"damage":0.0,"enemies":"Giant Head","floor":40.0,"turns":3.0},{"damage":23.0,"enemies":"3 Darklings","floor":42.0,"turns":5.0},{"damage":33,"enemies":"Writhing Mass","floor":45,"turns":6},{"damage":42,"enemies":"Spire Growth","floor":47,"turns":6},{"damage":19,"enemies":"Sphere and 2 Shapes","floor":48,"turns":4},{"damage":30,"enemies":"Time Eater","floor":50,"turns":7}],"seed_played":"-1563521952077247435","potions_obtained":[{"floor":3.0,"key":"Ancient Potion"},{"floor":8.0,"key":"Weak Potion"},{"floor":11.0,"key":"Weak Potion"},{"floor":14.0,"key":"PowerPotion"},{"floor":16.0,"key":"FearPotion"},{"floor":24.0,"key":"Weak Potion"},{"floor":27.0,"key":"Regen Potion"},{"floor":33.0,"key":"Energy Potion"},{"floor":35.0,"key":"PowerPotion"}],"is_trial":false,"path_per_floor":["M","?","M","$","M","E","R","E","T","R","M","R","M","M","R","B",null,"M","?","?","M","M","R","E","R","T","E","$","R","E","?","R","B",null,"M","M","?","M","?","E","R","M","T","R","M","R","M","M","R","B",null],"character_chosen":"IRONCLAD","items_purchased":["Iron Wave","War Paint"],"campfire_rested":2,"item_purchase_floors":[4,28],"current_hp_per_floor":[74,51,53,53,59,53,53,42,42,42,49,49,53,61,61,64,72,73,73,73,75,61,61,63,63,63,62,62,62,70,70,70,55,70,75,75,75,75,61,69,69,54,60,60,35,59,25,18,43,21],"gold":24,"neow_bonus":"RANDOM_COLORLESS","is_prod":false,"is_daily":false,"chose_seed":false,"campfire_upgraded":10,"win_rate":0,"timestamp":1557430283,"path_taken":["M","?","M","$","M","E","R","E","T","R","M","R","M","M","R","BOSS","M","?","?","M","?","R","E","R","T","E","$","R","E","?","R","BOSS","M","M","?","M","?","E","R","M","T","R","M","R","M","M","R","BOSS"],"build_version":"2019-01-23","purchased_purges":2,"victory":true,"max_hp_per_floor":[75,75,75,75,75,75,75,75,75,75,75,75,75,75,75,75,75,75,75,75,75,75,75,75,75,75,75,75,75,75,75,75,75,75,75,75,75,75,75,75,75,75,81,81,81,81,81,85,85,85],"card_choices":[{"not_picked":["Combust","Bloodletting"],"picked":"Carnage","floor":1.0},{"not_picked":["Pummel","Warcry"],"picked":"Twin Strike","floor":3.0},{"not_picked":["Sentinel","Flex"],"picked":"Corruption","floor":5.0},{"not_picked":["Evolve","Body Slam"],"picked":"Burning Pact","floor":6.0},{"not_picked":["True Grit","Wild Strike"],"picked":"Anger","floor":8.0},{"not_picked":["Warcry","Heavy Blade"],"picked":"Headbutt","floor":11.0},{"not_picked":["Evolve","Dropkick"],"picked":"Battle Trance","floor":13.0},{"not_picked":["Rampage","Dropkick"],"picked":"Inflame","floor":14.0},{"not_picked":["Barricade","Juggernaut"],"picked":"Dark Embrace","floor":16.0},{"not_picked":["Wild Strike","Ghostly Armor"],"picked":"Shockwave","floor":18.0},{"not_picked":["Battle Trance","Anger"],"picked":"Shrug It Off+1","floor":21.0},{"not_picked":["Fire Breathing","Twin Strike+1"],"picked":"Disarm+1","floor":22.0},{"not_picked":["Wild Strike+1","Clash"],"picked":"Demon Form","floor":24.0},{"not_picked":["Warcry","Infernal Blade"],"picked":"Heavy Blade+1","floor":27.0},{"not_picked":["Hemokinesis+1","Wild Strike+1"],"picked":"Rage","floor":30.0},{"not_picked":["Exhume","Juggernaut"],"picked":"Limit Break","floor":33.0},{"not_picked":["Combust+1","Clash+1"],"picked":"Headbutt+1","floor":35.0},{"not_picked":["Ghostly Armor","True Grit"],"picked":"Clothesline+1","floor":36.0},{"not_picked":["Wild Strike+1","Clothesline+1","Havoc"],"picked":"SKIP","floor":38.0},{"not_picked":["Dual Wield","Bloodletting"],"picked":"Sword Boomerang+1","floor":40.0},{"not_picked":["Hemokinesis+1","Pummel+1"],"picked":"Body Slam+1","floor":42.0},{"not_picked":["True Grit","Rage"],"picked":"Burning Pact","floor":45},{"not_picked":["Iron Wave+1","Thunderclap+1"],"picked":"Feed+1","floor":47},{"not_picked":["Clothesline+1","Pommel Strike+1"],"picked":"Warcry","floor":48}],"player_experience":461041,"relics_obtained":[{"floor":6.0,"key":"PreservedInsect"},{"floor":8.0,"key":"Centennial Puzzle"},{"floor":9.0,"key":"Blood Vial"},{"floor":24.0,"key":"Molten Egg 2"},{"floor":26.0,"key":"Smiling Mask"},{"floor":27.0,"key":"Dodecahedron"},{"floor":30.0,"key":"Bag of Preparation"},{"floor":40.0,"key":"Darkstone Periapt"},{"floor":43.0,"key":"Omamori"}],"event_choices":[{"damage_healed":0.0,"max_hp_gain":0.0,"max_hp_loss":0.0,"gold_gain":0.0,"event_name":"Shining Light","player_choice":"Entered Light","floor":2.0,"gold_loss":0.0,"damage_taken":23.0,"cards_upgraded":["Carnage","Defend_R"]},{"damage_healed":0.0,"max_hp_gain":0.0,"max_hp_loss":0.0,"gold_gain":0.0,"event_name":"The Mausoleum","player_choice":"Opened","floor":19.0,"gold_loss":0.0,"damage_taken":0.0,"relics_obtained":["Ornamental Fan"],"cards_obtained":["Writhe"]},{"cards_removed":["Writhe"],"damage_healed":0.0,"max_hp_gain":0.0,"max_hp_loss":0.0,"gold_gain":0.0,"event_name":"Fountain of Cleansing","player_choice":"Removed Curses","floor":20.0,"gold_loss":0.0,"damage_taken":0.0},{"damage_healed":0.0,"max_hp_gain":0.0,"max_hp_loss":0.0,"gold_gain":0.0,"event_name":"Drug Dealer","player_choice":"Inject Mutagens","floor":31.0,"gold_loss":0.0,"damage_taken":0.0,"relics_obtained":["MutagenicStrength"]},{"cards_removed":["Heavy Blade"],"damage_healed":0.0,"max_hp_gain":0.0,"max_hp_loss":0.0,"gold_gain":0.0,"event_name":"Falling","player_choice":"Removed Attack","floor":37.0,"gold_loss":0.0,"damage_taken":0.0},{"damage_healed":0.0,"max_hp_gain":0.0,"max_hp_loss":0.0,"gold_gain":0.0,"event_name":"Winding Halls","player_choice":"Embrace Madness","floor":39.0,"gold_loss":0.0,"damage_taken":14.0,"cards_obtained":["Madness","Madness"]}],"is_beta":false,"boss_relics":[{"not_picked":["Black Star","Runic Pyramid"],"picked":"Ectoplasm"},{"not_picked":["Coffee Dripper","Runic Cube"],"picked":"Cursed Key"}],"items_purged_floors":[4,28],"is_endless":false,"potions_floor_spawned":[3,8,11,14,16,24,27,30,33,35,40,45],"ascension_level":16}