{"gold_per_floor":[114,134,134,148,166,166,200,200,279,293,293,293],"floor_reached":12,"playtime":377,"items_purged":[],"score":160,"play_id":"e11e420c-6622-4a28-81c4-8515ff1bd4f8","local_time":"20190526161235","is_ascension_mode":true,"campfire_choices":[{"data":"Streamline","floor":6.0,"key":"SMITH"}],"neow_cost":"NONE","seed_source_timestamp":513749765157993,"circlet_count":0,"master_deck":["AscendersBane","Strike_B","Strike_B","Strike_B","Strike_B","Defend_B","Defend_B","Defend_B","Defend_B","Zap","Dualcast","Streamline+1","Hologram","Go for the Eyes","Static Discharge","Go for the Eyes+1"],"special_seed":0,"relics":["Cracked Core","Oddly Smooth Stone","Peace Pipe","Molten Egg 2","Smiling Mask"],"potions_floor_usage":[10],"damage_taken":[{"damage":2.0,"enemies":"2 Louse","floor":1.0,"turns":2.0},{"damage":6.0,"enemies":"Cultist","floor":2.0,"turns":3.0},{"damage":1.0,"enemies":"Jaw Worm","floor":4.0,"turns":4.0},{"damage":7.0,"enemies":"3 Louse","floor":5.0,"turns":2.0},{"damage":23.0,"enemies":"Lagavulin","floor":7.0,"turns":5.0},{"damage":0,"enemies":"Large Slime","floor":10,"turns":4},{"damage":14,"enemies":"3 Sentries","floor":12,"turns":2}],"seed_played":"-3522878686720535295","potions_obtained":[{"floor":2.0,"key":"AttackPotion"},{"floor":7.0,"key":"Swift Potion"}],"is_trial":false,"path_per_floor":["M","M","?","M","M","R","E","?","T","M","?","E"],"character_chosen":"DEFECT","items_purchased":[],"campfire_rested":0,"item_purchase_floors":[],"current_hp_per_floor":[62,56,61,60,53,53,30,30,30,30,12,0],"gold":293,"neow_bonus":"RANDOM_COMMON_RELIC","is_prod":false,"is_daily":false,"chose_seed":false,"campfire_upgraded":1,"win_rate":0,"timestamp":1558901555,"path_taken":["M","M","?","M","M","R","E","?","T","?","?","E"],"build_version":"2019-01-23","purchased_purges":0,"victory":false,"max_hp_per_floor":[71,71,76,76,76,76,76,76,76,76,76,76],"card_choices":[{"not_picked":["Hologram","Turbo"],"picked":"Streamline","floor":1.0},{"not_picked":["Turbo","Fusion"],"picked":"Hologram","floor":2.0},{"not_picked":["Storm","Leap"],"picked":"Go for the Eyes","floor":4.0},{"not_picked":["Skim","Streamline","Sunder"],"picked":"SKIP","floor":5.0},{"not_picked":["Stack","Steam Power"],"picked":"Static Discharge","floor":7.0},{"not_picked":["Redo","Conserve Battery"],"picked":"Go for the Eyes+1","floor":10}],"player_experience":822762,"relics_obtained":[{"floor":7.0,"key":"Peace Pipe"},{"floor":9,"key":"Molten Egg 2"}],"event_choices":[{"damage_healed":0.0,"max_hp_gain":5.0,"max_hp_loss":0.0,"gold_gain":0.0,"event_name":"Big Fish","player_choice":"Donut","floor":3.0,"gold_loss":0.0,"damage_taken":0.0},{"damage_healed":0,"gold_gain":0,"player_choice":"Leave","damage_taken":0,"max_hp_gain":0,"max_hp_loss":0,"event_name":"FaceTrader","floor":8,"gold_loss":0},{"damage_healed":0,"gold_gain":0,"player_choice":"Success","damage_taken":18,"relics_obtained":["Smiling Mask"],"max_hp_gain":0,"max_hp_loss":0,"event_name":"Scrap Ooze","floor":11,"gold_loss":0}],"is_beta":false,"boss_relics":[],"items_purged_floors":[],"is_endless":false,"potions_floor_spawned":[2,7],"killed_by":"3 Sentries","ascension_level":20}