{"gold_per_floor":[114,114,39,39,39,39,64,13,58,78,78,90,20,37,37,37],"floor_reached":16,"playtime":382,"items_purged":["Strike_G"],"score":215,"play_id":"cf9b9974-7332-4541-81b0-01fb51b07f84","local_time":"20190524035147","is_ascension_mode":true,"campfire_choices":[{"data":"Cloak And Dagger","floor":6,"key":"SMITH"},{"data":"Die Die Die","floor":11,"key":"SMITH"},{"data":"Leg Sweep","floor":15,"key":"SMITH"}],"neow_cost":"NONE","seed_source_timestamp":35760907431702,"circlet_count":0,"master_deck":["AscendersBane","Defend_G","Defend_G","Defend_G","Defend_G","Defend_G","Strike_G","Strike_G","Strike_G","Strike_G","Survivor","Neutralize+1","Cloak And Dagger+1","Die Die Die+1","Dodge and Roll","Blur","Deflect","Leg Sweep+1"],"special_seed":0,"relics":["Ring of the Snake","NeowsBlessing","Oddly Smooth Stone","Lantern","Potion Belt"],"potions_floor_usage":[16,16],"damage_taken":[{"damage":0.0,"enemies":"Jaw Worm","floor":1.0,"turns":1.0},{"damage":0,"enemies":"Lagavulin","floor":7,"turns":1},{"damage":0,"enemies":"2 Louse","floor":10,"turns":1},{"damage":0,"enemies":"Cultist","floor":12,"turns":3},{"damage":0,"enemies":"Gremlin Gang","floor":14,"turns":3},{"damage":73,"enemies":"Slime Boss","floor":16,"turns":17}],"seed_played":"6187855486108779671","potions_obtained":[{"floor":7,"key":"LiquidBronze"},{"floor":10,"key":"Regen Potion"}],"is_trial":false,"path_per_floor":["M","?","$","?","?","R","E","$","T","M","R","M","$","M","R","B"],"character_chosen":"THE_SILENT","items_purchased":["Dodge and Roll","Leg Sweep"],"campfire_rested":0,"item_purchase_floors":[8,13],"current_hp_per_floor":[59,59,59,54,54,54,54,54,54,54,54,54,54,54,54,0],"gold":37,"neow_bonus":"THREE_ENEMY_KILL","is_prod":false,"is_daily":false,"chose_seed":false,"campfire_upgraded":3,"win_rate":0,"timestamp":1558662707,"path_taken":["M","?","$","?","?","R","E","$","T","M","R","M","$","M","R","BOSS"],"build_version":"2019-01-23","purchased_purges":1,"victory":false,"max_hp_per_floor":[66,66,66,66,66,66,66,66,66,66,66,66,66,66,66,66],"card_choices":[{"not_picked":["Underhanded Strike","Riddle With Holes"],"picked":"Cloak And Dagger","floor":1},{"not_picked":["Bullet Time","Underhanded Strike","Predator"],"picked":"SKIP","floor":7},{"not_picked":["Dagger Throw","Predator"],"picked":"Blur","floor":10},{"not_picked":["Dagger Throw","Underhanded Strike"],"picked":"Deflect","floor":12},{"not_picked":["Infinite Blades","Flying Knee","Slice"],"picked":"SKIP","floor":14}],"player_experience":657481,"relics_obtained":[{"floor":7,"key":"Lantern"},{"floor":9,"key":"Potion Belt"}],"event_choices":[{"damage_healed":0,"gold_gain":0,"player_choice":"Grow","damage_taken":0,"max_hp_gain":0,"max_hp_loss":0,"event_name":"Living Wall","floor":2,"gold_loss":0,"cards_upgraded":["Neutralize"]},{"damage_healed":0,"gold_gain":0,"player_choice":"Success","damage_taken":5,"relics_obtained":["Oddly Smooth Stone"],"max_hp_gain":0,"max_hp_loss":0,"event_name":"Scrap Ooze","floor":4,"gold_loss":0},{"damage_healed":0,"gold_gain":0,"player_choice":"1 cards matched","damage_taken":0,"max_hp_gain":0,"max_hp_loss":0,"event_name":"Match and Keep!","floor":5,"gold_loss":0,"cards_obtained":["Die Die Die"]}],"is_beta":false,"boss_relics":[],"items_purged_floors":[3],"is_endless":false,"potions_floor_spawned":[7,10],"killed_by":"Slime Boss","ascension_level":15}