{"gold_per_floor":[114,114,125,142,142,177,190,190,264,112,127,154,154,187,187,284,284,296,306,306,306,326,356,356,369,369,134,134,152,27,37,37,37],"floor_reached":33,"playtime":3180,"items_purged":["Strike_R","Strike_R","Defend_R"],"score":330,"play_id":"fc3bda83-6003-4639-be2e-bc0435fb7a64","local_time":"20190415155218","is_ascension_mode":true,"campfire_choices":[{"data":"Pommel Strike","floor":8,"key":"SMITH"},{"floor":13,"key":"REST"},{"data":"Entrench","floor":15,"key":"SMITH"},{"data":"Shockwave","floor":24,"key":"SMITH"},{"floor":32,"key":"REST"}],"neow_cost":"NONE","seed_source_timestamp":3550026170273315,"circlet_count":0,"master_deck":["Strike_R","Strike_R","Strike_R","Defend_R","Defend_R","Bash","Shrug It Off","Heavy Blade","Burning Pact","Whirlwind","Pommel Strike+1","Inflame","True Grit","Shockwave+1","Entrench+1","Demon Form","Sword Boomerang","Twin Strike","RitualDagger","Exhume","Flame Barrier","Iron Wave","Demon Form","Exhume","Disarm"],"relics":["Burning Blood","Calipers","Happy Flower","Darkstone Periapt","Torii","Champion Belt","Mark of Pain","Mercury Hourglass","Bottled Lightning"],"potions_floor_usage":[7,14,16,33,33,33],"damage_taken":[{"damage":0,"enemies":"Small Slimes","floor":1,"turns":3},{"damage":6,"enemies":"2 Louse","floor":3,"turns":4},{"damage":4,"enemies":"Jaw Worm","floor":4,"turns":5},{"damage":39,"enemies":"Gremlin Nob","floor":6,"turns":5},{"damage":17,"enemies":"Large Slime","floor":7,"turns":9},{"damage":8,"enemies":"2 Fungi Beasts","floor":11,"turns":3},{"damage":23,"enemies":"3 Sentries","floor":12,"turns":7},{"damage":11,"enemies":"Lagavulin","floor":14,"turns":5},{"damage":25,"enemies":"The Guardian","floor":16,"turns":12},{"damage":8,"enemies":"Chosen","floor":18,"turns":4},{"damage":10,"enemies":"Shell Parasite","floor":19,"turns":4},{"damage":1,"enemies":"Snecko","floor":22,"turns":4},{"damage":36,"enemies":"Slavers","floor":23,"turns":4},{"damage":21,"enemies":"Centurion and Healer","floor":25,"turns":5},{"damage":18,"enemies":"Colosseum Slavers","floor":28,"turns":4},{"damage":2,"enemies":"Cultist and Chosen","floor":29,"turns":4},{"damage":14,"enemies":"Snake Plant","floor":31,"turns":4},{"damage":47,"enemies":"Champ","floor":33,"turns":9}],"seed_played":"6398610886981737332","potions_obtained":[{"floor":6,"key":"FearPotion"},{"floor":11,"key":"SteroidPotion"},{"floor":12,"key":"EssenceOfSteel"},{"floor":23,"key":"Weak Potion"},{"floor":29,"key":"Explosive Potion"},{"floor":31,"key":"PowerPotion"}],"is_trial":false,"path_per_floor":["M","?","M","M","?","E","M","R","T","$","M","E","R","E","R","B",null,"M","M","?","?","M","E","R","M","T","$","?","M","$","M","R","B"],"character_chosen":"IRONCLAD","items_purchased":["Inflame","Demon Form"],"campfire_rested":2,"item_purchase_floors":[10,27],"current_hp_per_floor":[88,76,76,78,78,45,34,34,34,34,32,15,41,36,36,17,88,86,82,76,76,81,51,51,36,36,36,24,28,28,20,46,0],"gold":37,"neow_bonus":"TEN_PERCENT_HP_BONUS","is_prod":false,"is_daily":false,"chose_seed":false,"campfire_upgraded":3,"win_rate":0,"timestamp":1555357938,"path_taken":["M","?","M","M","?","E","M","R","T","$","M","E","R","E","R","BOSS","M","M","?","?","M","E","R","M","T","$","?","M","$","M","R","BOSS"],"build_version":"2019-01-23","purchased_purges":3,"victory":false,"max_hp_per_floor":[88,88,88,88,88,88,88,88,88,88,88,88,88,88,88,88,88,88,88,88,88,88,88,88,88,88,88,88,88,88,88,88,88],"card_choices":[{"not_picked":["Pommel Strike","Disarm"],"picked":"Shrug It Off","floor":1},{"not_picked":["Combust","Second Wind"],"picked":"Heavy Blade","floor":3},{"not_picked":["Hemokinesis","Wild Strike"],"picked":"Burning Pact","floor":4},{"not_picked":["Reckless Charge","Exhume"],"picked":"Whirlwind","floor":6},{"not_picked":["Whirlwind","Headbutt"],"picked":"Pommel Strike","floor":7},{"not_picked":["Perfected Strike","Pummel"],"picked":"True Grit","floor":11},{"not_picked":["Brutality","Power Through"],"picked":"Shockwave","floor":12},{"not_picked":["Body Slam","Rage"],"picked":"Entrench","floor":14},{"not_picked":["Double Tap","Berserk"],"picked":"Demon Form","floor":16},{"not_picked":["Twin Strike","Perfected Strike"],"picked":"Sword Boomerang","floor":18},{"not_picked":["Cleave","Anger"],"picked":"Twin Strike","floor":19},{"not_picked":["Battle Trance","Wild Strike+1"],"picked":"Exhume","floor":22},{"not_picked":["Wild Strike+1","Clash+1"],"picked":"Flame Barrier","floor":23},{"not_picked":["True Grit","Heavy Blade"],"picked":"Iron Wave","floor":25},{"not_picked":["Cleave","Wild Strike"],"picked":"Exhume","floor":29},{"not_picked":["Heavy Blade","Seeing Red"],"picked":"Disarm","floor":31}],"player_experience":88667,"relics_obtained":[{"floor":6,"key":"Happy Flower"},{"floor":9,"key":"Darkstone Periapt"},{"floor":12,"key":"Torii"},{"floor":14,"key":"Champion Belt"},{"floor":23,"key":"Mercury Hourglass"},{"floor":26,"key":"Bottled Lightning"}],"event_choices":[{"damage_healed":0,"gold_gain":0,"player_choice":"Success","damage_taken":12,"relics_obtained":["Calipers"],"max_hp_gain":0,"max_hp_loss":0,"event_name":"Scrap Ooze","floor":2,"gold_loss":0},{"cards_removed":["Defend_R"],"damage_healed":0,"gold_gain":0,"player_choice":"Forget","damage_taken":0,"max_hp_gain":0,"max_hp_loss":0,"event_name":"Living Wall","floor":5,"gold_loss":0},{"damage_healed":0,"gold_gain":0,"player_choice":"Joined the Cult","damage_taken":6,"max_hp_gain":0,"max_hp_loss":0,"event_name":"Nest","floor":20,"gold_loss":0,"cards_obtained":["RitualDagger"]},{"damage_healed":0,"gold_gain":0,"player_choice":"Ignored","damage_taken":0,"max_hp_gain":0,"max_hp_loss":0,"event_name":"Ghosts","floor":21,"gold_loss":0},{"damage_healed":0,"gold_gain":0,"player_choice":"Fight","damage_taken":0,"max_hp_gain":0,"max_hp_loss":0,"event_name":"Colosseum","floor":28,"gold_loss":0},{"damage_healed":0,"gold_gain":0,"player_choice":"Fled From Nobs","damage_taken":0,"max_hp_gain":0,"max_hp_loss":0,"event_name":"Colosseum","floor":28,"gold_loss":0}],"is_beta":false,"boss_relics":[{"not_picked":["Runic Pyramid","Philosopher\u0027s Stone"],"picked":"Mark of Pain"}],"items_purged_floors":[10,27,30],"is_endless":false,"potions_floor_spawned":[6,11,12,23,29,31],"killed_by":"Champ","ascension_level":3}