{"gold_per_floor":[119,44,57,57,57,84,84,84,84,119,138,363,363],"floor_reached":13,"playtime":444,"items_purged":["Normality"],"score":155,"play_id":"f246ff1a-5c73-48ad-ac77-d331af832aa4","local_time":"20190508231737","is_ascension_mode":true,"campfire_choices":[{"data":"Entrench","floor":7,"key":"SMITH"}],"neow_cost":"CURSE","seed_source_timestamp":365263653869186,"circlet_count":0,"master_deck":["AscendersBane","Strike_R","Strike_R","Strike_R","Strike_R","Strike_R","Defend_R+1","Defend_R","Defend_R","Defend_R","Bash","Iron Wave","Clothesline+1","Entrench+1","Pommel Strike","Anger","Doubt"],"relics":["Burning Blood","Ginger","Blue Candle","SsserpentHead","Bottled Lightning","Juzu Bracelet"],"potions_floor_usage":[10,10],"damage_taken":[{"damage":2,"enemies":"Jaw Worm","floor":1,"turns":3},{"damage":0,"enemies":"2 Louse","floor":3,"turns":4},{"damage":38,"enemies":"Lagavulin","floor":6,"turns":7},{"damage":27,"enemies":"3 Sentries","floor":10,"turns":12},{"damage":7,"enemies":"Small Slimes","floor":11,"turns":3},{"damage":12,"enemies":"Gremlin Gang","floor":13,"turns":2}],"seed_played":"-6131442809068764991","potions_obtained":[{"floor":1,"key":"GamblersBrew"},{"floor":6,"key":"GamblersBrew"}],"is_trial":false,"path_per_floor":["M","$","M","?","?","E","R","?","T","E","M","?","M"],"character_chosen":"IRONCLAD","items_purchased":[],"campfire_rested":0,"item_purchase_floors":[],"current_hp_per_floor":[72,72,75,60,65,33,33,33,33,12,11,11,0],"gold":363,"neow_bonus":"ONE_RARE_RELIC","is_prod":false,"is_daily":false,"chose_seed":false,"campfire_upgraded":1,"win_rate":0,"timestamp":1557371857,"path_taken":["M","$","M","?","?","E","R","?","T","E","M","?","M"],"build_version":"2019-01-23","purchased_purges":1,"victory":false,"max_hp_per_floor":[75,75,75,75,80,80,80,80,80,80,80,80,80],"card_choices":[{"not_picked":["Havoc","Thunderclap"],"picked":"Iron Wave","floor":1},{"not_picked":["Burning Pact","Seeing Red"],"picked":"Clothesline","floor":3},{"not_picked":["Clash","Perfected Strike"],"picked":"Entrench","floor":6},{"not_picked":["Wild Strike","Carnage"],"picked":"Pommel Strike","floor":10},{"not_picked":["Feel No Pain","Rupture"],"picked":"Anger","floor":11}],"player_experience":439661,"relics_obtained":[{"floor":6,"key":"Blue Candle"},{"floor":9,"key":"Bottled Lightning"},{"floor":10,"key":"Juzu Bracelet"}],"event_choices":[{"damage_healed":0,"gold_gain":0,"player_choice":"Entered Light","damage_taken":15,"max_hp_gain":0,"max_hp_loss":0,"event_name":"Shining Light","floor":4,"gold_loss":0,"cards_upgraded":["Clothesline","Defend_R"]},{"damage_healed":0,"gold_gain":0,"player_choice":"Donut","damage_taken":0,"max_hp_gain":5,"max_hp_loss":0,"event_name":"Big Fish","floor":5,"gold_loss":0},{"damage_healed":0,"gold_gain":0,"player_choice":"Trade","damage_taken":0,"relics_obtained":["SsserpentHead"],"max_hp_gain":0,"max_hp_loss":0,"event_name":"FaceTrader","floor":8,"gold_loss":0},{"damage_healed":0,"gold_gain":175,"player_choice":"AGREE","damage_taken":0,"max_hp_gain":0,"max_hp_loss":0,"event_name":"Liars Game","floor":12,"gold_loss":0,"cards_obtained":["Doubt"]}],"is_beta":false,"boss_relics":[],"items_purged_floors":[2],"is_endless":false,"potions_floor_spawned":[1,6],"killed_by":"Gremlin Gang","ascension_level":14}