{"gold_per_floor":[115,115,134,144,161,161,195,195,220,230,230,243,258,274,274,274],"floor_reached":16,"playtime":945,"items_purged":[],"score":212,"play_id":"df27927e-a511-40f0-9fed-b287103b8a02","local_time":"20190522150000","is_ascension_mode":true,"campfire_choices":[{"data":"Zap","floor":6,"key":"SMITH"},{"data":"Sweeping Beam","floor":8,"key":"SMITH"},{"data":"Buffer","floor":11,"key":"SMITH"},{"data":"Consume","floor":15,"key":"SMITH"}],"neow_cost":"NONE","seed_source_timestamp":163301495634983,"circlet_count":0,"master_deck":["AscendersBane","Strike_B","Strike_B","Strike_B","Defend_B","Defend_B","Defend_B","Defend_B","Zap+1","Dualcast","Compile Driver","Ball Lightning","Coolheaded","Sweeping Beam+1","Buffer+1","Glacier","Consume+1","Reprogram"],"relics":["Cracked Core","Orichalcum","Centennial Puzzle"],"potions_floor_usage":[7,12,16,16],"damage_taken":[{"damage":2,"enemies":"Cultist","floor":1,"turns":4},{"damage":4,"enemies":"2 Louse","floor":3,"turns":2},{"damage":14,"enemies":"Small Slimes","floor":4,"turns":3},{"damage":1,"enemies":"Blue Slaver","floor":5,"turns":4},{"damage":19,"enemies":"Gremlin Nob","floor":7,"turns":4},{"damage":0,"enemies":"Looter","floor":10,"turns":3},{"damage":0,"enemies":"Large Slime","floor":12,"turns":6},{"damage":5,"enemies":"3 Louse","floor":13,"turns":4},{"damage":0,"enemies":"2 Fungi Beasts","floor":14,"turns":5},{"damage":26,"enemies":"Hexaghost","floor":16,"turns":9}],"seed_played":"-8278897925628394098","potions_obtained":[{"floor":5,"key":"Block Potion"},{"floor":7,"key":"Energy Potion"},{"floor":10,"key":"Strength Potion"},{"floor":14,"key":"GamblersBrew"}],"is_trial":false,"path_per_floor":["M","?","M","M","M","R","E","R","T","M","R","M","M","M","R","B"],"character_chosen":"DEFECT","items_purchased":[],"campfire_rested":0,"item_purchase_floors":[],"current_hp_per_floor":[69,69,65,51,50,50,31,31,31,31,31,31,26,26,26,0],"gold":274,"neow_bonus":"TEN_PERCENT_HP_BONUS","is_prod":false,"is_daily":false,"chose_seed":false,"campfire_upgraded":4,"win_rate":0,"timestamp":1558551600,"path_taken":["M","?","M","M","M","R","E","R","T","M","R","M","M","M","R","BOSS"],"build_version":"2019-01-23","purchased_purges":0,"victory":false,"max_hp_per_floor":[78,78,78,78,78,78,78,78,78,78,78,78,78,78,78,78],"card_choices":[{"not_picked":["Streamline","Gash"],"picked":"Compile Driver","floor":1},{"not_picked":["Storm","Steam Power"],"picked":"Ball Lightning","floor":3},{"not_picked":["Barrage","Hologram"],"picked":"Coolheaded","floor":4},{"not_picked":["Tempest","Force Field"],"picked":"Sweeping Beam","floor":5},{"not_picked":["Rip and Tear","Chaos","Hello World"],"picked":"SKIP","floor":7},{"not_picked":["Rebound","Glacier"],"picked":"Buffer","floor":10},{"not_picked":["Leap","Compile Driver"],"picked":"Glacier","floor":12},{"not_picked":["Barrage","Conserve Battery"],"picked":"Consume","floor":13},{"not_picked":["Ball Lightning","Fusion"],"picked":"Reprogram","floor":14}],"player_experience":739818,"relics_obtained":[{"floor":7,"key":"Orichalcum"},{"floor":9,"key":"Centennial Puzzle"}],"event_choices":[{"cards_removed":["Strike_B"],"damage_healed":0,"gold_gain":0,"player_choice":"Purged","damage_taken":0,"max_hp_gain":0,"max_hp_loss":0,"event_name":"Purifier","floor":2,"gold_loss":0}],"is_beta":false,"boss_relics":[],"items_purged_floors":[],"is_endless":false,"potions_floor_spawned":[5,7,10,14],"killed_by":"Hexaghost","ascension_level":20}