{"gold_per_floor":[116,132,148,161,12,39,39,39,39,50,50,67,82,107,107,212,212,199,199,217,217],"floor_reached":21,"playtime":1413,"items_purged":[],"score":232,"play_id":"e51934cf-21cd-4d88-8186-6731465039be","local_time":"20181112192628","is_ascension_mode":true,"campfire_choices":[{"data":"Dualcast","floor":8,"key":"SMITH"},{"floor":11,"key":"REST"},{"floor":15,"key":"REST"}],"neow_cost":"NONE","seed_source_timestamp":502841535769015,"circlet_count":0,"master_deck":["Strike_B","Strike_B","Strike_B+1","Strike_B","Defend_B","Defend_B","Defend_B","Defend_B","Zap+1","Dualcast+1","Go for the Eyes","Steam","Redo","Coolheaded","Capacitor","Rainbow","Sunder+1","Sweeping Beam","Tempest","Loop","Undo","Echo Form","Beam Cell","Cold Snap"],"special_seed":0,"relics":["Cracked Core","Whetstone","Pantograph","Shuriken","Inserter"],"potions_floor_usage":[6,16,16,16],"damage_taken":[{"damage":4.0,"enemies":"2 Louse","floor":1.0,"turns":3.0},{"damage":1.0,"enemies":"Cultist","floor":2.0,"turns":3.0},{"damage":4.0,"enemies":"Jaw Worm","floor":3.0,"turns":2.0},{"damage":2.0,"enemies":"Large Slime","floor":4.0,"turns":6.0},{"damage":24,"enemies":"Lagavulin","floor":6,"turns":6},{"damage":8,"enemies":"Red Slaver","floor":10,"turns":2},{"damage":6,"enemies":"Blue Slaver","floor":12,"turns":2},{"damage":1,"enemies":"Exordium Thugs","floor":13,"turns":3},{"damage":22,"enemies":"3 Sentries","floor":14,"turns":6},{"damage":19,"enemies":"Hexaghost","floor":16,"turns":8},{"damage":41,"enemies":"2 Thieves","floor":18,"turns":4},{"damage":22,"enemies":"Spheric Guardian","floor":20,"turns":4},{"damage":11,"enemies":"Snecko","floor":21,"turns":4}],"seed_played":"-7280997292018813934","potions_obtained":[{"floor":2.0,"key":"SpeedPotion"},{"floor":3.0,"key":"EssenceOfSteel"},{"floor":4.0,"key":"Poison Potion"},{"floor":12,"key":"EssenceOfSteel"},{"floor":13,"key":"Poison Potion"},{"floor":20,"key":"SpeedPotion"}],"is_trial":false,"path_per_floor":["M","M","M","M","$","E","?","R","T","M","R","M","M","E","R","B",null,"M","?","M","M"],"character_chosen":"DEFECT","items_purchased":["Rainbow","Sunder"],"campfire_rested":2,"item_purchase_floors":[5,5],"current_hp_per_floor":[71,70,66,64,64,40,40,40,40,32,54,48,47,25,47,53,75,34,34,12,1],"gold":217,"neow_bonus":"THREE_CARDS","is_prod":false,"is_daily":false,"chose_seed":false,"campfire_upgraded":1,"win_rate":0,"timestamp":1542068788,"path_taken":["M","M","M","M","$","E","?","R","T","?","R","M","M","E","R","BOSS","M","?","M","M"],"build_version":"2018-11-08","purchased_purges":0,"victory":false,"max_hp_per_floor":[75,75,75,75,75,75,75,75,75,75,75,75,75,75,75,75,75,75,75,75,75],"card_choices":[{"not_picked":["Turbo","Steam"],"picked":"Go for the Eyes","floor":0.0},{"not_picked":["Go for the Eyes","Blizzard"],"picked":"Steam","floor":1.0},{"not_picked":["Doom and Gloom","Steam"],"picked":"Redo","floor":2.0},{"not_picked":["Genetic Algorithm","Doom and Gloom"],"picked":"Coolheaded","floor":3.0},{"not_picked":["Beam Cell","Rebound"],"picked":"Capacitor","floor":4.0},{"not_picked":["Chaos","Tempest"],"picked":"Sweeping Beam","floor":6},{"not_picked":["Rebound","Capacitor"],"picked":"Tempest","floor":10},{"not_picked":["Reprogram","Sweeping Beam","Rip and Tear"],"picked":"SKIP","floor":12},{"not_picked":["Reprogram","Coolheaded"],"picked":"Loop","floor":13},{"not_picked":["Beam Cell","Barrage"],"picked":"Undo","floor":14},{"not_picked":["Amplify","Meteor Strike"],"picked":"Echo Form","floor":16},{"not_picked":["Gash","Redo"],"picked":"Beam Cell","floor":18},{"not_picked":["Blizzard","Beam Cell+1"],"picked":"Cold Snap","floor":20}],"player_experience":146593,"relics_obtained":[{"floor":6,"key":"Whetstone"},{"floor":9,"key":"Pantograph"},{"floor":14,"key":"Shuriken"}],"event_choices":[{"damage_healed":0,"gold_gain":0,"player_choice":"Forge","damage_taken":0,"max_hp_gain":0,"max_hp_loss":0,"event_name":"Accursed Blacksmith","floor":7,"gold_loss":0,"cards_upgraded":["Zap"]},{"damage_healed":0,"gold_gain":0,"player_choice":"Ignored","damage_taken":0,"max_hp_gain":0,"max_hp_loss":0,"event_name":"Beggar","floor":19,"gold_loss":0}],"is_beta":false,"boss_relics":[{"not_picked":["Runic Dome","Eternal Feather"],"picked":"Inserter"}],"items_purged_floors":[],"is_endless":false,"potions_floor_spawned":[2,3,4,12,13,20],"killed_by":"Snecko","ascension_level":4}