{"gold_per_floor":[118,129,12,31,31,43,69,106,118,130,158,170,194,218,230,314,326,358,386,82,100,111,137,137,137,137,157,174,185,29,0,0,0],"floor_reached":33,"playtime":1588,"items_purged":["Strike_B","Pain"],"score":571,"play_id":"5df50589-4c98-492e-980d-e31db1c12878","local_time":"20190523165638","is_ascension_mode":true,"campfire_choices":[{"floor":6.0,"key":"REST"},{"data":"Coolheaded","floor":12.0,"key":"SMITH"},{"floor":15.0,"key":"REST"},{"floor":24.0,"key":"REST"},{"floor":32.0,"key":"REST"}],"neow_cost":"NONE","seed_source_timestamp":255789872802514,"circlet_count":0,"master_deck":["AscendersBane","Defend_B","Defend_B","Defend_B","Defend_B","Zap","Dualcast","Darkness","Redo","FTL","Genetic Algorithm","Melter","Glacier","Coolheaded+1","Defragment+1","Blizzard","Electrodynamics+1","Cold Snap","Loop+1","Hologram","Doom and Gloom","Glacier","Bite","Bite","Bite","Bite","Bite","Go for the Eyes","Loop+1","Compile Driver+1"],"special_seed":0,"relics":["Cracked Core","Pen Nib","MawBank","Frozen Egg 2","Omamori","CultistMask","Calling Bell","Potion Belt","Shuriken","StoneCalendar","Lee\u0027s Waffle","Question Card","Kunai"],"potions_floor_usage":[],"damage_taken":[{"damage":2.0,"enemies":"2 Louse","floor":1.0,"turns":3.0},{"damage":2.0,"enemies":"Jaw Worm","floor":2.0,"turns":4.0},{"damage":0.0,"enemies":"Cultist","floor":4.0,"turns":2.0},{"damage":1.0,"enemies":"2 Fungi Beasts","floor":7.0,"turns":3.0},{"damage":8.0,"enemies":"Gremlin Nob","floor":8.0,"turns":3.0},{"damage":1.0,"enemies":"Blue Slaver","floor":11.0,"turns":4.0},{"damage":21.0,"enemies":"Gremlin Gang","floor":13.0,"turns":7.0},{"damage":0.0,"enemies":"3 Louse","floor":14.0,"turns":2.0},{"damage":7.0,"enemies":"The Guardian","floor":16.0,"turns":9.0},{"damage":0.0,"enemies":"Chosen","floor":18.0,"turns":3.0},{"damage":35.0,"enemies":"2 Thieves","floor":19.0,"turns":4.0},{"damage":4.0,"enemies":"Sentry and Sphere","floor":21.0,"turns":4.0},{"damage":31.0,"enemies":"Chosen and Byrds","floor":22.0,"turns":7.0},{"damage":35.0,"enemies":"Slavers","floor":23.0,"turns":3.0},{"damage":33.0,"enemies":"Centurion and Healer","floor":27.0,"turns":7.0},{"damage":11.0,"enemies":"Snecko","floor":28.0,"turns":7.0},{"damage":0.0,"enemies":"Snake Plant","floor":29.0,"turns":2.0},{"damage":32,"enemies":"Champ","floor":33,"turns":2}],"seed_played":"-7448851812654125168","potions_obtained":[{"floor":1.0,"key":"SkillPotion"},{"floor":4.0,"key":"AttackPotion"},{"floor":8.0,"key":"FearPotion"},{"floor":13.0,"key":"AttackPotion"},{"floor":14.0,"key":"PowerPotion"},{"floor":19.0,"key":"Ancient Potion"},{"floor":22.0,"key":"FearPotion"},{"floor":28.0,"key":"AttackPotion"}],"is_trial":false,"path_per_floor":["M","M","$","M","?","R","M","E","T","?","M","R","M","M","R","B",null,"M","M","$","M","M","E","R","?","T","M","M","M","$","?","R","B"],"character_chosen":"DEFECT","items_purchased":["FTL","Lee\u0027s Waffle","Loop+1","SteroidPotion"],"campfire_rested":4,"item_purchase_floors":[3,20,20,30],"current_hp_per_floor":[62,60,60,60,25,46,45,37,37,37,36,36,15,15,36,29,61,61,26,78,74,43,8,31,31,31,4,3,5,5,5,21,0],"gold":0,"neow_bonus":"RANDOM_COMMON_RELIC","is_prod":false,"is_daily":false,"chose_seed":false,"campfire_upgraded":1,"win_rate":0,"timestamp":1558644998,"path_taken":["M","M","$","M","?","R","M","E","T","?","M","R","M","?","R","BOSS","M","M","$","M","M","E","R","?","T","M","M","M","$","?","R","BOSS"],"build_version":"2019-01-23","purchased_purges":2,"victory":false,"max_hp_per_floor":[71,71,71,71,71,71,71,71,71,71,71,71,71,71,71,71,71,71,71,78,78,78,78,78,54,54,54,54,54,54,54,54,54],"card_choices":[{"not_picked":["Scrape","Force Field"],"picked":"Darkness","floor":1.0},{"not_picked":["Steam","Reprogram"],"picked":"Redo","floor":2.0},{"not_picked":["Steam","Undo"],"picked":"Genetic Algorithm","floor":4.0},{"not_picked":["Turbo","BootSequence"],"picked":"Melter","floor":7.0},{"not_picked":["Seek","Turbo"],"picked":"Glacier","floor":8.0},{"not_picked":["Barrage","Fusion"],"picked":"Coolheaded","floor":11.0},{"not_picked":["Turbo","Compile Driver"],"picked":"Defragment+1","floor":13.0},{"not_picked":["Steam","Glacier"],"picked":"Blizzard","floor":14.0},{"not_picked":["Multi-Cast","Seek"],"picked":"Electrodynamics+1","floor":16.0},{"not_picked":["Hello World+1","Force Field"],"picked":"Cold Snap","floor":18.0},{"not_picked":["Turbo","Go for the Eyes","Leap"],"picked":"SKIP","floor":19.0},{"not_picked":["Compile Driver","Melter"],"picked":"Hologram","floor":21.0},{"not_picked":["Turbo","Chill"],"picked":"Doom and Gloom","floor":22.0},{"not_picked":["Beam Cell","Doom and Gloom"],"picked":"Glacier","floor":23.0},{"not_picked":["Sweeping Beam","Conserve Battery","Compile Driver"],"picked":"Go for the Eyes","floor":27.0},{"not_picked":["Beam Cell+1","Turbo","Ball Lightning"],"picked":"Loop+1","floor":28.0},{"not_picked":["Consume+1","Beam Cell","Stack"],"picked":"Compile Driver+1","floor":29.0}],"player_experience":769933,"relics_obtained":[{"floor":8.0,"key":"Frozen Egg 2"},{"floor":9.0,"key":"Omamori"},{"floor":17.0,"key":"Potion Belt"},{"floor":17.0,"key":"Shuriken"},{"floor":17.0,"key":"StoneCalendar"},{"floor":23.0,"key":"Question Card"},{"floor":26.0,"key":"Kunai"}],"event_choices":[{"damage_healed":0.0,"max_hp_gain":0.0,"max_hp_loss":0.0,"gold_gain":0.0,"event_name":"Scrap Ooze","player_choice":"Success","floor":5.0,"gold_loss":0.0,"damage_taken":35.0,"relics_obtained":["MawBank"]},{"damage_healed":0.0,"max_hp_gain":0.0,"max_hp_loss":0.0,"gold_gain":0.0,"event_name":"FaceTrader","player_choice":"Trade","floor":10.0,"gold_loss":0.0,"damage_taken":0.0,"relics_obtained":["CultistMask"]},{"damage_healed":0.0,"max_hp_gain":0.0,"max_hp_loss":24.0,"gold_gain":0.0,"event_name":"Vampires","player_choice":"Became a vampire","floor":25.0,"gold_loss":0.0,"damage_taken":0.0,"cards_obtained":["Bite","Bite","Bite","Bite","Bite"]},{"damage_healed":0.0,"max_hp_gain":0.0,"max_hp_loss":0.0,"gold_gain":0.0,"event_name":"Masked Bandits","player_choice":"Paid Fearfully","floor":31.0,"gold_loss":29.0,"damage_taken":0.0}],"is_beta":false,"boss_relics":[{"not_picked":["Ectoplasm","Astrolabe"],"picked":"Calling Bell"}],"items_purged_floors":[3,30],"is_endless":false,"potions_floor_spawned":[1,4,8,13,14,19,22,28],"killed_by":"Champ","ascension_level":20}