{"gold_per_floor":[116,291,304,14,14,14,45,45,72,98,173,173,201,201,201,296,296,306,306,306],"floor_reached":20,"playtime":795,"items_purged":["Doubt"],"score":298,"play_id":"74f68711-cbb1-4a53-8299-ba886f063ba3","local_time":"20190526203125","is_ascension_mode":true,"campfire_choices":[{"data":"Static Discharge","floor":6,"key":"SMITH"},{"data":"Loop","floor":8,"key":"SMITH"},{"floor":12,"key":"REST"},{"floor":15,"key":"REST"}],"neow_cost":"NONE","seed_source_timestamp":155517209868,"circlet_count":0,"master_deck":["AscendersBane","Strike_B+1","Strike_B","Strike_B","Strike_B","Defend_B","Defend_B","Defend_B","Defend_B","Zap","Dualcast","Static Discharge+1","Streamline","Loop+1","Sweeping Beam+1","Buffer","White Noise","Glacier","Hologram","Undo","Storm","Turbo"],"relics":["Cracked Core","Juzu Bracelet","OrangePellets","Kunai","PreservedInsect","Art of War","Oddly Smooth Stone","Orrery"],"potions_floor_usage":[7,16],"damage_taken":[{"damage":5,"enemies":"2 Louse","floor":1,"turns":3},{"damage":12,"enemies":"Small Slimes","floor":3,"turns":4},{"damage":25,"enemies":"Lagavulin","floor":7,"turns":6},{"damage":10,"enemies":"Gremlin Nob","floor":10,"turns":3},{"damage":25,"enemies":"Lagavulin","floor":13,"turns":5},{"damage":22,"enemies":"Hexaghost","floor":16,"turns":8},{"damage":44,"enemies":"2 Thieves","floor":18,"turns":4},{"damage":6,"enemies":"Spheric Guardian","floor":20,"turns":5}],"seed_played":"-8230400987595284491","potions_obtained":[{"floor":3,"key":"SteroidPotion"},{"floor":7,"key":"Strength Potion"},{"floor":10,"key":"Explosive Potion"},{"floor":16,"key":"Dexterity Potion"},{"floor":18,"key":"PowerPotion"}],"is_trial":false,"path_per_floor":["M","?","M","$","?","R","E","R","T","E","?","R","E","?","R","B",null,"M","?","M"],"character_chosen":"DEFECT","items_purchased":["OrangePellets","Streamline"],"campfire_rested":2,"item_purchase_floors":[4,4],"current_hp_per_floor":[63,63,51,51,75,75,50,50,50,40,29,51,26,11,33,11,59,15,6,0],"gold":306,"neow_bonus":"RANDOM_COMMON_RELIC","is_prod":false,"is_daily":false,"chose_seed":false,"campfire_upgraded":2,"win_rate":0,"timestamp":1558895485,"path_taken":["M","?","M","$","?","R","E","R","T","E","?","R","E","?","R","BOSS","M","?","M"],"build_version":"2019-01-23","purchased_purges":1,"victory":false,"max_hp_per_floor":[75,75,75,75,75,75,75,75,75,75,75,75,75,75,75,75,75,75,75,75],"card_choices":[{"not_picked":["Conserve Battery","Barrage"],"picked":"Static Discharge","floor":1},{"not_picked":["Redo","Stack","Consume"],"picked":"SKIP","floor":3},{"not_picked":["Leap","Capacitor"],"picked":"Loop","floor":7},{"not_picked":["Sunder","Melter"],"picked":"Sweeping Beam","floor":10},{"not_picked":["Stack","Ball Lightning"],"picked":"Buffer","floor":13},{"not_picked":["Steam","Compile Driver"],"picked":"White Noise","floor":17},{"not_picked":["Streamline","Sunder"],"picked":"Glacier","floor":17},{"not_picked":["Go for the Eyes","Doom and Gloom"],"picked":"Hologram","floor":17},{"not_picked":["Leap","Scrape"],"picked":"Undo","floor":17},{"not_picked":["All For One","Redo"],"picked":"Storm","floor":17},{"not_picked":["Gash+1","Reinforced Body"],"picked":"Turbo","floor":18}],"player_experience":678415,"relics_obtained":[{"floor":7,"key":"Kunai"},{"floor":9,"key":"PreservedInsect"},{"floor":10,"key":"Art of War"},{"floor":13,"key":"Oddly Smooth Stone"}],"event_choices":[{"damage_healed":0,"gold_gain":175,"player_choice":"AGREE","damage_taken":0,"max_hp_gain":0,"max_hp_loss":0,"event_name":"Liars Game","floor":2,"gold_loss":0,"cards_obtained":["Doubt"]},{"damage_healed":25,"gold_gain":0,"player_choice":"Banana","damage_taken":0,"max_hp_gain":0,"max_hp_loss":0,"event_name":"Big Fish","floor":5,"gold_loss":0},{"damage_healed":0,"gold_gain":75,"player_choice":"Gather Gold","damage_taken":11,"max_hp_gain":0,"max_hp_loss":0,"event_name":"World of Goop","floor":11,"gold_loss":0},{"damage_healed":0,"gold_gain":0,"player_choice":"Entered Light","damage_taken":15,"max_hp_gain":0,"max_hp_loss":0,"event_name":"Shining Light","floor":14,"gold_loss":0,"cards_upgraded":["Strike_B","Sweeping Beam"]},{"damage_healed":0,"gold_gain":0,"player_choice":"Stopped","damage_taken":9,"max_hp_gain":0,"max_hp_loss":0,"event_name":"Cursed Tome","floor":19,"gold_loss":0}],"is_beta":false,"boss_relics":[{"not_picked":["Sozu","Pandora\u0027s Box"],"picked":"Orrery"}],"items_purged_floors":[4],"is_endless":false,"potions_floor_spawned":[3,7,10,16,18],"killed_by":"Spheric Guardian","ascension_level":12}