{"gold_per_floor":[119,134,81,81,81,114,130,130,130,162,162,10,21,52,52,127,127,138,138,138,138,138,138,138],"floor_reached":24,"playtime":1262,"items_purged":[],"score":470,"play_id":"fcd6b5c1-5ab2-426e-9c8a-f38ce40d02e0","local_time":"20190515221415","is_ascension_mode":true,"campfire_choices":[{"data":"Rainbow","floor":8.0,"key":"SMITH"},{"data":"Go for the Eyes","floor":11.0,"key":"SMITH"},{"data":"Cold Snap","floor":15.0,"key":"SMITH"},{"floor":23,"key":"REST"}],"neow_cost":"NONE","seed_source_timestamp":113336019011279,"circlet_count":0,"master_deck":["AscendersBane","Strike_B+1","Defend_B+1","Defend_B+1","Defend_B+1","Defend_B+1","Zap+1","Dualcast","Glacier","Sweeping Beam+1","Cold Snap+1","Rainbow+1","Go for the Eyes+1","Capacitor","FTL","Self Repair","Meteor Strike","Defragment+1","Skim+1","Hologram+1","Darkness","RitualDagger"],"special_seed":0,"relics":["Cracked Core","NeowsBlessing","Question Card","Whetstone","Kunai","Pantograph","Astrolabe","Nilry\u0027s Codex"],"potions_floor_usage":[24],"damage_taken":[{"damage":0.0,"enemies":"Small Slimes","floor":1.0,"turns":1.0},{"damage":0.0,"enemies":"Jaw Worm","floor":2.0,"turns":1.0},{"damage":0.0,"enemies":"Gremlin Nob","floor":6.0,"turns":1.0},{"damage":2.0,"enemies":"2 Louse","floor":7.0,"turns":3.0},{"damage":8.0,"enemies":"3 Sentries","floor":10.0,"turns":8.0},{"damage":0.0,"enemies":"Large Slime","floor":13.0,"turns":7.0},{"damage":31.0,"enemies":"Gremlin Nob","floor":14.0,"turns":4.0},{"damage":43.0,"enemies":"Slime Boss","floor":16.0,"turns":13.0},{"damage":1,"enemies":"Spheric Guardian","floor":18,"turns":4},{"damage":62,"enemies":"Gremlin Leader","floor":24,"turns":8}],"seed_played":"7877599283616659694","potions_obtained":[{"floor":1.0,"key":"Weak Potion"},{"floor":2.0,"key":"Swift Potion"},{"floor":6.0,"key":"Dexterity Potion"},{"floor":18,"key":"Poison Potion"}],"is_trial":false,"path_per_floor":["M","M","$","?","?","E","M","R","T","E","R","$","M","E","R","B",null,"M","?","?","?","?","R","E"],"character_chosen":"DEFECT","items_purchased":["Sweeping Beam","Capacitor","FTL"],"campfire_rested":1,"item_purchase_floors":[3,12,12],"current_hp_per_floor":[64,64,64,57,57,57,55,55,55,47,47,47,47,23,23,12,56,62,62,41,41,35,56,0],"gold":138,"neow_bonus":"THREE_ENEMY_KILL","is_prod":false,"is_daily":false,"chose_seed":false,"campfire_upgraded":3,"win_rate":0,"timestamp":1557972855,"path_taken":["M","M","$","?","?","E","M","R","T","E","R","?","M","E","R","BOSS","M","?","?","?","?","R","E"],"build_version":"2019-01-23","purchased_purges":0,"victory":false,"max_hp_per_floor":[71,71,71,71,71,71,71,71,71,71,71,71,71,71,71,71,71,71,71,71,71,71,71,71],"card_choices":[{"not_picked":["Lockon","Barrage"],"picked":"Glacier","floor":1.0},{"not_picked":["Steam","Tempest","Stack"],"picked":"SKIP","floor":2.0},{"not_picked":["Hologram","Stack"],"picked":"Cold Snap","floor":6.0},{"not_picked":["Steam Power","Leap","Sweeping Beam"],"picked":"Rainbow","floor":7.0},{"not_picked":["Stack","Thunder Strike","Barrage"],"picked":"Go for the Eyes","floor":10.0},{"not_picked":["Skim","Steam","Barrage"],"picked":"Self Repair","floor":13.0},{"not_picked":["Double Energy","Streamline","Scrape"],"picked":"Meteor Strike","floor":14.0},{"not_picked":["Thunder Strike","Seek","Rainbow"],"picked":"Meteor Strike","floor":16.0},{"not_picked":["Go for the Eyes","Hologram","Beam Cell"],"picked":"Darkness","floor":18}],"player_experience":670816,"relics_obtained":[{"floor":6.0,"key":"Question Card"},{"floor":9.0,"key":"Whetstone"},{"floor":10.0,"key":"Kunai"},{"floor":14.0,"key":"Pantograph"},{"floor":20,"key":"Nilry\u0027s Codex"}],"event_choices":[{"cards_removed":["Strike_B"],"damage_healed":0.0,"max_hp_gain":0.0,"max_hp_loss":0.0,"gold_gain":0.0,"event_name":"Golden Wing","player_choice":"Card Removal","floor":4.0,"gold_loss":0.0,"damage_taken":7.0},{"damage_healed":0.0,"max_hp_gain":0.0,"max_hp_loss":0.0,"gold_gain":0.0,"event_name":"Living Wall","player_choice":"Grow","floor":5.0,"gold_loss":0.0,"damage_taken":0.0,"cards_upgraded":["Zap"]},{"damage_healed":0,"gold_gain":0,"player_choice":"Ignored","damage_taken":0,"max_hp_gain":0,"max_hp_loss":0,"event_name":"Ghosts","floor":19,"gold_loss":0},{"damage_healed":0,"gold_gain":0,"player_choice":"Obtained Book","damage_taken":21,"max_hp_gain":0,"max_hp_loss":0,"event_name":"Cursed Tome","floor":20,"gold_loss":0},{"damage_healed":0,"gold_gain":0,"player_choice":"Simplicity","damage_taken":0,"max_hp_gain":0,"max_hp_loss":0,"event_name":"Back to Basics","floor":21,"gold_loss":0,"cards_upgraded":["Defend_B","Defend_B","Defend_B","Defend_B"]},{"damage_healed":0,"gold_gain":0,"player_choice":"Joined the Cult","damage_taken":6,"max_hp_gain":0,"max_hp_loss":0,"event_name":"Nest","floor":22,"gold_loss":0,"cards_obtained":["RitualDagger"]}],"is_beta":false,"boss_relics":[{"not_picked":["FrozenCore","Philosopher\u0027s Stone"],"picked":"Astrolabe"}],"items_purged_floors":[],"is_endless":false,"potions_floor_spawned":[1,2,6,18],"killed_by":"Gremlin Leader","ascension_level":20}