{"gold_per_floor":[363,373,389,389,405,405,430,1,1,1,17,44,44,62,62,140,140,159,159,159,1,12,12,39,39],"floor_reached":25,"playtime":1859,"items_purged":["Shame"],"score":542,"play_id":"3da59fce-f84e-4539-ae7b-9a54fd75a8fe","local_time":"20190515233549","is_ascension_mode":true,"campfire_choices":[{"floor":6.0,"key":"REST"},{"data":"Reinforced Body","floor":10.0,"key":"SMITH"},{"floor":15.0,"key":"REST"},{"data":"Sweeping Beam","floor":23.0,"key":"SMITH"}],"neow_cost":"TEN_PERCENT_HP_LOSS","seed_source_timestamp":117560347347700,"circlet_count":0,"master_deck":["AscendersBane","Strike_B","Strike_B","Strike_B","Defend_B","Defend_B","Defend_B","Zap+1","Dualcast","Sunder+1","Beam Cell+1","Glacier","Reinforced Body+1","Sweeping Beam+1","Electrodynamics+1","Self Repair+1","Ball Lightning","Cold Snap+1"],"special_seed":0,"relics":["Cracked Core","Bottled Flame","Membership Card","StoneCalendar","Frozen Egg 2","Odd Mushroom","Empty Cage","Singing Bowl","Potion Belt","Smiling Mask"],"potions_floor_usage":[25],"damage_taken":[{"damage":9.0,"enemies":"Jaw Worm","floor":1.0,"turns":5.0},{"damage":5.0,"enemies":"Small Slimes","floor":2.0,"turns":3.0},{"damage":4.0,"enemies":"2 Louse","floor":3.0,"turns":3.0},{"damage":1.0,"enemies":"Exordium Thugs","floor":5.0,"turns":3.0},{"damage":20.0,"enemies":"Lagavulin","floor":7.0,"turns":4.0},{"damage":9.0,"enemies":"Lots of Slimes","floor":11.0,"turns":4.0},{"damage":2.0,"enemies":"The Mushroom Lair","floor":12.0,"turns":4.0},{"damage":0.0,"enemies":"3 Louse","floor":14.0,"turns":3.0},{"damage":0.0,"enemies":"The Guardian","floor":16.0,"turns":11.0},{"damage":2.0,"enemies":"Spheric Guardian","floor":18.0,"turns":6.0},{"damage":15.0,"enemies":"2 Thieves","floor":22.0,"turns":5.0},{"damage":41.0,"enemies":"Slavers","floor":24.0,"turns":5.0},{"damage":22,"enemies":"Chosen and Byrds","floor":25,"turns":2}],"seed_played":"3577805593616967255","potions_obtained":[{"floor":1.0,"key":"Strength Potion"},{"floor":7.0,"key":"AttackPotion"},{"floor":11.0,"key":"SpeedPotion"},{"floor":14.0,"key":"Block Potion"},{"floor":22.0,"key":"EssenceOfSteel"}],"is_trial":false,"path_per_floor":["M","M","M","?","M","R","E","$","T","R","M","?","?","M","R","B",null,"M","?","?","$","M","R","E","M"],"character_chosen":"DEFECT","items_purchased":["Membership Card","StoneCalendar","Regen Potion","Self Repair+1","Potion Belt"],"campfire_rested":2,"item_purchase_floors":[8,8,8,21,21],"current_hp_per_floor":[55,50,46,27,26,45,25,25,25,25,16,26,26,26,45,45,59,57,57,57,57,52,52,21,0],"gold":39,"neow_bonus":"TWO_FIFTY_GOLD","is_prod":false,"is_daily":false,"chose_seed":false,"campfire_upgraded":2,"win_rate":0,"timestamp":1557977749,"path_taken":["M","M","M","?","M","R","E","$","T","R","M","?","?","M","R","BOSS","M","?","?","$","M","R","E","M"],"build_version":"2019-01-23","purchased_purges":1,"victory":false,"max_hp_per_floor":[64,64,64,64,64,64,64,64,64,64,64,64,64,64,64,64,64,64,64,64,64,64,64,64,64],"card_choices":[{"not_picked":["Undo","Cold Snap"],"picked":"Sunder","floor":1.0},{"not_picked":["Tempest","Gash"],"picked":"Beam Cell","floor":2.0},{"not_picked":["Beam Cell","Chaos","White Noise"],"picked":"SKIP","floor":3.0},{"not_picked":["Go for the Eyes","Darkness"],"picked":"Glacier","floor":5.0},{"not_picked":["Steam Power","Coolheaded"],"picked":"Reinforced Body","floor":7.0},{"not_picked":["Steam","Hologram","Streamline"],"picked":"SKIP","floor":11.0},{"not_picked":["Turbo","Heatsinks+1"],"picked":"Sweeping Beam","floor":14.0},{"not_picked":["Biased Cognition+1","Echo Form+1"],"picked":"Electrodynamics+1","floor":16.0},{"not_picked":["Steam","Sweeping Beam","Conserve Battery"],"picked":"SKIP","floor":18.0},{"not_picked":["Steam Power","Turbo"],"picked":"Ball Lightning","floor":22.0},{"not_picked":["Streamline+1","Leap+1"],"picked":"Cold Snap+1","floor":24.0}],"player_experience":674498,"relics_obtained":[{"floor":7.0,"key":"Bottled Flame"},{"floor":9.0,"key":"Frozen Egg 2"},{"floor":12.0,"key":"Odd Mushroom"},{"floor":24.0,"key":"Smiling Mask"}],"event_choices":[{"damage_healed":0.0,"max_hp_gain":0.0,"max_hp_loss":0.0,"gold_gain":0.0,"event_name":"Shining Light","player_choice":"Entered Light","floor":4.0,"gold_loss":0.0,"damage_taken":19.0,"cards_upgraded":["Sunder","Beam Cell"]},{"damage_healed":0.0,"max_hp_gain":0.0,"max_hp_loss":0.0,"gold_gain":0.0,"event_name":"Mushrooms","player_choice":"Fought Mushrooms","floor":12.0,"gold_loss":0.0,"damage_taken":0.0},{"damage_healed":0.0,"max_hp_gain":0.0,"max_hp_loss":0.0,"gold_gain":0.0,"event_name":"Living Wall","player_choice":"Grow","floor":13.0,"gold_loss":0.0,"damage_taken":0.0,"cards_upgraded":["Zap"]},{"damage_healed":0.0,"max_hp_gain":0.0,"max_hp_loss":0.0,"gold_gain":0.0,"event_name":"Ghosts","player_choice":"Ignored","floor":19.0,"gold_loss":0.0,"damage_taken":0.0},{"damage_healed":0.0,"max_hp_gain":0.0,"max_hp_loss":0.0,"gold_gain":0.0,"event_name":"Addict","player_choice":"Stole Relic","floor":20.0,"gold_loss":0.0,"damage_taken":0.0,"relics_obtained":["Singing Bowl"],"cards_obtained":["Shame"]}],"is_beta":false,"boss_relics":[{"not_picked":["White Beast Statue","Pandora\u0027s Box"],"picked":"Empty Cage"}],"items_purged_floors":[21],"is_endless":false,"potions_floor_spawned":[1,7,11,14,22],"killed_by":"Chosen and Byrds","ascension_level":20}