{"gold_per_floor":[111,111,111,122,47,47,77,97,97,97,178,210,210,235,235,330,330,342,352,352,371,19,19,52,52,98,130,146,146,56,81,81,184,184,196,213,233,249,265,299,311,350,387,418,430,81,0,12,12,12,12,12,12,45,45],"floor_reached":56,"playtime":4060,"items_purged":["Defend_R","Strike_R","Strike_R"],"score":1529,"play_id":"41ed7f5f-67e3-41c6-83f5-735ac0e6f6c9","local_time":"20190416001510","is_ascension_mode":true,"campfire_choices":[{"data":"Pommel Strike","floor":6,"key":"SMITH"},{"data":"Demon Form","floor":10,"key":"SMITH"},{"data":"Whirlwind","floor":15,"key":"SMITH"},{"data":"True Grit","floor":23,"key":"SMITH"},{"data":"Sword Boomerang","floor":25,"key":"SMITH"},{"floor":29,"key":"REST"},{"data":"Disarm","floor":32,"key":"SMITH"},{"data":"Double Tap","floor":41,"key":"SMITH"},{"data":"Limit Break","floor":45,"key":"SMITH"},{"floor":49,"key":"RECALL"},{"data":"Heavy Blade","floor":52,"key":"SMITH"}],"neow_cost":"NONE","seed_source_timestamp":3579313659594395,"circlet_count":0,"master_deck":["Defend_R","Defend_R","Defend_R","Bash","Pommel Strike+1","Body Slam","Demon Form+1","Disarm","Whirlwind+1","Reaper","Uppercut","Sword Boomerang+1","True Grit+1","Disarm+1","Sword Boomerang+1","Impervious","Body Slam+1","Iron Wave+1","Demon Form","Pommel Strike+1","Demon Form","Shockwave+1","Double Tap+1","Heavy Blade+1","Disarm+1","Limit Break+1","Panacea","Armaments+1"],"relics":["Burning Blood","Pantograph","Prayer Wheel","Mercury Hourglass","Bottled Tornado","Champion Belt","Singing Bowl","Sozu","Letter Opener","Bird Faced Urn","PreservedInsect","Bag of Preparation","Snecko Eye","MawBank","Ancient Tea Set","Happy Flower","Centennial Puzzle","Red Mask","Dodecahedron"],"potions_floor_usage":[7,7,12,16,16,33],"damage_taken":[{"damage":16,"enemies":"Cultist","floor":1,"turns":4},{"damage":9,"enemies":"Jaw Worm","floor":4,"turns":4},{"damage":32,"enemies":"Gremlin Nob","floor":7,"turns":4},{"damage":0,"enemies":"Small Slimes","floor":8,"turns":3},{"damage":20,"enemies":"3 Sentries","floor":12,"turns":3},{"damage":28,"enemies":"Lagavulin","floor":14,"turns":5},{"damage":37,"enemies":"Hexaghost","floor":16,"turns":6},{"damage":14,"enemies":"Chosen","floor":18,"turns":4},{"damage":14,"enemies":"Shell Parasite","floor":19,"turns":5},{"damage":32,"enemies":"Snake Plant","floor":21,"turns":4},{"damage":25,"enemies":"Book of Stabbing","floor":24,"turns":4},{"damage":39,"enemies":"Slavers","floor":27,"turns":5},{"damage":35,"enemies":"Shelled Parasite and Fungi","floor":28,"turns":4},{"damage":28,"enemies":"Book of Stabbing","floor":31,"turns":4},{"damage":40,"enemies":"Automaton","floor":33,"turns":6},{"damage":2,"enemies":"Orb Walker","floor":35,"turns":2},{"damage":0,"enemies":"3 Shapes","floor":36,"turns":1},{"damage":31,"enemies":"Spire Growth","floor":37,"turns":4},{"damage":19,"enemies":"Writhing Mass","floor":38,"turns":6},{"damage":7,"enemies":"Sphere and 2 Shapes","floor":39,"turns":3},{"damage":8,"enemies":"Nemesis","floor":40,"turns":3},{"damage":34,"enemies":"Reptomancer","floor":42,"turns":4},{"damage":24,"enemies":"Spire Growth","floor":44,"turns":4},{"damage":22,"enemies":"Maw","floor":48,"turns":4},{"damage":35,"enemies":"Donu and Deca","floor":50,"turns":4},{"damage":21,"enemies":"Shield and Spear","floor":54,"turns":4},{"damage":114,"enemies":"The Heart","floor":55,"turns":8}],"seed_played":"-720038013809268028","potions_obtained":[{"floor":1,"key":"Explosive Potion"},{"floor":4,"key":"EntropicBrew"},{"floor":16,"key":"Strength Potion"}],"is_trial":false,"path_per_floor":["M","T","?","M","$","R","E","M","T","R","T","E","?","E","R","B",null,"M","M","?","M","$","R","E","R","T","E","M","R","?","E","R","B",null,"M","M","M","M","M","E","R","E","T","M","R","$","?","M","R","B",null,"R","$","E","B",null],"character_chosen":"IRONCLAD","items_purchased":["Letter Opener","Panacea","Centennial Puzzle"],"campfire_rested":1,"item_purchase_floors":[22,46,46],"current_hp_per_floor":[78,78,78,75,75,75,49,55,55,55,55,41,70,50,50,44,79,88,81,81,65,65,65,65,65,65,34,19,47,47,42,42,35,81,93,100,90,86,91,97,97,96,96,80,80,80,80,81,81,114,114,114,114,114,42],"gold":45,"neow_bonus":"TEN_PERCENT_HP_BONUS","is_prod":false,"is_daily":false,"chose_seed":false,"campfire_upgraded":9,"win_rate":0,"timestamp":1555388110,"path_taken":["M","?","?","M","$","R","E","M","T","R","?","E","?","E","R","BOSS","M","M","?","M","$","R","E","R","T","E","?","R","?","E","R","BOSS","M","M","M","?","M","E","R","E","T","?","R","$","?","M","R","BOSS","R","$","E","BOSS"],"build_version":"2019-01-23","purchased_purges":3,"victory":true,"max_hp_per_floor":[88,88,88,88,88,88,88,88,88,88,88,88,88,90,90,90,90,92,92,92,92,92,92,92,92,92,92,94,94,94,96,96,96,96,98,100,102,104,108,110,110,110,110,110,110,110,110,114,114,114,114,114,114,114,114],"card_choices":[{"not_picked":["Warcry","Thunderclap"],"picked":"Pommel Strike","floor":1},{"not_picked":["Cleave","Wild Strike"],"picked":"Body Slam","floor":4},{"not_picked":["Pummel","Limit Break"],"picked":"Demon Form","floor":7},{"not_picked":["Hemokinesis","Twin Strike"],"picked":"Disarm","floor":8},{"not_picked":["Sword Boomerang","Clothesline"],"picked":"Whirlwind","floor":8},{"not_picked":["Whirlwind","Dual Wield","Wild Strike"],"picked":"SKIP","floor":12},{"not_picked":["Clothesline","Fire Breathing","Reckless Charge"],"picked":"Singing Bowl","floor":14},{"not_picked":["Fiend Fire","Brutality"],"picked":"Reaper","floor":16},{"not_picked":["Seeing Red+1","Headbutt"],"picked":"Uppercut","floor":18},{"not_picked":["Clothesline","Pommel Strike","Seeing Red"],"picked":"Singing Bowl","floor":18},{"not_picked":["Anger","Thunderclap"],"picked":"Sword Boomerang","floor":19},{"not_picked":["Headbutt","Twin Strike+1"],"picked":"True Grit","floor":19},{"not_picked":["Seeing Red","Clothesline"],"picked":"Disarm","floor":21},{"not_picked":["Perfected Strike+1","Fiend Fire"],"picked":"Sword Boomerang","floor":21},{"not_picked":["Warcry","Second Wind"],"picked":"Impervious","floor":24},{"not_picked":["Twin Strike","Power Through"],"picked":"Body Slam+1","floor":27},{"not_picked":["Hemokinesis","Warcry"],"picked":"Iron Wave+1","floor":28},{"not_picked":["Clash","True Grit","Corruption"],"picked":"Singing Bowl","floor":28},{"not_picked":["Fiend Fire","Flex","Power Through"],"picked":"Singing Bowl","floor":31},{"not_picked":["Dark Embrace","Bludgeon"],"picked":"Demon Form","floor":33},{"not_picked":["Clash","Anger"],"picked":"Pommel Strike+1","floor":35},{"not_picked":["Ghostly Armor","Clash+1","Perfected Strike+1"],"picked":"Singing Bowl","floor":35},{"not_picked":["Flex","Clash"],"picked":"Demon Form","floor":36},{"not_picked":["Body Slam","Infernal Blade","Perfected Strike"],"picked":"Singing Bowl","floor":36},{"not_picked":["Thunderclap+1","Sword Boomerang","Cleave"],"picked":"Singing Bowl","floor":37},{"not_picked":["Second Wind+1","Flex"],"picked":"Shockwave+1","floor":37},{"not_picked":["Whirlwind+1","Wild Strike+1"],"picked":"Double Tap","floor":38},{"not_picked":["Sever Soul+1","Thunderclap","Ghostly Armor+1"],"picked":"Singing Bowl","floor":38},{"not_picked":["Anger","Wild Strike+1","Perfected Strike"],"picked":"Singing Bowl","floor":39},{"not_picked":["Ghostly Armor+1","Pommel Strike+1","Wild Strike+1"],"picked":"Singing Bowl","floor":39},{"not_picked":["Perfected Strike","Hemokinesis+1","Intimidate"],"picked":"Singing Bowl","floor":40},{"not_picked":["Shrug It Off","Cleave+1"],"picked":"Heavy Blade","floor":42},{"not_picked":["Flex+1","Shrug It Off+1"],"picked":"Disarm+1","floor":44},{"not_picked":["Anger+1","Warcry+1"],"picked":"Limit Break","floor":44},{"not_picked":["Uppercut","Infernal Blade","Searing Blow+1"],"picked":"Singing Bowl","floor":48},{"not_picked":["Twin Strike","Clash+1","Headbutt+1"],"picked":"Singing Bowl","floor":48},{"not_picked":["Warcry","Wild Strike+1"],"picked":"Armaments+1","floor":54}],"player_experience":116356,"relics_obtained":[{"floor":2,"key":"Pantograph"},{"floor":7,"key":"Prayer Wheel"},{"floor":9,"key":"Mercury Hourglass"},{"floor":11,"key":"Bottled Tornado"},{"floor":12,"key":"Champion Belt"},{"floor":14,"key":"Singing Bowl"},{"floor":24,"key":"Bird Faced Urn"},{"floor":27,"key":"PreservedInsect"},{"floor":31,"key":"Bag of Preparation"},{"floor":40,"key":"MawBank"},{"floor":42,"key":"Ancient Tea Set"},{"floor":43,"key":"Happy Flower"},{"floor":54,"key":"Dodecahedron"}],"event_choices":[{"cards_removed":["Strike_R"],"damage_healed":0,"gold_gain":0,"player_choice":"Forget","damage_taken":0,"max_hp_gain":0,"max_hp_loss":0,"event_name":"Living Wall","floor":3,"gold_loss":0},{"damage_healed":29,"gold_gain":0,"player_choice":"Banana","damage_taken":0,"max_hp_gain":0,"max_hp_loss":0,"event_name":"Big Fish","floor":13,"gold_loss":0},{"cards_removed":["Strike_R"],"damage_healed":0,"gold_gain":0,"player_choice":"Offered Basic","damage_taken":0,"max_hp_gain":0,"max_hp_loss":0,"event_name":"Bonfire Elementals","floor":20,"gold_loss":0},{"cards_removed":["Strike_R"],"damage_healed":0,"gold_gain":0,"player_choice":"Upgrade and Remove","damage_taken":0,"max_hp_gain":0,"max_hp_loss":0,"event_name":"Designer","floor":30,"gold_loss":90,"cards_upgraded":["Sword Boomerang"]},{"damage_healed":0,"gold_gain":0,"player_choice":"Paid","damage_taken":0,"relics_obtained":["Red Mask"],"max_hp_gain":0,"max_hp_loss":0,"event_name":"Tomb of Lord Red Mask","floor":47,"gold_loss":81}],"is_beta":false,"boss_relics":[{"not_picked":["White Beast Statue","Philosopher\u0027s Stone"],"picked":"Sozu"},{"not_picked":["Calling Bell","Coffee Dripper"],"picked":"Snecko Eye"}],"items_purged_floors":[5,22,46],"is_endless":false,"potions_floor_spawned":[1,4,7,16,18,19,24,28,38,40,42,44,48,54],"ascension_level":5}