{"gold_per_floor":[113,127,56,56,67,67,85,102,102,133,151,178,192,202,202,299,299,316,170,190,190,205,239,239,139,163,191,203,203,236,253,253,358,358,376,451,470,486,586,586,611,611,611,494,514,260,280,48,48,48,48,48,48,74,74],"floor_reached":55,"playtime":5755,"items_purged":["Strike_G","Defend_G","Writhe","Strike_G","Defend_G"],"score":887,"play_id":"8d448b1d-6678-478b-aa96-cd74f0f96004","local_time":"20190505213546","is_ascension_mode":true,"campfire_choices":[{"data":"Doppelganger","floor":6,"key":"SMITH"},{"floor":15,"key":"REST"},{"floor":24,"key":"RECALL"},{"floor":29,"key":"REST"},{"data":"Catalyst","floor":32,"key":"SMITH"},{"data":"Adrenaline","floor":40,"key":"SMITH"},{"floor":42,"key":"REST"},{"floor":49,"key":"REST"},{"data":"Panache","floor":52,"key":"SMITH"}],"neow_cost":"NONE","seed_source_timestamp":156469399962100,"circlet_count":0,"master_deck":["Defend_G","Defend_G","Survivor","Neutralize","Concentrate","Deadly Poison","Bouncing Flask","Doppelganger+1","Backflip","Blur","Backflip","Caltrops","Bane","Sucker Punch","Backflip","Adrenaline","Adrenaline+1","Reflex+1","Acrobatics+1","Catalyst+1","Backstab","Catalyst+1","PiercingWail","Cloak And Dagger+1","Bane","Cloak And Dagger","Deadly Poison","Footwork","Footwork+1","Blur","Footwork","Calculated Gamble+1","Noxious Fumes","Caltrops+1","Adrenaline+1","Panache+1","PiercingWail"],"relics":["Sozu","Regal Pillow","PreservedInsect","Ninja Scroll","Astrolabe","Bronze Scales","Orichalcum","Smiling Mask","Blue Candle","Shuriken","Runic Pyramid","Nunchaku","Lantern","DollysMirror","Calipers"],"potions_floor_usage":[],"damage_taken":[{"damage":0,"enemies":"Small Slimes","floor":1,"turns":3},{"damage":0,"enemies":"Cultist","floor":2,"turns":6},{"damage":3,"enemies":"Jaw Worm","floor":5,"turns":3},{"damage":5,"enemies":"Looter","floor":7,"turns":3},{"damage":0,"enemies":"Red Slaver","floor":8,"turns":4},{"damage":3,"enemies":"Lagavulin","floor":10,"turns":5},{"damage":3,"enemies":"Exordium Wildlife","floor":11,"turns":3},{"damage":22,"enemies":"3 Sentries","floor":12,"turns":11},{"damage":0,"enemies":"Blue Slaver","floor":13,"turns":2},{"damage":0,"enemies":"2 Fungi Beasts","floor":14,"turns":3},{"damage":38,"enemies":"Hexaghost","floor":16,"turns":7},{"damage":0,"enemies":"Chosen","floor":18,"turns":3},{"damage":2,"enemies":"3 Byrds","floor":20,"turns":3},{"damage":10,"enemies":"Snake Plant","floor":22,"turns":2},{"damage":29,"enemies":"Slavers","floor":23,"turns":5},{"damage":0,"enemies":"Book of Stabbing","floor":27,"turns":2},{"damage":0,"enemies":"3 Cultists","floor":28,"turns":4},{"damage":1,"enemies":"Gremlin Leader","floor":30,"turns":3},{"damage":0,"enemies":"Centurion and Healer","floor":31,"turns":5},{"damage":31,"enemies":"Champ","floor":33,"turns":10},{"damage":4,"enemies":"3 Shapes","floor":35,"turns":5},{"damage":0,"enemies":"Orb Walker","floor":37,"turns":3},{"damage":11,"enemies":"Spire Growth","floor":38,"turns":3},{"damage":0,"enemies":"Mind Bloom Boss Battle","floor":39,"turns":4},{"damage":1,"enemies":"Giant Head","floor":41,"turns":5},{"damage":34,"enemies":"Sphere and 2 Shapes","floor":45,"turns":4},{"damage":0,"enemies":"3 Darklings","floor":47,"turns":5},{"damage":25,"enemies":"Time Eater","floor":50,"turns":6},{"damage":18,"enemies":"Shield and Spear","floor":54,"turns":5},{"damage":61,"enemies":"The Heart","floor":55,"turns":5}],"seed_played":"-2138389591099322676","potions_obtained":[],"is_trial":false,"path_per_floor":["M","M","$","?","M","R","M","M","T","E","M","E","M","M","R","B",null,"M","$","M","?","M","E","R","$","T","E","M","R","E","M","R","B",null,"M","?","M","M","?","R","E","R","T","$","M","$","M","$","R","B",null,"R","$","E","B"],"character_chosen":"THE_SILENT","items_purchased":["Bouncing Flask","Catalyst","Noxious Fumes","DollysMirror","Panache"],"campfire_rested":4,"item_purchase_floors":[3,19,44,46,48],"current_hp_per_floor":[70,70,70,70,67,67,62,62,62,59,56,34,34,34,70,32,70,70,70,68,68,58,29,29,29,29,29,29,65,64,64,64,33,70,66,59,59,48,48,48,47,70,70,70,36,36,36,36,70,45,70,70,70,52,0],"gold":74,"neow_bonus":"BOSS_RELIC","is_prod":false,"is_daily":false,"chose_seed":false,"campfire_upgraded":4,"win_rate":0,"timestamp":1557110146,"path_taken":["M","M","$","?","M","R","M","M","T","E","M","E","?","M","R","BOSS","M","$","M","?","M","E","R","$","T","E","M","R","E","M","R","BOSS","M","?","?","M","?","R","E","R","T","$","M","$","M","$","R","BOSS","R","$","E","BOSS"],"build_version":"2019-01-23","purchased_purges":5,"victory":false,"max_hp_per_floor":[70,70,70,70,70,70,70,70,70,70,70,70,70,70,70,70,70,70,70,70,70,70,70,70,70,70,70,70,70,70,70,70,70,70,70,70,70,70,70,70,70,70,70,70,70,70,70,70,70,70,70,70,70,70,70],"card_choices":[{"not_picked":["Flechettes","Sucker Punch"],"picked":"Concentrate","floor":1},{"not_picked":["Underhanded Strike","Dagger Spray"],"picked":"Deadly Poison","floor":2},{"not_picked":["Acrobatics","PiercingWail"],"picked":"Backflip","floor":5},{"not_picked":["Skewer","Acrobatics"],"picked":"Blur","floor":7},{"not_picked":["Prepared","Acrobatics"],"picked":"Backflip","floor":8},{"not_picked":["Distraction","Finisher"],"picked":"Caltrops","floor":10},{"not_picked":["Choke","Backstab"],"picked":"Bane","floor":11},{"not_picked":["Poisoned Stab","Masterful Stab"],"picked":"Sucker Punch","floor":12},{"not_picked":["Sucker Punch","Predator"],"picked":"Backflip","floor":13},{"not_picked":["Quick Slash","Predator"],"picked":"Adrenaline","floor":14},{"not_picked":["Night Terror","Glass Knife"],"picked":"Adrenaline","floor":16},{"not_picked":["Cloak And Dagger","Deadly Poison"],"picked":"Backstab","floor":18},{"not_picked":["Blade Dance","Skewer"],"picked":"PiercingWail","floor":20},{"not_picked":["All Out Attack","Backflip+1"],"picked":"Cloak And Dagger+1","floor":22},{"not_picked":["Dagger Throw+1","Distraction"],"picked":"Bane","floor":23},{"not_picked":["Dagger Throw","Expertise"],"picked":"Cloak And Dagger","floor":27},{"not_picked":["Deflect","Wraith Form v2"],"picked":"Deadly Poison","floor":28},{"not_picked":["Prepared","Deflect"],"picked":"Footwork","floor":30},{"not_picked":["Slice","Dodge and Roll"],"picked":"Footwork+1","floor":31},{"not_picked":["Backstab+1","Dodge and Roll+1"],"picked":"Blur","floor":35},{"not_picked":["Underhanded Strike","Sucker Punch","Slice+1"],"picked":"SKIP","floor":37},{"not_picked":["PiercingWail","Skewer+1","Accuracy+1"],"picked":"SKIP","floor":38},{"not_picked":["Deflect+1","Bane+1"],"picked":"Footwork","floor":39},{"not_picked":["Outmaneuver+1","Prepared"],"picked":"Calculated Gamble+1","floor":41},{"not_picked":["Backflip","Blade Dance+1"],"picked":"Caltrops+1","floor":45},{"not_picked":["Caltrops","Dagger Throw","Predator+1"],"picked":"SKIP","floor":47},{"not_picked":["Well Laid Plans","Setup+1"],"picked":"PiercingWail","floor":54}],"player_experience":178392,"relics_obtained":[{"floor":9,"key":"Regal Pillow"},{"floor":10,"key":"PreservedInsect"},{"floor":12,"key":"Ninja Scroll"},{"floor":23,"key":"Orichalcum"},{"floor":26,"key":"Smiling Mask"},{"floor":27,"key":"Blue Candle"},{"floor":30,"key":"Shuriken"},{"floor":39,"key":"Nunchaku"},{"floor":41,"key":"Lantern"},{"floor":54,"key":"Calipers"}],"event_choices":[{"damage_healed":0,"gold_gain":0,"cards_transformed":["Strike_G"],"player_choice":"Transformed","damage_taken":0,"max_hp_gain":0,"max_hp_loss":0,"event_name":"Transmorgrifier","floor":4,"gold_loss":0,"cards_obtained":["Doppelganger"]},{"damage_healed":0,"gold_gain":0,"player_choice":"Opened","damage_taken":0,"relics_obtained":["Bronze Scales"],"max_hp_gain":0,"max_hp_loss":0,"event_name":"The Mausoleum","floor":21,"gold_loss":0,"cards_obtained":["Writhe"]},{"damage_healed":0,"gold_gain":75,"player_choice":"Touch","damage_taken":7,"max_hp_gain":0,"max_hp_loss":0,"event_name":"FaceTrader","floor":36,"gold_loss":0},{"damage_healed":0,"gold_gain":0,"player_choice":"Fight","damage_taken":0,"max_hp_gain":0,"max_hp_loss":0,"event_name":"MindBloom","floor":39,"gold_loss":0}],"is_beta":false,"boss_relics":[{"not_picked":["White Beast Statue","Tiny House"],"picked":"Astrolabe"},{"not_picked":["Coffee Dripper","Pandora\u0027s Box"],"picked":"Runic Pyramid"}],"items_purged_floors":[19,25,44,46,48],"is_endless":false,"potions_floor_spawned":[1,5,7,11,13,16,22,23,27,30,35,37,39,47,54],"killed_by":"The Heart","ascension_level":1}