{"gold_per_floor":[117,127,127,127,6,6,6,6,30,62,78,78,109,125,125,254,254,267,169,169,169,194,227,227,142,142,163,163,199,199,215,215,340,340,364,290,308,308,308,308,332,332,332,42,55,55,399,415,415,415,415,415,27,61,61],"floor_reached":55,"playtime":3153,"items_purged":[],"score":1207,"play_id":"dd6b1538-a4e1-4da4-9b88-ab213936afd1","local_time":"20181203235742","is_ascension_mode":true,"campfire_choices":[{"data":"True Grit","floor":6,"key":"SMITH"},{"data":"Armaments","floor":15,"key":"SMITH"},{"data":"Combust","floor":24,"key":"SMITH"},{"data":"Spot Weakness","floor":28,"key":"SMITH"},{"floor":30,"key":"RECALL"},{"data":"Barricade","floor":32,"key":"SMITH"},{"data":"Bludgeon","floor":40,"key":"SMITH"},{"data":"Body Slam","floor":42,"key":"SMITH"},{"data":"Perfected Strike","floor":46,"key":"SMITH"},{"data":"Jack Of All Trades","floor":49,"key":"SMITH"},{"data":"Impervious","floor":52,"key":"SMITH"}],"neow_cost":"NONE","seed_source_timestamp":82053834184165,"circlet_count":0,"master_deck":["Strike_R+1","Strike_R+1","Strike_R+1","Strike_R+1","Defend_R+1","Defend_R+1","Defend_R+1","Defend_R+1","Bash","Twin Strike","True Grit+1","Wild Strike","Spot Weakness+1","Anger","Armaments+1","Pommel Strike","Combust+1","Bludgeon+1","Battle Trance","Jack Of All Trades+1","Ghostly","Ghostly","Ghostly","Ghostly","Ghostly","Flex+1","Barricade+1","Disarm","Metallicize+1","Impervious+1","Feed","Uppercut+1","Cleave","Body Slam+1","Perfected Strike+1","Perfected Strike+1","Discovery","Exhume","Metallicize","Feel No Pain"],"relics":["Burning Blood","Bag of Preparation","Orichalcum","Anchor","Golden Idol","Blood Vial","Coffee Dripper","Torii","Bag of Marbles","Question Card","Sundial","Busted Crown","Darkstone Periapt","Self Forming Clay","Old Coin","Oddly Smooth Stone"],"potions_floor_usage":[16,22,23,23,33,33,33,33,50,50,55,55,55,55,55,55],"damage_taken":[{"damage":1,"enemies":"Cultist","floor":1,"turns":4},{"damage":7,"enemies":"Jaw Worm","floor":2,"turns":3},{"damage":20,"enemies":"Gremlin Nob","floor":10,"turns":4},{"damage":0,"enemies":"2 Louse","floor":11,"turns":2},{"damage":9,"enemies":"3 Sentries","floor":13,"turns":6},{"damage":0,"enemies":"Blue Slaver","floor":14,"turns":2},{"damage":67,"enemies":"The Guardian","floor":16,"turns":11},{"damage":0,"enemies":"Chosen","floor":18,"turns":3},{"damage":3,"enemies":"2 Thieves","floor":22,"turns":4},{"damage":4,"enemies":"Gremlin Leader","floor":23,"turns":5},{"damage":0,"enemies":"Snake Plant","floor":27,"turns":3},{"damage":4,"enemies":"Book of Stabbing","floor":29,"turns":6},{"damage":3,"enemies":"3 Cultists","floor":31,"turns":6},{"damage":15,"enemies":"Champ","floor":33,"turns":9},{"damage":4,"enemies":"3 Darklings","floor":35,"turns":7},{"damage":2,"enemies":"Orb Walker","floor":37,"turns":3},{"damage":3,"enemies":"Jaw Worm Horde","floor":41,"turns":5},{"damage":3,"enemies":"Sphere and 2 Shapes","floor":45,"turns":4},{"damage":7,"enemies":"Giant Head","floor":47,"turns":8},{"damage":3,"enemies":"Spire Growth","floor":48,"turns":4},{"damage":8,"enemies":"Awakened One","floor":50,"turns":11},{"damage":6,"enemies":"Shield and Spear","floor":54,"turns":7},{"damage":55,"enemies":"The Heart","floor":55,"turns":9}],"seed_played":"2050255175906143660","potions_obtained":[{"floor":11,"key":"EntropicBrew"},{"floor":14,"key":"GamblersBrew"},{"floor":23,"key":"Ancient Potion"},{"floor":29,"key":"EssenceOfSteel"},{"floor":33,"key":"Block Potion"},{"floor":35,"key":"Energy Potion"},{"floor":45,"key":"Regen Potion"}],"is_trial":false,"path_per_floor":["M","M","?","?","$","R","$","T","T","E","M","?","E","M","R","B",null,"M","$","?","?","M","E","R","?","T","M","R","E","R","M","R","B",null,"M","$","M","?","?","R","M","R","T","$","M","R","E","M","R","B",null,"R","$","E","B"],"character_chosen":"IRONCLAD","items_purchased":["Spot Weakness","PowerPotion","Jack Of All Trades","EssenceOfSteel","Self Forming Clay","Perfected Strike","Discovery","Exhume","EntropicBrew","Metallicize","Weak Potion"],"campfire_rested":0,"item_purchase_floors":[5,5,19,36,44,44,53,53,53,53,53],"current_hp_per_floor":[77,76,81,81,81,81,81,81,81,67,73,73,70,78,78,18,64,72,72,72,39,39,39,39,39,39,39,39,39,39,39,39,30,37,39,39,39,39,39,39,39,39,39,39,39,39,38,39,39,37,39,39,39,39,0],"gold":61,"neow_bonus":"RANDOM_COMMON_RELIC","is_prod":false,"is_daily":false,"chose_seed":false,"campfire_upgraded":10,"win_rate":0,"timestamp":1543899462,"path_taken":["M","?","?","?","?","R","$","?","T","E","?","?","E","M","R","BOSS","M","$","?","?","M","E","R","?","T","M","R","E","R","M","R","BOSS","M","$","M","?","?","R","M","R","T","?","M","R","E","M","R","BOSS","R","$","E","BOSS"],"build_version":"2018-11-15","purchased_purges":0,"victory":false,"max_hp_per_floor":[80,80,85,85,85,85,85,85,85,85,85,79,79,79,79,79,79,79,79,79,39,39,39,39,39,39,39,39,39,39,39,39,39,39,39,39,39,39,39,39,39,39,39,39,39,39,39,39,39,39,39,39,39,39,39],"card_choices":[{"not_picked":["Wild Strike","Sentinel"],"picked":"Twin Strike","floor":1},{"not_picked":["Power Through","Sword Boomerang"],"picked":"True Grit","floor":2},{"not_picked":["Twin Strike","True Grit"],"picked":"Anger","floor":10},{"not_picked":["Sentinel","Wild Strike"],"picked":"Armaments","floor":11},{"not_picked":["Heavy Blade","Dual Wield"],"picked":"Pommel Strike","floor":13},{"not_picked":["Headbutt","Rage"],"picked":"Combust","floor":14},{"not_picked":["Double Tap","Reaper"],"picked":"Bludgeon","floor":16},{"not_picked":["True Grit+1","Fire Breathing"],"picked":"Battle Trance","floor":18},{"not_picked":["Armaments","Wild Strike"],"picked":"Flex+1","floor":22},{"not_picked":["Hemokinesis","Sever Soul"],"picked":"Barricade","floor":23},{"not_picked":["Warcry","Twin Strike","Armaments"],"picked":"Disarm","floor":27},{"not_picked":["Disarm+1","Burning Pact","Iron Wave+1"],"picked":"Metallicize+1","floor":29},{"not_picked":["Flex","Cleave","Intimidate"],"picked":"Impervious","floor":31},{"not_picked":["Offering","Juggernaut","Exhume"],"picked":"Feed","floor":33},{"not_picked":["Armaments+1"],"picked":"Uppercut+1","floor":35},{"not_picked":["Power Through+1"],"picked":"Cleave","floor":37},{"not_picked":["Sentinel+1"],"picked":"Body Slam","floor":41},{"not_picked":["Headbutt","Perfected Strike"],"picked":"SKIP","floor":45},{"not_picked":["Havoc+1","Battle Trance+1"],"picked":"SKIP","floor":47},{"not_picked":["Flex+1"],"picked":"Perfected Strike+1","floor":48},{"not_picked":["Sentinel+1"],"picked":"Feel No Pain","floor":54}],"player_experience":182170,"relics_obtained":[{"floor":9,"key":"Orichalcum"},{"floor":10,"key":"Anchor"},{"floor":13,"key":"Blood Vial"},{"floor":23,"key":"Torii"},{"floor":26,"key":"Question Card"},{"floor":29,"key":"Sundial"},{"floor":43,"key":"Darkstone Periapt"},{"floor":47,"key":"Old Coin"},{"floor":54,"key":"Oddly Smooth Stone"}],"event_choices":[{"damage_healed":0,"gold_gain":0,"player_choice":"Donut","damage_taken":0,"max_hp_gain":5,"max_hp_loss":0,"event_name":"Big Fish","floor":3,"gold_loss":0},{"damage_healed":0,"gold_gain":0,"cards_transformed":["Strike_R"],"player_choice":"Change","damage_taken":0,"max_hp_gain":0,"max_hp_loss":0,"event_name":"Living Wall","floor":4,"gold_loss":0,"cards_obtained":["Wild Strike"]},{"damage_healed":0,"gold_gain":0,"player_choice":"Lose Max HP","damage_taken":0,"relics_obtained":["Golden Idol"],"max_hp_gain":0,"max_hp_loss":6,"event_name":"Golden Idol","floor":12,"gold_loss":0},{"damage_healed":0,"gold_gain":0,"player_choice":"Simplicity","damage_taken":0,"max_hp_gain":0,"max_hp_loss":0,"event_name":"Back to Basics","floor":20,"gold_loss":0,"cards_upgraded":["Strike_R","Strike_R","Strike_R","Strike_R","Defend_R","Defend_R","Defend_R","Defend_R"]},{"damage_healed":0,"gold_gain":0,"player_choice":"Became a Ghost","damage_taken":0,"max_hp_gain":0,"max_hp_loss":40,"event_name":"Ghosts","floor":21,"gold_loss":0,"cards_obtained":["Ghostly","Ghostly","Ghostly","Ghostly","Ghostly"]},{"damage_healed":0,"gold_gain":0,"player_choice":"Obtained Relic","damage_taken":0,"relics_obtained":["Bag of Marbles"],"max_hp_gain":0,"max_hp_loss":0,"event_name":"Addict","floor":25,"gold_loss":85},{"damage_healed":0,"gold_gain":0,"player_choice":"Ignored","damage_taken":0,"max_hp_gain":0,"max_hp_loss":0,"event_name":"Tomb of Lord Red Mask","floor":38,"gold_loss":0},{"damage_healed":0,"gold_gain":0,"player_choice":"Memory 1","damage_taken":0,"max_hp_gain":0,"max_hp_loss":0,"event_name":"SensoryStone","floor":39,"gold_loss":0}],"is_beta":false,"boss_relics":[{"not_picked":["Velvet Choker","Runic Dome"],"picked":"Coffee Dripper"},{"not_picked":["Astrolabe","Lizard Tail"],"picked":"Busted Crown"}],"items_purged_floors":[],"is_endless":false,"potions_floor_spawned":[11,14,23,29,31,33,35,45,47,54],"killed_by":"The Heart","ascension_level":6}