{"path_per_floor":["M","M","M","?","M","R","E","R","T","?","?","$","R","M","R","B",null,"M","?","M","?","T","R","E","R","T","$"],"character_chosen":"DEFECT","items_purchased":["Capacitor","Sweeping Beam","Cold Snap","Capacitor"],"gold_per_floor":[109,128,140,140,155,155,188,188,213,213,213,66,66,85,85,180,180,195,195,207,207,207,207,239,239,239,48,48],"floor_reached":28,"campfire_rested":0,"playtime":888,"current_hp_per_floor":[75,73,73,66,62,62,38,38,38,31,31,31,31,30,30,10,75,58,58,52,52,52,52,53,53,53,53,0],"items_purged":["Strike_B","Strike_B"],"gold":48,"score":282,"play_id":"a3fd64bf-894b-4f66-9829-2a24005641d9","local_time":"20180428142735","is_prod":false,"is_daily":false,"chose_seed":false,"is_ascension_mode":true,"campfire_upgraded":6,"timestamp":1524940055,"path_taken":["M","M","M","?","M","R","E","R","T","?","?","$","R","M","R","BOSS","M","?","M","?","?","R","E","R","T","$","E"],"build_version":"2018-04-27v3","seed_source_timestamp":4482797661556845,"purchased_purges":2,"victory":false,"master_deck":["Defend_B","Defend_B","Defend_B","Defend_B","Zap","Dualcast","Auto Shields+1","Ball Lightning","Chaos+1","FTL","Go for the Eyes","Darkness","Capacitor+1","Sweeping Beam","Capacitor+1","Creative AI","Stack+1","Coolheaded+1","Capacitor+1","Cold Snap","Capacitor+1"],"max_hp_per_floor":[75,75,75,75,75,75,75,75,75,75,75,75,75,75,75,75,75,75,75,75,75,75,75,82,82,82,82,82],"relics":["Sozu","Juzu Bracelet","Bag of Preparation","Nuclear Battery","Gremlin Horn","Strawberry","Frozen Egg 2"],"card_choices":[{"not_picked":["Coolheaded","Hologram"],"picked":"Auto Shields","floor":1},{"not_picked":["Go for the Eyes","Sweeping Beam"],"picked":"Ball Lightning","floor":2},{"not_picked":["Impulse","Beam Cell"],"picked":"Chaos","floor":3},{"not_picked":["Double Energy","Auto Shields"],"picked":"FTL","floor":5},{"not_picked":["Reprogram","Multi-Cast"],"picked":"Go for the Eyes","floor":7},{"not_picked":["Skim","Axe Kick"],"picked":"Capacitor","floor":14},{"not_picked":["Seek","Nova"],"picked":"Creative AI","floor":16},{"not_picked":["Go for the Eyes","Glacier"],"picked":"Stack","floor":18},{"not_picked":["Scrape","Steam Power"],"picked":"Coolheaded","floor":20},{"not_picked":["Coolheaded","Scrape"],"picked":"Capacitor","floor":24}],"player_experience":33041,"potions_floor_usage":[],"damage_taken":[{"damage":0,"enemies":"Cultist","floor":1,"turns":3},{"damage":2,"enemies":"Small Slimes","floor":2,"turns":3},{"damage":0,"enemies":"2 Louse","floor":3,"turns":2},{"damage":4,"enemies":"Exordium Wildlife","floor":5,"turns":4},{"damage":24,"enemies":"Gremlin Nob","floor":7,"turns":5},{"damage":1,"enemies":"Blue Slaver","floor":14,"turns":3},{"damage":20,"enemies":"Slime Boss","floor":16,"turns":5},{"damage":17,"enemies":"2 Thieves","floor":18,"turns":4},{"damage":6,"enemies":"3 Byrds","floor":20,"turns":5},{"damage":6,"enemies":"Gremlin Leader","floor":24,"turns":6},{"damage":54,"enemies":"Slavers","floor":28,"turns":5}],"event_choices":[{"event_name":"Golden Wing","player_choice":"Card Removal","floor":4,"damage_taken":0},{"event_name":"Wheel of Change","player_choice":"Damage","floor":10,"damage_taken":0},{"event_name":"Transmorgrifier","player_choice":"Transform","floor":11,"damage_taken":0},{"event_name":"Ghosts","player_choice":"Ignored","floor":19,"damage_taken":0},{"event_name":"The Lab","player_choice":"Got Potions","floor":21,"damage_taken":0}],"boss_relics":[{"not_picked":["Inserter","Black Star"],"picked":"Nuclear Battery"}],"potions_floor_spawned":[3,7,14,24],"seed_played":"-571757639428582195","killed_by":"Slavers","ascension_level":2,"is_trial":false}