{"gold_per_floor":[110,125,145,145,95,95,95,95,95,116,129,173,173,191,191,286,286,306,324,72,72,72,72,112,137,137,69,94,94,107,123,123,217,217,236,236,236,93,117,17,42,42,65,90,90,130,130,153,153,153],"floor_reached":51,"playtime":3849,"items_purged":["Shame","Shame"],"score":1171,"play_id":"568291a0-bcae-423f-a8e9-1ef30823d96a","local_time":"20190504193850","is_ascension_mode":true,"campfire_choices":[{"data":"Neutralize","floor":6.0,"key":"SMITH"},{"data":"Well Laid Plans","floor":8.0,"key":"SMITH"},{"data":"Glass Knife","floor":13.0,"key":"SMITH"},{"data":"Backflip","floor":15.0,"key":"SMITH"},{"data":"Glass Knife","floor":23.0,"key":"SMITH"},{"data":"Cloak And Dagger","floor":29.0,"key":"SMITH"},{"floor":32.0,"key":"REST"},{"data":"Neutralize","floor":42.0,"key":"SMITH"},{"data":"Survivor","floor":45.0,"key":"SMITH"},{"data":"Footwork","floor":47.0,"key":"SMITH"},{"floor":49.0,"key":"REST"}],"neow_cost":"NONE","seed_source_timestamp":0,"circlet_count":0,"master_deck":["AscendersBane","Defend_G","Defend_G","Defend_G","Defend_G","Defend_G","Strike_G","Strike_G","Strike_G","Strike_G","Survivor+1","Neutralize+1","Glass Knife+1","Flying Knee","Well Laid Plans+1","Glass Knife+1","Injury","Poisoned Stab","Bouncing Flask","Backstab","Backflip+1","Die Die Die","PiercingWail","Cloak And Dagger+1","Writhe","Blade Dance+1","Dash+1","Footwork","Deflect+1","Blur+1","Malaise+1","Dodge and Roll+1","Neutralize+1","Discovery+1","Footwork","Footwork+1","Catalyst+1","Normality","Sucker Punch+1","Die Die Die","Acrobatics+1"],"special_seed":0,"relics":["Ring of the Snake","Happy Flower","Golden Idol","Paper Crane","FossilizedHelix","Cursed Key","TwistedFunnel","Toxic Egg 2","Kunai","Bag of Preparation","Incense Burner","White Beast Statue","Orichalcum","Regal Pillow"],"potions_floor_usage":[50,50],"damage_taken":[{"damage":0.0,"enemies":"Jaw Worm","floor":1.0,"turns":3.0},{"damage":0.0,"enemies":"Small Slimes","floor":2.0,"turns":3.0},{"damage":0.0,"enemies":"2 Louse","floor":3.0,"turns":3.0},{"damage":2.0,"enemies":"Exordium Wildlife","floor":10.0,"turns":4.0},{"damage":0.0,"enemies":"Looter","floor":11.0,"turns":2.0},{"damage":2.0,"enemies":"3 Sentries","floor":12.0,"turns":6.0},{"damage":0.0,"enemies":"2 Fungi Beasts","floor":14.0,"turns":2.0},{"damage":10.0,"enemies":"Slime Boss","floor":16.0,"turns":8.0},{"damage":0.0,"enemies":"Chosen","floor":18.0,"turns":3.0},{"damage":9.0,"enemies":"3 Byrds","floor":19.0,"turns":5.0},{"damage":13.0,"enemies":"Book of Stabbing","floor":24.0,"turns":5.0},{"damage":0.0,"enemies":"Snecko","floor":25.0,"turns":2.0},{"damage":0.0,"enemies":"Shelled Parasite and Fungi","floor":28.0,"turns":3.0},{"damage":0.0,"enemies":"Sentry and Sphere","floor":30.0,"turns":5.0},{"damage":0.0,"enemies":"Centurion and Healer","floor":31.0,"turns":6.0},{"damage":40.0,"enemies":"Champ","floor":33.0,"turns":15.0},{"damage":0.0,"enemies":"3 Darklings","floor":35.0,"turns":10.0},{"damage":0.0,"enemies":"Orb Walker","floor":39.0,"turns":3.0},{"damage":0.0,"enemies":"Transient","floor":41.0,"turns":5.0},{"damage":0.0,"enemies":"Spire Growth","floor":44.0,"turns":6.0},{"damage":0.0,"enemies":"Nemesis","floor":46.0,"turns":7.0},{"damage":15.0,"enemies":"3 Darklings","floor":48.0,"turns":6.0},{"damage":15,"enemies":"Donu and Deca","floor":50,"turns":22}],"seed_played":"-7731345970901292002","potions_obtained":[{"floor":1.0,"key":"Poison Potion"},{"floor":3.0,"key":"GamblersBrew"},{"floor":10.0,"key":"Explosive Potion"},{"floor":14.0,"key":"Explosive Potion"},{"floor":19.0,"key":"SteroidPotion"},{"floor":33.0,"key":"AttackPotion"},{"floor":35.0,"key":"Fire Potion"},{"floor":39.0,"key":"Fire Potion"},{"floor":48.0,"key":"Energy Potion"}],"is_trial":false,"path_per_floor":["M","M","M","?","?","R","?","R","T","M","M","E","R","M","R","B",null,"M","M","$","?","?","R","E","M","T","$","M","R","M","M","R","B",null,"M","?","?","$","M","$","M","R","T","M","R","E","R","M","R","B",null],"character_chosen":"THE_SILENT","items_purchased":["Cloak And Dagger","TwistedFunnel","Footwork","Footwork"],"campfire_rested":2,"item_purchase_floors":[20,20,27,38],"current_hp_per_floor":[59,59,59,59,59,59,59,59,59,57,57,55,55,55,55,45,61,61,52,52,52,52,52,39,39,39,39,39,39,39,39,58,18,54,54,54,54,54,54,54,54,54,54,54,54,54,54,39,66,51],"gold":153,"neow_bonus":"TRANSFORM_CARD","is_prod":false,"is_daily":false,"chose_seed":false,"campfire_upgraded":9,"win_rate":0,"timestamp":1557013130,"path_taken":["M","M","M","?","?","R","?","R","T","M","M","E","R","M","R","BOSS","M","M","$","?","?","R","E","M","T","$","M","R","M","M","R","BOSS","M","?","?","$","?","$","M","R","T","M","R","E","R","M","R","BOSS"],"build_version":"2019-01-23","purchased_purges":2,"victory":true,"max_hp_per_floor":[66,66,66,66,66,66,66,66,66,66,66,66,66,66,66,66,66,66,66,66,66,66,66,66,66,66,66,66,66,66,66,66,66,66,66,66,66,66,66,66,66,66,66,66,66,66,66,66,66,66],"card_choices":[{"not_picked":["Masterful Stab","Acrobatics"],"picked":"Flying Knee","floor":1.0},{"not_picked":["Eviscerate","Deadly Poison"],"picked":"Well Laid Plans","floor":2.0},{"not_picked":["Flying Knee","Predator"],"picked":"Glass Knife","floor":3.0},{"not_picked":["Deadly Poison","Quick Slash"],"picked":"Poisoned Stab","floor":10.0},{"not_picked":["Deflect","Sucker Punch"],"picked":"Bouncing Flask","floor":11.0},{"not_picked":["Calculated Gamble","Wraith Form v2"],"picked":"Backstab","floor":12.0},{"not_picked":["Slice","PiercingWail"],"picked":"Backflip","floor":14.0},{"not_picked":["Grand Finale","Glass Knife"],"picked":"Die Die Die","floor":16.0},{"not_picked":["Distraction","Quick Slash","Blade Dance"],"picked":"SKIP","floor":18.0},{"not_picked":["Sucker Punch","Dagger Spray"],"picked":"PiercingWail","floor":19.0},{"not_picked":["Outmaneuver+1","Dodge and Roll+1"],"picked":"Blade Dance+1","floor":24.0},{"not_picked":["Choke","Outmaneuver+1"],"picked":"Dash+1","floor":25.0},{"not_picked":["Dagger Throw","Deadly Poison+1"],"picked":"Deflect+1","floor":28.0},{"not_picked":["Riddle With Holes","Unload","Bane"],"picked":"SKIP","floor":30.0},{"not_picked":["Terror+1","Riddle With Holes"],"picked":"Blur+1","floor":31.0},{"not_picked":["Wraith Form v2","Venomology+1"],"picked":"Malaise+1","floor":33.0},{"not_picked":["Dash","Flechettes+1"],"picked":"Dodge and Roll+1","floor":35.0},{"not_picked":["Slice","Blade Dance+1"],"picked":"Footwork","floor":39.0},{"not_picked":["Deadly Poison+1","Sucker Punch"],"picked":"Catalyst+1","floor":41.0},{"not_picked":["Bouncing Flask+1","Noxious Fumes"],"picked":"Sucker Punch+1","floor":44.0},{"not_picked":["Quick Slash","Flechettes"],"picked":"Die Die Die","floor":46.0},{"not_picked":["Deflect+1","Expertise+1"],"picked":"Acrobatics+1","floor":48.0}],"player_experience":314065,"relics_obtained":[{"floor":9.0,"key":"Paper Crane"},{"floor":12.0,"key":"FossilizedHelix"},{"floor":24.0,"key":"Bag of Preparation"},{"floor":26.0,"key":"Incense Burner"},{"floor":43.0,"key":"Orichalcum"},{"floor":46.0,"key":"Regal Pillow"}],"event_choices":[{"damage_healed":0.0,"max_hp_gain":0.0,"max_hp_loss":0.0,"gold_gain":0.0,"event_name":"Big Fish","player_choice":"Box","floor":4.0,"gold_loss":0.0,"damage_taken":0.0,"relics_obtained":["Happy Flower"],"cards_obtained":["Regret"]},{"cards_removed":["Regret"],"damage_healed":0.0,"max_hp_gain":0.0,"max_hp_loss":0.0,"gold_gain":0.0,"event_name":"The Cleric","player_choice":"Card Removal","floor":5.0,"gold_loss":50.0,"damage_taken":0.0},{"damage_healed":0.0,"max_hp_gain":0.0,"max_hp_loss":0.0,"gold_gain":0.0,"event_name":"Golden Idol","player_choice":"Take Wound","floor":7.0,"gold_loss":0.0,"damage_taken":0.0,"relics_obtained":["Golden Idol"],"cards_obtained":["Injury"]},{"damage_healed":0.0,"max_hp_gain":0.0,"max_hp_loss":0.0,"gold_gain":0.0,"event_name":"Addict","player_choice":"Stole Relic","floor":21.0,"gold_loss":0.0,"damage_taken":0.0,"relics_obtained":["Toxic Egg 2"],"cards_obtained":["Shame"]},{"damage_healed":0.0,"max_hp_gain":0.0,"max_hp_loss":0.0,"gold_gain":0.0,"event_name":"The Mausoleum","player_choice":"Opened","floor":22.0,"gold_loss":0.0,"damage_taken":0.0,"relics_obtained":["Kunai"],"cards_obtained":["Writhe"]},{"damage_healed":0.0,"max_hp_gain":0.0,"max_hp_loss":0.0,"gold_gain":0.0,"event_name":"Mysterious Sphere","player_choice":"Ignored","floor":36.0,"gold_loss":0.0,"damage_taken":0.0},{"damage_healed":0.0,"max_hp_gain":0.0,"max_hp_loss":0.0,"gold_gain":0.0,"event_name":"Match and Keep!","player_choice":"2 cards matched","floor":37.0,"gold_loss":0.0,"damage_taken":0.0,"cards_obtained":["Neutralize","Discovery"]}],"is_beta":false,"boss_relics":[{"not_picked":["Runic Pyramid","HoveringKite"],"picked":"Cursed Key"},{"not_picked":["Calling Bell","Coffee Dripper"],"picked":"White Beast Statue"}],"items_purged_floors":[38,40],"is_endless":false,"potions_floor_spawned":[1,3,10,14,19,33,35,39,41,44,46,48],"ascension_level":14}