{"gold_per_floor":[110,58,74,84,104,104,131,36,36,36,63,63],"floor_reached":12,"playtime":761,"items_purged":[],"score":114,"play_id":"9453ac50-3eff-4705-b7db-2052c6bd1253","local_time":"20181118033025","is_ascension_mode":true,"campfire_choices":[{"floor":6,"key":"REST"},{"floor":10,"key":"REST"}],"neow_cost":"NONE","seed_source_timestamp":134090124244297,"circlet_count":0,"master_deck":["Strike_B","Strike_B","Strike_B","Strike_B","Defend_B","Defend_B","Defend_B","Defend_B","Zap+1","Dualcast","Coolheaded","Conserve Battery","Leap","Coolheaded","Ball Lightning","Defragment","Cold Snap","Sunder"],"relics":["Cracked Core","Pantograph","Bottled Flame","Dodecahedron","Cables"],"potions_floor_usage":[],"damage_taken":[{"damage":5,"enemies":"Small Slimes","floor":1,"turns":2},{"damage":1,"enemies":"Cultist","floor":3,"turns":4},{"damage":5,"enemies":"Jaw Worm","floor":4,"turns":3},{"damage":36,"enemies":"Gremlin Gang","floor":5,"turns":5},{"damage":28,"enemies":"3 Sentries","floor":7,"turns":11},{"damage":29,"enemies":"Lagavulin","floor":11,"turns":6},{"damage":12,"enemies":"Exordium Wildlife","floor":12,"turns":1}],"seed_played":"-3411650136419642648","potions_obtained":[{"floor":5,"key":"Strength Potion"}],"is_trial":false,"path_per_floor":["M","?","M","M","M","R","E","$","T","R","E","M"],"character_chosen":"DEFECT","items_purchased":["Defragment","Cold Snap"],"campfire_rested":2,"item_purchase_floors":[8,8],"current_hp_per_floor":[63,63,62,57,21,43,15,15,15,37,8,0],"gold":63,"neow_bonus":"UPGRADE_CARD","is_prod":false,"is_daily":false,"chose_seed":false,"campfire_upgraded":0,"win_rate":0,"timestamp":1542529825,"path_taken":["M","?","?","M","M","R","E","?","T","R","E","?"],"build_version":"2018-11-15","purchased_purges":0,"victory":false,"max_hp_per_floor":[75,75,75,75,75,75,75,75,75,75,75,75],"card_choices":[{"not_picked":["Barrage","Sweeping Beam"],"picked":"Coolheaded","floor":1},{"not_picked":["Reprogram","Darkness"],"picked":"Conserve Battery","floor":3},{"not_picked":["Static Discharge","Steam"],"picked":"Leap","floor":4},{"not_picked":["Stack","Rebound"],"picked":"Coolheaded","floor":5},{"not_picked":["Biased Cognition","Stack"],"picked":"Ball Lightning","floor":7},{"not_picked":["Barrage","Loop"],"picked":"Sunder","floor":11}],"player_experience":170977,"relics_obtained":[{"floor":7,"key":"Bottled Flame"},{"floor":9,"key":"Dodecahedron"},{"floor":11,"key":"Cables"}],"event_choices":[{"damage_healed":0,"gold_gain":0,"player_choice":"Paid Gold","damage_taken":0,"relics_obtained":["Pantograph"],"max_hp_gain":0,"max_hp_loss":0,"event_name":"WeMeetAgain","floor":2,"gold_loss":52}],"is_beta":false,"boss_relics":[],"items_purged_floors":[],"is_endless":false,"potions_floor_spawned":[5],"killed_by":"Exordium Wildlife","ascension_level":6}