{"gold_per_floor":[112,112,123,123,142,171,171,184,184,209,222,222,240,250,250,347,347,358,327,341,341,107,107,107,107,107,125,125],"floor_reached":28,"playtime":2079,"items_purged":["Regret"],"score":255,"play_id":"a68ae23d-8745-4c13-8300-5cfd6a044019","local_time":"20181001024934","is_ascension_mode":true,"campfire_choices":[{"floor":7,"key":"REST"},{"floor":12,"key":"REST"},{"floor":15,"key":"DIG"},{"floor":23,"key":"DIG"},{"data":"Buffer","floor":25,"key":"SMITH"}],"neow_cost":"NONE","seed_source_timestamp":511032908164138,"circlet_count":0,"master_deck":["Strike_B","Strike_B","Strike_B","Strike_B","Defend_B","Defend_B","Defend_B","Defend_B","Zap","Dualcast","Ball Lightning","Reinforced Body","Fission","Skim","Beam Cell","Reboot","Defragment","Go for the Eyes","Leap","Sweeping Beam","Cold Snap","Creative AI","Steam+1","Gash+1","Rip and Tear+1","Buffer+1","Shame","Auto Shields+1"],"relics":["FrozenCore","Strawberry","Cables","Turnip","Thread and Needle","Shovel","Pantograph","Darkstone Periapt","Molten Egg 2","Incense Burner"],"potions_floor_usage":[10,16,19,28],"damage_taken":[{"damage":0,"enemies":"2 Louse","floor":1,"turns":2},{"damage":9,"enemies":"Jaw Worm","floor":3,"turns":3},{"damage":8,"enemies":"Cultist","floor":5,"turns":3},{"damage":16,"enemies":"Gremlin Nob","floor":6,"turns":4},{"damage":6,"enemies":"3 Louse","floor":8,"turns":3},{"damage":17,"enemies":"Lagavulin","floor":10,"turns":5},{"damage":16,"enemies":"Gremlin Gang","floor":11,"turns":4},{"damage":0,"enemies":"Blue Slaver","floor":13,"turns":2},{"damage":0,"enemies":"Exordium Thugs","floor":14,"turns":2},{"damage":12,"enemies":"The Guardian","floor":16,"turns":9},{"damage":14,"enemies":"Spheric Guardian","floor":18,"turns":6},{"damage":24,"enemies":"2 Thieves","floor":19,"turns":5},{"damage":4,"enemies":"3 Cultists","floor":20,"turns":7},{"damage":5,"enemies":"Centurion and Healer","floor":27,"turns":11},{"damage":43,"enemies":"Gremlin Leader","floor":28,"turns":5}],"seed_played":"-8354514224287494881","potions_obtained":[{"floor":6,"key":"Fire Potion"},{"floor":11,"key":"Fire Potion"},{"floor":13,"key":"GamblersBrew"},{"floor":19,"key":"Strength Potion"},{"floor":27,"key":"PowerPotion"}],"is_trial":false,"path_per_floor":["M","?","M","?","M","E","R","M","T","E","M","R","M","M","R","B",null,"M","M","M","?","$","R","?","R","T","M"],"character_chosen":"DEFECT","items_purchased":["Buffer"],"campfire_rested":2,"item_purchase_floors":[22],"current_hp_per_floor":[82,82,73,73,65,49,73,67,67,50,34,58,58,58,58,70,82,68,44,40,40,40,40,46,46,46,41,0],"gold":125,"neow_bonus":"RANDOM_COMMON_RELIC","is_prod":false,"is_daily":false,"chose_seed":false,"campfire_upgraded":1,"win_rate":0,"timestamp":1538376574,"path_taken":["M","?","?","?","M","E","R","M","T","E","M","R","?","M","R","BOSS","M","M","?","?","$","R","?","R","T","M","E"],"build_version":"2018-09-27","purchased_purges":1,"victory":false,"max_hp_per_floor":[82,82,82,82,82,82,82,82,82,82,82,82,82,82,82,82,82,82,82,82,82,82,82,88,88,88,88,88],"card_choices":[{"not_picked":["Go for the Eyes","Melter"],"picked":"Ball Lightning","floor":1},{"not_picked":["Redo","Storm"],"picked":"Reinforced Body","floor":3},{"not_picked":["Lockon","Barrage"],"picked":"Beam Cell","floor":5},{"not_picked":["Static Discharge","Ball Lightning"],"picked":"Reboot","floor":6},{"not_picked":["Rebound","Doom and Gloom"],"picked":"Defragment","floor":8},{"not_picked":["Streamline","Steam"],"picked":"Go for the Eyes","floor":10},{"not_picked":["Compile Driver","Heatsinks"],"picked":"Leap","floor":11},{"not_picked":["Hologram","Fusion"],"picked":"Sweeping Beam","floor":13},{"not_picked":["Fusion","Beam Cell"],"picked":"Cold Snap","floor":14},{"not_picked":["Biased Cognition","Reboot"],"picked":"Creative AI","floor":16},{"not_picked":["Cold Snap+1","Gash+1"],"picked":"Steam+1","floor":18},{"not_picked":["Reprogram","Beam Cell"],"picked":"Gash+1","floor":19},{"not_picked":["Cold Snap","Recycle"],"picked":"Rip and Tear+1","floor":20},{"not_picked":["Coolheaded","Lockon+1"],"picked":"Auto Shields+1","floor":27}],"player_experience":117636,"relics_obtained":[{"floor":6,"key":"Turnip"},{"floor":9,"key":"Thread and Needle"},{"floor":10,"key":"Shovel"},{"floor":15,"key":"Pantograph"},{"floor":23,"key":"Darkstone Periapt"},{"floor":26,"key":"Incense Burner"}],"event_choices":[{"event_name":"Big Fish","player_choice":"Box","floor":2,"damage_taken":0},{"event_name":"Match and Keep!","player_choice":"2 cards matched","floor":4,"damage_taken":0},{"event_name":"Ghosts","player_choice":"Ignored","floor":21,"damage_taken":0},{"event_name":"Addict","player_choice":"Stole Relic","floor":24,"damage_taken":0}],"is_beta":false,"boss_relics":[{"not_picked":["Black Star","White Beast Statue"],"picked":"FrozenCore"}],"items_purged_floors":[22],"is_endless":false,"potions_floor_spawned":[6,11,13,19,27],"killed_by":"Gremlin Leader","ascension_level":2}