{"gold_per_floor":[114,289,304,319,319,349,349,364,364,364],"floor_reached":10,"playtime":694,"items_purged":[],"score":68,"play_id":"bc0339b9-e554-495a-ba22-9b4390ed5f60","local_time":"20190317225900","daily_mods":["Draft","Green Cards","DeadlyEvents"],"is_ascension_mode":false,"campfire_choices":[{"data":"Defragment","floor":7,"key":"SMITH"}],"neow_cost":"","seed_source_timestamp":0,"circlet_count":0,"master_deck":["Cloak And Dagger","Heatsinks","Blade Dance","Sweeping Beam","Leg Sweep","Defragment+1","Prepared","Gash","Doom and Gloom","Static Discharge","Blade Dance","Tempest","Coolheaded","Gash","Glacier","Backflip","Turbo","Scrape","Seek","Blur"],"special_seed":17973,"relics":["Cracked Core","Oddly Smooth Stone","Calipers"],"potions_floor_usage":[10],"damage_taken":[{"damage":0,"enemies":"Cultist","floor":1,"turns":4},{"damage":11,"enemies":"Small Slimes","floor":3,"turns":2},{"damage":11,"enemies":"Jaw Worm","floor":4,"turns":3},{"damage":11,"enemies":"Lagavulin","floor":6,"turns":7},{"damage":12,"enemies":"Large Slime","floor":8,"turns":6},{"damage":23,"enemies":"3 Sentries","floor":10,"turns":3}],"seed_played":"-6182514928825895174","potions_obtained":[{"floor":8,"key":"PowerPotion"}],"is_trial":false,"path_per_floor":["M","?","M","M","?","E","R","M","T","E"],"character_chosen":"DEFECT","items_purchased":[],"campfire_rested":0,"item_purchase_floors":[],"current_hp_per_floor":[75,75,64,53,46,35,35,23,23,0],"gold":364,"neow_bonus":"","is_prod":false,"is_daily":true,"chose_seed":false,"campfire_upgraded":1,"win_rate":0,"timestamp":1552881540,"path_taken":["M","?","M","M","?","E","R","?","T","E"],"build_version":"2019-01-23","purchased_purges":0,"victory":false,"max_hp_per_floor":[75,75,75,75,75,75,75,75,75,75],"card_choices":[{"not_picked":["Leap","Slice"],"picked":"Cloak And Dagger","floor":0},{"not_picked":["Acrobatics","Calculated Gamble"],"picked":"Heatsinks","floor":0},{"not_picked":["Streamline","Cloak And Dagger"],"picked":"Blade Dance","floor":0},{"not_picked":["Deflect","Dagger Throw"],"picked":"Sweeping Beam","floor":0},{"not_picked":["Noxious Fumes","Dagger Spray"],"picked":"Leg Sweep","floor":0},{"not_picked":["Sucker Punch","Doom and Gloom"],"picked":"Defragment","floor":0},{"not_picked":["Bane","Dagger Spray"],"picked":"Prepared","floor":0},{"not_picked":["Sunder","Turbo"],"picked":"Gash","floor":0},{"not_picked":["Dagger Spray","Ball Lightning"],"picked":"Doom and Gloom","floor":0},{"not_picked":["Outmaneuver","Turbo"],"picked":"Static Discharge","floor":0},{"not_picked":["Stack","Dagger Spray"],"picked":"Blade Dance","floor":0},{"not_picked":["Blade Dance","Heel Hook"],"picked":"Tempest","floor":0},{"not_picked":["Prepared","Distraction"],"picked":"Coolheaded","floor":0},{"not_picked":["Underhanded Strike","Cold Snap"],"picked":"Gash","floor":0},{"not_picked":["Blizzard","Conserve Battery"],"picked":"Glacier","floor":0},{"not_picked":["Deflect","Prepared"],"picked":"Backflip","floor":1},{"not_picked":["Sweeping Beam","Cold Snap"],"picked":"Turbo","floor":3},{"not_picked":["Stack","Crippling Poison"],"picked":"Scrape","floor":4},{"not_picked":["Barrage","Eviscerate"],"picked":"Seek","floor":6},{"not_picked":["Leap","Dash"],"picked":"Blur","floor":8}],"player_experience":144566,"relics_obtained":[{"floor":6,"key":"Oddly Smooth Stone"},{"floor":9,"key":"Calipers"}],"event_choices":[{"damage_healed":0,"gold_gain":175,"player_choice":"AGREE","damage_taken":0,"max_hp_gain":0,"max_hp_loss":0,"event_name":"Liars Game","floor":2,"gold_loss":0,"cards_obtained":["Doubt"]},{"cards_removed":["Doubt"],"damage_healed":0,"gold_gain":0,"player_choice":"Card Removal","damage_taken":7,"max_hp_gain":0,"max_hp_loss":0,"event_name":"Golden Wing","floor":5,"gold_loss":0}],"is_beta":false,"boss_relics":[],"items_purged_floors":[],"is_endless":false,"potions_floor_spawned":[8],"killed_by":"3 Sentries","ascension_level":0}