{"gold_per_floor":[114,24,124,139,150,150,167,167,167,197,216,51,67,80,80,80],"floor_reached":16,"playtime":1227,"items_purged":[],"score":104,"play_id":"8b28060d-9b05-4403-b299-d4adc6a10a80","local_time":"20190211204305","is_ascension_mode":false,"campfire_choices":[{"data":"Impatience","floor":6,"key":"SMITH"},{"data":"Dodge and Roll","floor":8,"key":"SMITH"},{"floor":15,"key":"REST"}],"neow_cost":"NONE","seed_source_timestamp":266441327524400,"circlet_count":0,"master_deck":["Defend_G","Defend_G","Defend_G","Defend_G","Defend_G","Strike_G","Strike_G","Strike_G","Strike_G","Strike_G","Survivor","Neutralize","Impatience+1","Slice","Swift Strike","Dodge and Roll+1","Slice","Slice","Deflect","Sucker Punch","Secret Technique","Backflip","Flechettes"],"relics":["Ring of the Snake","Meat on the Bone","Gremlin Horn"],"potions_floor_usage":[10],"damage_taken":[{"damage":0,"enemies":"2 Louse","floor":1,"turns":2},{"damage":4,"enemies":"Cultist","floor":4,"turns":4},{"damage":1,"enemies":"Jaw Worm","floor":5,"turns":4},{"damage":1,"enemies":"Looter","floor":7,"turns":4},{"damage":18,"enemies":"3 Sentries","floor":10,"turns":9},{"damage":0,"enemies":"2 Fungi Beasts","floor":11,"turns":3},{"damage":6,"enemies":"3 Louse","floor":13,"turns":4},{"damage":2,"enemies":"Red Slaver","floor":14,"turns":3},{"damage":70,"enemies":"The Guardian","floor":16,"turns":11}],"seed_played":"-6920566223442286191","potions_obtained":[{"floor":5,"key":"SneckoOil"},{"floor":13,"key":"PowerPotion"}],"is_trial":false,"path_per_floor":["M","$","?","M","M","R","M","R","T","E","M","$","M","M","R","B"],"character_chosen":"THE_SILENT","items_purchased":["Swift Strike","Secret Technique"],"campfire_rested":1,"item_purchase_floors":[2,12],"current_hp_per_floor":[70,70,70,66,65,65,64,64,64,46,46,46,40,38,59,0],"gold":80,"neow_bonus":"RANDOM_COLORLESS","is_prod":false,"is_daily":false,"chose_seed":false,"campfire_upgraded":2,"win_rate":0,"timestamp":1549939385,"path_taken":["M","$","?","M","M","R","M","R","T","E","?","$","M","M","R","BOSS"],"build_version":"2019-01-23","purchased_purges":0,"victory":false,"max_hp_per_floor":[70,70,70,70,70,70,70,70,70,70,70,70,70,70,70,70],"card_choices":[{"not_picked":["Prepared","Sucker Punch"],"picked":"Slice","floor":1},{"not_picked":["Deadly Poison","PiercingWail"],"picked":"Dodge and Roll","floor":4},{"not_picked":["Acrobatics","Blur"],"picked":"Slice","floor":5},{"not_picked":["Riddle With Holes","Prepared"],"picked":"Slice","floor":7},{"not_picked":["PiercingWail","Bane"],"picked":"Deflect","floor":10},{"not_picked":["Bouncing Flask","Caltrops"],"picked":"Sucker Punch","floor":11},{"not_picked":["Riddle With Holes","Accuracy"],"picked":"Backflip","floor":13},{"not_picked":["Malaise","Cloak And Dagger"],"picked":"Flechettes","floor":14}],"player_experience":42613,"relics_obtained":[{"floor":9,"key":"Meat on the Bone"},{"floor":10,"key":"Gremlin Horn"}],"event_choices":[{"damage_healed":0,"gold_gain":100,"player_choice":"Pray","damage_taken":0,"max_hp_gain":0,"max_hp_loss":0,"event_name":"Golden Shrine","floor":3,"gold_loss":0}],"is_beta":false,"boss_relics":[],"items_purged_floors":[],"is_endless":false,"potions_floor_spawned":[5,13],"killed_by":"The Guardian","ascension_level":0}