{"gold_per_floor":[113,113,12,12,33,68,68,81,162,162,195,195,238,238,238,366,366,386,411,361,213,231,75,118,118,170,208,249,249,293,316,316,437,437,453,453,471,106,328,361,361,402,426,426,462,587,625,639,639,639],"floor_reached":50,"playtime":3487,"items_purged":["Strike_R"],"score":801,"play_id":"c804e142-9489-4e9b-be41-7429fae4f4bf","local_time":"20190413112144","is_ascension_mode":true,"campfire_choices":[{"data":"Carnage","floor":7.0,"key":"SMITH"},{"data":"Armaments","floor":10.0,"key":"SMITH"},{"data":"Shrug It Off","floor":15.0,"key":"SMITH"},{"data":"Berserk","floor":25.0,"key":"SMITH"},{"data":"Warcry","floor":29.0,"key":"SMITH"},{"data":"Metallicize","floor":32.0,"key":"SMITH"},{"data":"True Grit","floor":41.0,"key":"SMITH"},{"data":"Juggernaut","floor":44.0,"key":"SMITH"},{"floor":49.0,"key":"RECALL"}],"neow_cost":"NONE","seed_source_timestamp":265036078005900,"circlet_count":0,"master_deck":["Strike_R","Strike_R+1","Defend_R+1","Defend_R","Defend_R+1","Bash","Berserk+1","Headbutt","Armaments+1","Inflame","Carnage+1","Rampage","Shrug It Off+1","Immolate+1","True Grit+1","Clothesline+1","Double Tap","Metallicize+1","Flex+1","Warcry+1","Offering","Intimidate+1","Juggernaut+1","Battle Trance+1","Flash of Steel","Discovery","Thunderclap","Secret Technique","Iron Wave+1","Dual Wield+1","Metallicize+1"],"special_seed":0,"relics":["Burning Blood","Golden Idol","Pen Nib","Pantograph","Vajra","Kunai","Mango","White Beast Statue","Whetstone","Oddly Smooth Stone","Paper Frog","Red Skull","Thread and Needle","Red Mask","Bird Faced Urn","Empty Cage","Sling","PreservedInsect","Bottled Lightning","Orichalcum","Peace Pipe","Regal Pillow"],"potions_floor_usage":[50],"damage_taken":[{"damage":4.0,"enemies":"2 Louse","floor":1.0,"turns":4.0},{"damage":0.0,"enemies":"Small Slimes","floor":5.0,"turns":3.0},{"damage":27.0,"enemies":"Gremlin Nob","floor":6.0,"turns":4.0},{"damage":2.0,"enemies":"Jaw Worm","floor":8.0,"turns":2.0},{"damage":25.0,"enemies":"3 Sentries","floor":11.0,"turns":6.0},{"damage":1.0,"enemies":"Gremlin Nob","floor":13.0,"turns":3.0},{"damage":24.0,"enemies":"Hexaghost","floor":16.0,"turns":9.0},{"damage":3.0,"enemies":"Shell Parasite","floor":18.0,"turns":4.0},{"damage":0.0,"enemies":"Chosen","floor":19.0,"turns":4.0},{"damage":10.0,"enemies":"3 Cultists","floor":22.0,"turns":4.0},{"damage":20.0,"enemies":"Book of Stabbing","floor":24.0,"turns":6.0},{"damage":12.0,"enemies":"Gremlin Leader","floor":27.0,"turns":3.0},{"damage":0.0,"enemies":"Masked Bandits","floor":28.0,"turns":2.0},{"damage":0.0,"enemies":"Slavers","floor":30.0,"turns":1.0},{"damage":6.0,"enemies":"Snecko","floor":31.0,"turns":3.0},{"damage":42.0,"enemies":"Automaton","floor":33.0,"turns":9.0},{"damage":6.0,"enemies":"Orb Walker","floor":35.0,"turns":2.0},{"damage":26.0,"enemies":"3 Darklings","floor":37.0,"turns":5.0},{"damage":20.0,"enemies":"Reptomancer","floor":40.0,"turns":6.0},{"damage":6.0,"enemies":"Nemesis","floor":42.0,"turns":7.0},{"damage":16.0,"enemies":"Giant Head","floor":45.0,"turns":8.0},{"damage":29.0,"enemies":"Mind Bloom Boss Battle","floor":46.0,"turns":6.0},{"damage":28.0,"enemies":"Nemesis","floor":47.0,"turns":5.0},{"damage":36.0,"enemies":"Writhing Mass","floor":48.0,"turns":4.0},{"damage":72,"enemies":"Awakened One","floor":50,"turns":4}],"seed_played":"-4710464377892469541","potions_obtained":[{"floor":8.0,"key":"Swift Potion"},{"floor":11.0,"key":"SpeedPotion"},{"floor":18.0,"key":"PowerPotion"},{"floor":19.0,"key":"Dexterity Potion"},{"floor":22.0,"key":"Poison Potion"},{"floor":24.0,"key":"FearPotion"},{"floor":27.0,"key":"Block Potion"},{"floor":28.0,"key":"EssenceOfSteel"},{"floor":30.0,"key":"Explosive Potion"},{"floor":35.0,"key":"EssenceOfSteel"},{"floor":40.0,"key":"SpeedPotion"},{"floor":42.0,"key":"SkillPotion"},{"floor":45.0,"key":"Energy Potion"},{"floor":46.0,"key":"Energy Potion"},{"floor":47.0,"key":"GamblersBrew"},{"floor":48.0,"key":"SkillPotion"}],"is_trial":false,"path_per_floor":["M","?","$","?","M","E","R","M","T","R","E","?","E","?","R","B",null,"M","M","?","$","M","$","E","R","T","E","?","R","E","M","R","B",null,"M","?","M","$","?","E","R","E","T","R","E","?","E","M","R","B"],"character_chosen":"IRONCLAD","items_purchased":["Armaments","Whetstone","Oddly Smooth Stone","Secret Technique","Sling"],"campfire_rested":0,"item_purchase_floors":[3,21,23,38,38],"current_hp_per_floor":[80,60,60,53,59,38,38,42,42,42,23,7,12,19,19,26,94,94,94,94,94,90,90,76,76,76,70,76,76,82,88,88,62,94,94,84,68,68,68,56,56,62,62,62,60,68,48,20,20,0],"gold":639,"neow_bonus":"ONE_RANDOM_RARE_CARD","is_prod":false,"is_daily":false,"chose_seed":false,"campfire_upgraded":8,"win_rate":0,"timestamp":1555172504,"path_taken":["M","?","$","?","M","E","R","M","T","R","E","?","E","?","R","BOSS","M","M","?","?","M","$","E","R","T","E","?","R","E","M","R","BOSS","M","?","M","$","?","E","R","E","T","R","E","?","E","M","R","BOSS"],"build_version":"2019-01-23","purchased_purges":1,"victory":false,"max_hp_per_floor":[80,80,80,80,80,80,80,80,80,80,80,80,80,94,94,94,94,94,94,94,94,94,94,94,94,94,94,94,94,94,94,94,94,94,94,94,94,94,94,94,94,94,94,94,94,94,94,94,94,94],"card_choices":[{"not_picked":["Anger","Perfected Strike"],"picked":"Headbutt","floor":1.0},{"not_picked":["Sever Soul","Reckless Charge"],"picked":"Inflame","floor":5.0},{"not_picked":["Flame Barrier","Limit Break"],"picked":"Carnage","floor":6.0},{"not_picked":["Thunderclap","Sentinel"],"picked":"Rampage","floor":8.0},{"not_picked":["Armaments","Warcry"],"picked":"Shrug It Off","floor":11.0},{"not_picked":["Second Wind","Heavy Blade","Rampage"],"picked":"SKIP","floor":13.0},{"not_picked":["Impervious","Brutality"],"picked":"Immolate","floor":16.0},{"not_picked":["Heavy Blade+1","Anger+1"],"picked":"True Grit","floor":18.0},{"not_picked":["Thunderclap","Shrug It Off"],"picked":"Clothesline+1","floor":19.0},{"not_picked":["Entrench","Perfected Strike"],"picked":"Double Tap","floor":22.0},{"not_picked":["Pommel Strike","Twin Strike+1"],"picked":"Metallicize","floor":24.0},{"not_picked":["Demon Form","Immolate"],"picked":"Flex+1","floor":27.0},{"not_picked":["Sever Soul","Sword Boomerang"],"picked":"Warcry","floor":28.0},{"not_picked":["Searing Blow+1","Ghostly Armor"],"picked":"Offering","floor":30.0},{"not_picked":["Heavy Blade+1","Combust"],"picked":"Intimidate+1","floor":31.0},{"not_picked":["Feed","Offering"],"picked":"Juggernaut","floor":33.0},{"not_picked":["Flex","Headbutt"],"picked":"Battle Trance+1","floor":35.0},{"not_picked":["Mayhem","Trip"],"picked":"Flash of Steel","floor":36.0},{"not_picked":["Thinking Ahead","Bandage Up"],"picked":"Discovery","floor":36.0},{"not_picked":["Iron Wave","Cleave"],"picked":"Thunderclap","floor":37.0},{"not_picked":["Havoc+1","Infernal Blade"],"picked":"Iron Wave+1","floor":40.0},{"not_picked":["Burning Pact","Sever Soul","Flex+1"],"picked":"SKIP","floor":42.0},{"not_picked":["Burning Pact+1","Shockwave"],"picked":"Dual Wield+1","floor":45.0},{"not_picked":["Thunderclap","Sword Boomerang","Hemokinesis+1"],"picked":"SKIP","floor":47.0},{"not_picked":["Flex","Cleave"],"picked":"Metallicize+1","floor":48.0}],"player_experience":170432,"relics_obtained":[{"floor":6.0,"key":"Pen Nib"},{"floor":9.0,"key":"Pantograph"},{"floor":11.0,"key":"Vajra"},{"floor":13.0,"key":"Kunai"},{"floor":24.0,"key":"Paper Frog"},{"floor":26.0,"key":"Red Skull"},{"floor":27.0,"key":"Thread and Needle"},{"floor":28.0,"key":"Red Mask"},{"floor":30.0,"key":"Bird Faced Urn"},{"floor":40.0,"key":"PreservedInsect"},{"floor":42.0,"key":"Bottled Lightning"},{"floor":45.0,"key":"Orichalcum"},{"floor":46.0,"key":"Peace Pipe"},{"floor":47.0,"key":"Regal Pillow"}],"event_choices":[{"damage_healed":0.0,"max_hp_gain":0.0,"max_hp_loss":0.0,"gold_gain":0.0,"event_name":"Golden Idol","player_choice":"Take Damage","floor":2.0,"gold_loss":0.0,"damage_taken":20.0,"relics_obtained":["Golden Idol"]},{"cards_removed":["Strike_R"],"damage_healed":0.0,"max_hp_gain":0.0,"max_hp_loss":0.0,"gold_gain":0.0,"event_name":"Golden Wing","player_choice":"Card Removal","floor":4.0,"gold_loss":0.0,"damage_taken":7.0},{"damage_healed":0.0,"max_hp_gain":0.0,"max_hp_loss":0.0,"gold_gain":0.0,"event_name":"Shining Light","player_choice":"Entered Light","floor":12.0,"gold_loss":0.0,"damage_taken":16.0,"cards_upgraded":["Defend_R","Defend_R"]},{"damage_healed":0.0,"max_hp_gain":0.0,"max_hp_loss":0.0,"gold_gain":0.0,"event_name":"Scrap Ooze","player_choice":"Success","floor":14.0,"gold_loss":0.0,"damage_taken":7.0,"relics_obtained":["Mango"]},{"damage_healed":0.0,"max_hp_gain":0.0,"max_hp_loss":0.0,"gold_gain":0.0,"event_name":"The Joust","player_choice":"Bet on Murderer","floor":20.0,"gold_loss":50.0,"damage_taken":0.0},{"damage_healed":0.0,"max_hp_gain":0.0,"max_hp_loss":0.0,"gold_gain":0.0,"event_name":"Masked Bandits","player_choice":"Fought Bandits","floor":28.0,"gold_loss":0.0,"damage_taken":0.0},{"damage_healed":0.0,"max_hp_gain":0.0,"max_hp_loss":0.0,"gold_gain":0.0,"event_name":"SensoryStone","player_choice":"Memory 3","floor":36.0,"gold_loss":0.0,"damage_taken":10.0},{"damage_healed":0.0,"max_hp_gain":0.0,"max_hp_loss":0.0,"gold_gain":222.0,"event_name":"Tomb of Lord Red Mask","player_choice":"Wore Mask","floor":39.0,"gold_loss":0.0,"damage_taken":0.0},{"damage_healed":0.0,"max_hp_gain":0.0,"max_hp_loss":0.0,"gold_gain":0.0,"event_name":"MindBloom","player_choice":"Fight","floor":46.0,"gold_loss":0.0,"damage_taken":0.0}],"is_beta":false,"boss_relics":[{"not_picked":["Tiny House","Cursed Key"],"picked":"White Beast Statue"},{"not_picked":["Astrolabe","Snecko Eye"],"picked":"Empty Cage"}],"items_purged_floors":[3],"is_endless":false,"potions_floor_spawned":[8,11,18,19,22,24,27,28,30,31,33,35,37,40,42,45,46,47,48],"killed_by":"Awakened One","ascension_level":2}