{"gold_per_floor":[116,132,132,149,167,201,221,48,48,48,24,49,49,49,49,150,150,168,168,65,65,78,110,125,137,210,210,243,243,275,49,49,145,145,164,264,244,256,269,269,301,301,324,324,324,324,29,5,5,5,5,5,5,5],"floor_reached":54,"playtime":4484,"items_purged":["Shame","Regret"],"score":768,"play_id":"04ac14ee-001f-42cc-ba92-c2393b73879d","local_time":"20190313224613","is_ascension_mode":true,"campfire_choices":[{"floor":13,"key":"REST"},{"floor":15,"key":"RECALL"},{"floor":27,"key":"REST"},{"floor":32,"key":"REST"},{"floor":40,"key":"REST"},{"data":"Apotheosis","floor":42,"key":"SMITH"},{"floor":44,"key":"REST"},{"data":"Sadistic Nature","floor":49,"key":"SMITH"},{"data":"Acrobatics","floor":52,"key":"SMITH"}],"neow_cost":"NONE","seed_source_timestamp":2147191389912400,"circlet_count":0,"master_deck":["Defend_G","Defend_G","Defend_G","Strike_G","Strike_G","Strike_G+1","Strike_G","Strike_G+1","Survivor","Neutralize","Crippling Poison+1","Infinite Blades","Backflip","Sucker Punch","Blade Dance","Phantasmal Killer","Acrobatics+1","Apotheosis+1","Riddle With Holes","Glass Knife","Sucker Punch","Well Laid Plans","Expertise","Poisoned Stab+1","Bane+1","Dagger Throw+1","Dagger Throw+1","Injury","Tactician+1","Adrenaline","Tools of the Trade","Prepared+1","Unload+1","Concentrate+1","Tactician","Sadistic Nature+1","Prepared"],"relics":["Ring of the Serpent","Orichalcum","Regal Pillow","Whetstone","Bottled Tornado","Cursed Key","Molten Egg 2","Kunai","Matryoshka","Blood Vial","Red Mask","Prayer Wheel","Singing Bowl","Paper Crane","Juzu Bracelet"],"potions_floor_usage":[16,28,30,30,50],"damage_taken":[{"damage":1,"enemies":"Cultist","floor":1,"turns":5},{"damage":0,"enemies":"2 Louse","floor":2,"turns":2},{"damage":3,"enemies":"Small Slimes","floor":4,"turns":3},{"damage":1,"enemies":"Blue Slaver","floor":5,"turns":4},{"damage":32,"enemies":"3 Sentries","floor":6,"turns":10},{"damage":7,"enemies":"Red Slaver","floor":7,"turns":5},{"damage":14,"enemies":"Gremlin Nob","floor":12,"turns":5},{"damage":20,"enemies":"Slime Boss","floor":16,"turns":4},{"damage":1,"enemies":"Chosen","floor":18,"turns":3},{"damage":4,"enemies":"3 Byrds","floor":22,"turns":4},{"damage":12,"enemies":"Book of Stabbing","floor":23,"turns":4},{"damage":13,"enemies":"Sentry and Sphere","floor":24,"turns":5},{"damage":9,"enemies":"Centurion and Healer","floor":25,"turns":6},{"damage":28,"enemies":"Slavers","floor":28,"turns":4},{"damage":6,"enemies":"Masked Bandits","floor":30,"turns":3},{"damage":44,"enemies":"Champ","floor":33,"turns":8},{"damage":4,"enemies":"Orb Walker","floor":35,"turns":3},{"damage":10,"enemies":"Mind Bloom Boss Battle","floor":36,"turns":7},{"damage":14,"enemies":"3 Darklings","floor":38,"turns":4},{"damage":16,"enemies":"Transient","floor":39,"turns":5},{"damage":19,"enemies":"Giant Head","floor":41,"turns":6},{"damage":45,"enemies":"Donu and Deca","floor":50,"turns":8},{"damage":82,"enemies":"Shield and Spear","floor":54,"turns":5}],"seed_played":"5297158810253234036","potions_obtained":[{"floor":1,"key":"Ancient Potion"},{"floor":2,"key":"Strength Potion"},{"floor":7,"key":"SkillPotion"},{"floor":23,"key":"Poison Potion"},{"floor":28,"key":"Weak Potion"},{"floor":35,"key":"Explosive Potion"},{"floor":37,"key":"SneckoOil"},{"floor":39,"key":"Swift Potion"},{"floor":41,"key":"Strength Potion"}],"is_trial":false,"path_per_floor":["M","M","?","M","M","E","M","$","T","?","?","E","R","T","R","B",null,"M","?","$","?","M","E","M","M","T","R","E","T","?","$","R","B",null,"M","?","?","M","M","R","E","R","T","R","?","?","$","$","R","B",null,"R","$","E"],"character_chosen":"THE_SILENT","items_purchased":["Apotheosis","Well Laid Plans","Expertise","Adrenaline","Sadistic Nature","Prepared"],"campfire_rested":5,"item_purchase_floors":[8,20,20,31,47,48],"current_hp_per_floor":[69,69,69,66,65,33,26,26,26,26,26,12,48,48,48,28,70,69,69,69,69,65,53,40,31,31,67,39,39,35,35,70,26,70,66,58,58,46,32,68,53,53,53,72,72,72,72,72,72,27,72,72,72,0],"gold":5,"neow_bonus":"THREE_CARDS","is_prod":false,"is_daily":false,"chose_seed":false,"campfire_upgraded":3,"win_rate":0,"timestamp":1552535173,"path_taken":["M","M","?","M","?","E","M","$","T","?","?","E","R","?","R","BOSS","M","?","$","?","M","E","M","?","T","R","E","?","?","?","R","BOSS","M","?","?","M","M","R","E","R","T","R","?","?","?","$","R","BOSS","R","$","E"],"build_version":"2019-01-23","purchased_purges":2,"victory":false,"max_hp_per_floor":[70,70,70,70,70,70,70,70,70,70,70,70,70,70,70,70,70,70,70,70,70,70,70,70,70,70,70,70,70,70,70,70,70,70,70,70,70,70,70,70,72,72,72,72,72,72,72,72,72,72,72,72,72,72],"card_choices":[{"not_picked":["Tactician","Slice"],"picked":"Crippling Poison","floor":0},{"not_picked":["Caltrops","Eviscerate"],"picked":"Infinite Blades","floor":1},{"not_picked":["Slice","Prepared"],"picked":"Backflip","floor":2},{"not_picked":["Deadly Poison","Dodge and Roll"],"picked":"Sucker Punch","floor":4},{"not_picked":["Acrobatics","Bane"],"picked":"Blade Dance","floor":5},{"not_picked":["Predator","Backstab"],"picked":"Phantasmal Killer","floor":6},{"not_picked":["Prepared","Sucker Punch"],"picked":"Acrobatics","floor":7},{"not_picked":["Flechettes","Bane"],"picked":"Riddle With Holes","floor":12},{"not_picked":["Doppelganger","Phantasmal Killer"],"picked":"Glass Knife","floor":16},{"not_picked":["Reflex","Dodge and Roll"],"picked":"Sucker Punch","floor":18},{"not_picked":["Deadly Poison","Sucker Punch","Blur"],"picked":"SKIP","floor":22},{"not_picked":["Sucker Punch","PiercingWail"],"picked":"Poisoned Stab","floor":23},{"not_picked":["Grand Finale+1","Deflect"],"picked":"Bane+1","floor":24},{"not_picked":["Infinite Blades","Setup"],"picked":"Dagger Throw+1","floor":25},{"not_picked":["Deadly Poison","Backflip"],"picked":"Dagger Throw+1","floor":28},{"not_picked":["PiercingWail","Deflect+1"],"picked":"Tactician+1","floor":30},{"not_picked":["Grand Finale+1","Malaise"],"picked":"Tools of the Trade","floor":33},{"not_picked":["Caltrops","Backstab+1"],"picked":"Prepared+1","floor":35},{"not_picked":["PiercingWail+1","Sucker Punch+1"],"picked":"Unload+1","floor":38},{"not_picked":["Flying Knee+1","Slice+1","Deadly Poison"],"picked":"SKIP","floor":38},{"not_picked":["Leg Sweep+1","Prepared"],"picked":"Concentrate+1","floor":39},{"not_picked":["Well Laid Plans+1","Dodge and Roll+1","Flying Knee+1"],"picked":"SKIP","floor":39},{"not_picked":["Eviscerate+1","Slice+1","Tools of the Trade"],"picked":"Singing Bowl","floor":41}],"player_experience":131602,"relics_obtained":[{"floor":6,"key":"Orichalcum"},{"floor":9,"key":"Regal Pillow"},{"floor":12,"key":"Whetstone"},{"floor":14,"key":"Bottled Tornado"},{"floor":23,"key":"Molten Egg 2"},{"floor":26,"key":"Kunai"},{"floor":28,"key":"Matryoshka"},{"floor":29,"key":"Blood Vial"},{"floor":30,"key":"Red Mask"},{"floor":36,"key":"Prayer Wheel"},{"floor":41,"key":"Singing Bowl"},{"floor":43,"key":"Paper Crane"},{"floor":43,"key":"Juzu Bracelet"}],"event_choices":[{"damage_healed":0,"gold_gain":0,"player_choice":"Forge","damage_taken":0,"max_hp_gain":0,"max_hp_loss":0,"event_name":"Accursed Blacksmith","floor":3,"gold_loss":0,"cards_upgraded":["Crippling Poison"]},{"damage_healed":0,"gold_gain":0,"player_choice":"Fled","damage_taken":0,"max_hp_gain":0,"max_hp_loss":0,"event_name":"Scrap Ooze","floor":10,"gold_loss":0},{"damage_healed":0,"gold_gain":0,"player_choice":"Left Gold","damage_taken":0,"max_hp_gain":0,"max_hp_loss":0,"event_name":"World of Goop","floor":11,"gold_loss":24},{"damage_healed":0,"gold_gain":0,"player_choice":"Ignored","damage_taken":0,"max_hp_gain":0,"max_hp_loss":0,"event_name":"Beggar","floor":19,"gold_loss":0},{"cards_removed":["Defend_G"],"damage_healed":0,"gold_gain":0,"player_choice":"Offered Basic","damage_taken":0,"max_hp_gain":0,"max_hp_loss":0,"event_name":"Bonfire Elementals","floor":21,"gold_loss":0},{"damage_healed":0,"gold_gain":0,"player_choice":"Fought Bandits","damage_taken":0,"max_hp_gain":0,"max_hp_loss":0,"event_name":"Masked Bandits","floor":30,"gold_loss":0},{"damage_healed":0,"gold_gain":0,"player_choice":"Fight","damage_taken":0,"max_hp_gain":0,"max_hp_loss":0,"event_name":"MindBloom","floor":36,"gold_loss":0},{"damage_healed":0,"gold_gain":0,"player_choice":"Bought 1 Potion","damage_taken":0,"max_hp_gain":0,"max_hp_loss":0,"event_name":"The Woman in Blue","floor":37,"gold_loss":0},{"damage_healed":0,"gold_gain":0,"player_choice":"Ignored","damage_taken":0,"max_hp_gain":0,"max_hp_loss":0,"event_name":"Mysterious Sphere","floor":45,"gold_loss":0},{"damage_healed":0,"gold_gain":0,"cards_transformed":["Defend_G"],"player_choice":"Transformed","damage_taken":0,"max_hp_gain":0,"max_hp_loss":0,"event_name":"Transmorgrifier","floor":46,"gold_loss":0,"cards_obtained":["Tactician"]}],"is_beta":false,"boss_relics":[{"not_picked":["Lizard Tail","Snecko Eye"],"picked":"Cursed Key"},{"not_picked":["Pandora\u0027s Box","Empty Cage"],"picked":"Ring of the Serpent"}],"items_purged_floors":[31,47],"is_endless":false,"potions_floor_spawned":[1,2,7,23,25,28,35,39,41],"killed_by":"Shield and Spear","ascension_level":1}