{"gold_per_floor":[118,118,132,132,48,48,48,76,76,102,102,36,67,78,78,149,149,169,187,206,217,217],"floor_reached":22,"playtime":1231,"items_purged":[],"score":427,"play_id":"84e16f53-bc27-4cd0-8986-60840b5549ff","local_time":"20190510014820","is_ascension_mode":true,"campfire_choices":[{"data":"Uppercut","floor":6.0,"key":"SMITH"},{"data":"Cleave","floor":11.0,"key":"SMITH"},{"data":"Offering","floor":15.0,"key":"SMITH"}],"neow_cost":"NONE","seed_source_timestamp":459812788047799,"circlet_count":0,"master_deck":["AscendersBane","Strike_R","Strike_R","Strike_R","Strike_R","Defend_R","Defend_R","Defend_R","Defend_R","Bash","Shrug It Off","Uppercut+1","Dropkick","Cleave+1","Shockwave","Offering+1","Dark Embrace","Shrug It Off+1","Anger","Hemokinesis"],"special_seed":0,"relics":["Burning Blood","NeowsBlessing","Bag of Preparation","The Courier","Strawberry","Omamori","Philosopher\u0027s Stone"],"potions_floor_usage":[21,22],"damage_taken":[{"damage":0.0,"enemies":"2 Louse","floor":1.0,"turns":1.0},{"damage":0.0,"enemies":"Cultist","floor":3.0,"turns":1.0},{"damage":0.0,"enemies":"Lagavulin","floor":8.0,"turns":1.0},{"damage":19.0,"enemies":"Gremlin Nob","floor":13.0,"turns":4.0},{"damage":1.0,"enemies":"Jaw Worm","floor":14.0,"turns":3.0},{"damage":62.0,"enemies":"Hexaghost","floor":16.0,"turns":11.0},{"damage":21.0,"enemies":"Spheric Guardian","floor":18.0,"turns":4.0},{"damage":19.0,"enemies":"2 Thieves","floor":19.0,"turns":4.0},{"damage":8.0,"enemies":"Centurion and Healer","floor":20.0,"turns":6.0},{"damage":33,"enemies":"Shelled Parasite and Fungi","floor":21,"turns":7},{"damage":19,"enemies":"Snecko","floor":22,"turns":4}],"seed_played":"608768761966068546","potions_obtained":[{"floor":2.0,"key":"PowerPotion"},{"floor":2.0,"key":"Fruit Juice"},{"floor":8.0,"key":"SpeedPotion"},{"floor":19.0,"key":"SpeedPotion"}],"is_trial":false,"path_per_floor":["M","?","M","?","$","R","$","E","T","T","R","$","E","M","R","B",null,"M","M","M","M","M"],"character_chosen":"IRONCLAD","items_purchased":["Dropkick","Shockwave"],"campfire_rested":0,"item_purchase_floors":[5,12],"current_hp_per_floor":[74,74,75,75,80,80,80,80,80,87,87,87,74,79,79,23,71,56,43,41,14,0],"gold":217,"neow_bonus":"THREE_ENEMY_KILL","is_prod":false,"is_daily":false,"chose_seed":false,"campfire_upgraded":3,"win_rate":0,"timestamp":1557467300,"path_taken":["M","?","?","?","$","R","?","E","T","?","R","$","E","M","R","BOSS","M","M","M","M","M"],"build_version":"2019-01-23","purchased_purges":0,"victory":false,"max_hp_per_floor":[75,75,75,75,80,80,80,80,80,87,87,87,87,87,87,87,87,87,87,87,87,87],"card_choices":[{"not_picked":["Cleave","Sword Boomerang"],"picked":"Shrug It Off","floor":1.0},{"not_picked":["Shockwave","Sever Soul"],"picked":"Uppercut","floor":3.0},{"not_picked":["Sword Boomerang","Wild Strike"],"picked":"Cleave","floor":8.0},{"not_picked":["Clash","Heavy Blade","Fire Breathing"],"picked":"SKIP","floor":13.0},{"not_picked":["Dropkick","Heavy Blade"],"picked":"Offering","floor":14.0},{"not_picked":["Fiend Fire","Juggernaut"],"picked":"Dark Embrace","floor":16.0},{"not_picked":["Twin Strike+1","Havoc"],"picked":"Shrug It Off+1","floor":18.0},{"not_picked":["Heavy Blade","Perfected Strike","Sever Soul"],"picked":"SKIP","floor":19.0},{"not_picked":["Sword Boomerang","Battle Trance"],"picked":"Anger","floor":20.0},{"not_picked":["Searing Blow","Exhume"],"picked":"Hemokinesis","floor":21}],"player_experience":491734,"relics_obtained":[{"floor":8.0,"key":"Bag of Preparation"},{"floor":9.0,"key":"The Courier"},{"floor":10.0,"key":"Strawberry"},{"floor":13.0,"key":"Omamori"}],"event_choices":[{"damage_healed":0.0,"max_hp_gain":0.0,"max_hp_loss":0.0,"gold_gain":0.0,"event_name":"Lab","player_choice":"Got Potions","floor":2.0,"gold_loss":0.0,"damage_taken":0.0},{"cards_removed":["Strike_R"],"damage_healed":0.0,"max_hp_gain":0.0,"max_hp_loss":0.0,"gold_gain":0.0,"event_name":"Purifier","player_choice":"Purged","floor":4.0,"gold_loss":0.0,"damage_taken":0.0}],"is_beta":false,"boss_relics":[{"not_picked":["White Beast Statue","Pandora\u0027s Box"],"picked":"Philosopher\u0027s Stone"}],"items_purged_floors":[],"is_endless":false,"potions_floor_spawned":[8,13,19],"killed_by":"Snecko","ascension_level":19}