{"gold_per_floor":[110,110,130,205,44,71,71,102,128,128,144,166,183,202,202,275,275,288,299,299,315,315,315,340,340,363,379,19,34,34,51,51,124,124,138,138,150,150,160,160,172,191,191,32,32,57,57,57,57,57],"floor_reached":50,"playtime":2870,"items_purged":["Strike_B","Strike_B"],"score":1054,"play_id":"65b3234f-53d0-49ec-9bf2-f5703da80354","local_time":"20190523162511","is_ascension_mode":true,"campfire_choices":[{"data":"Hyperbeam","floor":7.0,"key":"SMITH"},{"data":"Chill","floor":10.0,"key":"SMITH"},{"data":"Sunder","floor":15.0,"key":"SMITH"},{"floor":23.0,"key":"REST"},{"data":"Beam Cell","floor":25.0,"key":"SMITH"},{"data":"Coolheaded","floor":30,"key":"SMITH"},{"floor":32,"key":"REST"},{"data":"Fission","floor":40,"key":"SMITH"},{"floor":45,"key":"REST"},{"floor":47,"key":"REST"},{"floor":49,"key":"REST"}],"neow_cost":"NONE","seed_source_timestamp":252710008213195,"circlet_count":0,"master_deck":["AscendersBane","Strike_B","Strike_B","Defend_B","Defend_B","Defend_B","Defend_B","Zap","Dualcast","Reinforced Body","Hyperbeam+1","Self Repair","Chill+1","Sunder+1","Undo","Doom and Gloom","Core Surge","Cold Snap","Beam Cell+1","Rebound","Coolheaded+1","Redo","Doom and Gloom","Glacier","Fission+1","Barrage","Buffer","Parasite","Coolheaded","Hologram","Seek","Madness","Madness","Static Discharge+1"],"special_seed":0,"relics":["Cracked Core","NeowsBlessing","PreservedInsect","Ancient Tea Set","Dream Catcher","Odd Mushroom","Sozu","Happy Flower","Regal Pillow","Meat on the Bone","Inserter","Sundial","Frozen Egg 2"],"potions_floor_usage":[33],"damage_taken":[{"damage":0.0,"enemies":"Small Slimes","floor":1.0,"turns":1.0},{"damage":0.0,"enemies":"2 Louse","floor":3.0,"turns":1.0},{"damage":0.0,"enemies":"Lagavulin","floor":6.0,"turns":1.0},{"damage":36.0,"enemies":"Gremlin Nob","floor":8.0,"turns":4.0},{"damage":5.0,"enemies":"Jaw Worm","floor":11.0,"turns":3.0},{"damage":6.0,"enemies":"The Mushroom Lair","floor":12.0,"turns":3.0},{"damage":3.0,"enemies":"2 Fungi Beasts","floor":13.0,"turns":3.0},{"damage":0.0,"enemies":"Exordium Thugs","floor":14.0,"turns":5.0},{"damage":36.0,"enemies":"The Guardian","floor":16.0,"turns":12.0},{"damage":2.0,"enemies":"2 Thieves","floor":18.0,"turns":3.0},{"damage":3.0,"enemies":"Chosen","floor":19.0,"turns":5.0},{"damage":23.0,"enemies":"Snecko","floor":21.0,"turns":5.0},{"damage":2.0,"enemies":"Slavers","floor":24.0,"turns":2.0},{"damage":28.0,"enemies":"Shelled Parasite and Fungi","floor":27.0,"turns":4.0},{"damage":12,"enemies":"Snake Plant","floor":29,"turns":3},{"damage":29,"enemies":"Snecko","floor":31,"turns":5},{"damage":70,"enemies":"Champ","floor":33,"turns":12},{"damage":12,"enemies":"Orb Walker","floor":35,"turns":3},{"damage":0,"enemies":"3 Shapes","floor":37,"turns":12},{"damage":35,"enemies":"Sphere and 2 Shapes","floor":39,"turns":13},{"damage":19,"enemies":"Jaw Worm Horde","floor":41,"turns":4},{"damage":35,"enemies":"Writhing Mass","floor":42,"turns":8},{"damage":64,"enemies":"Reptomancer","floor":46,"turns":6},{"damage":106,"enemies":"Time Eater","floor":50,"turns":9}],"seed_played":"2029817155520249939","potions_obtained":[{"floor":1.0,"key":"PowerPotion"},{"floor":6.0,"key":"Fruit Juice"},{"floor":8.0,"key":"FocusPotion"},{"floor":13.0,"key":"AttackPotion"}],"is_trial":false,"path_per_floor":["M","?","M","?","$","E","R","E","T","R","M","?","M","M","R","B",null,"M","M","?","M","?","R","E","R","T","M","$","M","R","M","R","B",null,"M","$","M","$","M","R","M","M","T","$","R","E","R","?","R","B"],"character_chosen":"DEFECT","items_purchased":["Hyperbeam","Self Repair","Meat on the Bone","Coolheaded"],"campfire_rested":5,"item_purchase_floors":[5,5,28,44],"current_hp_per_floor":[64,69,69,58,58,63,63,27,27,27,29,30,34,41,41,12,64,69,73,65,49,37,61,66,66,66,45,45,52,52,42,81,23,67,62,62,69,69,53,53,53,37,37,37,76,31,70,55,81,0],"gold":57,"neow_bonus":"THREE_ENEMY_KILL","is_prod":false,"is_daily":false,"chose_seed":false,"campfire_upgraded":6,"win_rate":0,"timestamp":1558643111,"path_taken":["M","?","M","?","?","E","R","E","T","R","M","?","M","M","R","BOSS","M","M","?","?","?","R","E","R","T","M","?","M","R","M","R","BOSS","M","$","?","$","?","R","M","M","T","$","R","E","R","?","R","BOSS"],"build_version":"2019-01-23","purchased_purges":2,"victory":false,"max_hp_per_floor":[71,76,76,76,76,81,81,81,81,81,81,81,81,81,81,81,81,81,81,81,81,81,81,81,81,81,81,81,81,81,81,81,81,81,81,81,81,81,81,81,81,81,81,81,81,81,81,81,81,81],"card_choices":[{"not_picked":["Hello World","Consume"],"picked":"Reinforced Body","floor":1.0},{"not_picked":["Blizzard","Steam","Rebound"],"picked":"SKIP","floor":3.0},{"not_picked":["Recycle","Compile Driver","Redo"],"picked":"SKIP","floor":6.0},{"not_picked":["Compile Driver","Steam Power"],"picked":"Chill","floor":8.0},{"not_picked":["Leap","Rip and Tear"],"picked":"Sunder","floor":11.0},{"not_picked":["Stack","Double Energy"],"picked":"Undo","floor":12.0},{"not_picked":["Steam Power","Barrage","Ball Lightning"],"picked":"SKIP","floor":13.0},{"not_picked":["White Noise","Hologram"],"picked":"Doom and Gloom","floor":14.0},{"not_picked":["Meteor Strike","Biased Cognition"],"picked":"Core Surge","floor":16.0},{"not_picked":["Gash","Steam"],"picked":"Cold Snap","floor":18.0},{"not_picked":["Conserve Battery","Reinforced Body","Cold Snap"],"picked":"SKIP","floor":19.0},{"not_picked":["Barrage","Cold Snap"],"picked":"Beam Cell","floor":21.0},{"not_picked":["Biased Cognition","Compile Driver"],"picked":"Rebound","floor":24.0},{"not_picked":["Aggregate","Sweeping Beam"],"picked":"Coolheaded","floor":27.0},{"not_picked":["Cold Snap","Force Field+1"],"picked":"Redo","floor":29},{"not_picked":["Glacier","Scrape"],"picked":"Doom and Gloom","floor":31},{"not_picked":["Electrodynamics","Compile Driver"],"picked":"Glacier","floor":32},{"not_picked":["Biased Cognition","Buffer"],"picked":"Fission","floor":33},{"not_picked":["Ball Lightning","Leap"],"picked":"Barrage","floor":35},{"not_picked":["Leap","Cold Snap","Sweeping Beam"],"picked":"SKIP","floor":37},{"not_picked":["Leap","Heatsinks+1","Streamline"],"picked":"SKIP","floor":39},{"not_picked":["Conserve Battery","Doom and Gloom+1"],"picked":"Buffer","floor":41},{"not_picked":["Beam Cell+1","Stack","Melter"],"picked":"SKIP","floor":42},{"not_picked":["Steam","Streamline+1"],"picked":"Hologram","floor":45},{"not_picked":["Sweeping Beam","Reprogram"],"picked":"Seek","floor":46},{"not_picked":["Storm+1","Leap"],"picked":"Static Discharge+1","floor":49}],"player_experience":767063,"relics_obtained":[{"floor":6.0,"key":"PreservedInsect"},{"floor":8.0,"key":"Ancient Tea Set"},{"floor":9.0,"key":"Dream Catcher"},{"floor":12.0,"key":"Odd Mushroom"},{"floor":24.0,"key":"Happy Flower"},{"floor":26.0,"key":"Regal Pillow"},{"floor":43,"key":"Sundial"},{"floor":46,"key":"Frozen Egg 2"}],"event_choices":[{"damage_healed":0.0,"max_hp_gain":5.0,"max_hp_loss":0.0,"gold_gain":0.0,"event_name":"Big Fish","player_choice":"Donut","floor":2.0,"gold_loss":0.0,"damage_taken":0.0},{"damage_healed":0.0,"max_hp_gain":0.0,"max_hp_loss":0.0,"gold_gain":75.0,"event_name":"World of Goop","player_choice":"Gather Gold","floor":4.0,"gold_loss":0.0,"damage_taken":11.0},{"damage_healed":0.0,"max_hp_gain":0.0,"max_hp_loss":0.0,"gold_gain":0.0,"event_name":"Mushrooms","player_choice":"Fought Mushrooms","floor":12.0,"gold_loss":0.0,"damage_taken":0.0},{"damage_healed":0.0,"max_hp_gain":0.0,"max_hp_loss":0.0,"gold_gain":0.0,"event_name":"Knowing Skull","player_choice":"","floor":20.0,"potions_obtained":[],"gold_loss":0.0,"damage_taken":8.0,"cards_obtained":[]},{"damage_healed":0.0,"max_hp_gain":0.0,"max_hp_loss":0.0,"gold_gain":0.0,"event_name":"Wheel of Change","player_choice":"Damaged","floor":22.0,"gold_loss":0.0,"damage_taken":12.0},{"damage_healed":0,"gold_gain":0,"player_choice":"Embrace Madness","damage_taken":15,"max_hp_gain":0,"max_hp_loss":0,"event_name":"Winding Halls","floor":48,"gold_loss":0,"cards_obtained":["Madness","Madness"]}],"is_beta":false,"boss_relics":[{"not_picked":["White Beast Statue","Black Star"],"picked":"Sozu"},{"not_picked":["Velvet Choker","Cursed Key"],"picked":"Inserter"}],"items_purged_floors":[28,44],"is_endless":false,"potions_floor_spawned":[1,6,8,13,18,24,27,35,42],"killed_by":"Time Eater","ascension_level":20}