{"gold_per_floor":[115,115,115,132,150,0,35,35,35,67,67,122,122,135,135,231,231,250,300,314,47,71,71,90,134,134,134,152,166,191,34,34,34],"floor_reached":33,"playtime":2794,"items_purged":["Strike_R","Strike_R"],"score":574,"play_id":"bc2ccb8f-8d2b-4e7f-9cc3-7c9f260a62ec","local_time":"20190510163738","is_ascension_mode":true,"campfire_choices":[{"data":"Uppercut","floor":8.0,"key":"SMITH"},{"data":"Pommel Strike","floor":11.0,"key":"SMITH"},{"data":"Shrug It Off","floor":15,"key":"SMITH"},{"floor":23,"key":"REST"},{"floor":27,"key":"REST"},{"floor":32,"key":"REST"}],"neow_cost":"CURSE","seed_source_timestamp":511652384011784,"circlet_count":0,"master_deck":["AscendersBane","Strike_R","Strike_R","Strike_R","Defend_R","Defend_R","Defend_R","Defend_R+1","Bash+1","Shrug It Off+1","Uppercut+1","Pommel Strike+1","Metallicize","Armaments","Anger","Exhume","Injury","Rage","Immolate","Thunderclap+1","Headbutt","Iron Wave+1","Dropkick","Inflame","Clothesline+1","Disarm"],"special_seed":0,"relics":["Burning Blood","Unceasing Top","Pear","Art of War","Red Skull","Tiny Chest","Golden Idol","Lizard Tail","Bottled Flame","Sundial","Bag of Preparation"],"potions_floor_usage":[14,20,25,30,33],"damage_taken":[{"damage":16.0,"enemies":"Jaw Worm","floor":1.0,"turns":5.0},{"damage":2.0,"enemies":"2 Louse","floor":4.0,"turns":3.0},{"damage":1.0,"enemies":"Cultist","floor":5.0,"turns":3.0},{"damage":6.0,"enemies":"Gremlin Nob","floor":7.0,"turns":3.0},{"damage":5.0,"enemies":"3 Sentries","floor":10.0,"turns":4.0},{"damage":19,"enemies":"Lagavulin","floor":12,"turns":6},{"damage":1,"enemies":"Looter","floor":14,"turns":3},{"damage":7,"enemies":"Hexaghost","floor":16,"turns":11},{"damage":27,"enemies":"Chosen","floor":18,"turns":8},{"damage":45,"enemies":"3 Byrds","floor":20,"turns":5},{"damage":54,"enemies":"Shelled Parasite and Fungi","floor":22,"turns":7},{"damage":17,"enemies":"Centurion and Healer","floor":24,"turns":11},{"damage":18,"enemies":"Gremlin Leader","floor":25,"turns":7},{"damage":26,"enemies":"Snake Plant","floor":28,"turns":4},{"damage":5,"enemies":"Snecko","floor":29,"turns":4},{"damage":13,"enemies":"Centurion and Healer","floor":30,"turns":6},{"damage":71,"enemies":"Champ","floor":33,"turns":16}],"seed_played":"-1966380514561339488","potions_obtained":[{"floor":1.0,"key":"AttackPotion"},{"floor":4.0,"key":"Swift Potion"},{"floor":7.0,"key":"AttackPotion"},{"floor":18,"key":"Swift Potion"},{"floor":24,"key":"Regen Potion"},{"floor":29,"key":"Regen Potion"}],"is_trial":false,"path_per_floor":["M","?","?","M","M","$","E","R","T","E","R","E","?","M","R","B",null,"M","?","M","$","M","R","M","E","T","R","M","M","M","$","R","B"],"character_chosen":"IRONCLAD","items_purchased":["Metallicize","Bottled Flame","Dexterity Potion"],"campfire_rested":3,"item_purchase_floors":[6,21,31],"current_hp_per_floor":[58,35,35,39,44,44,54,54,54,55,55,42,42,47,47,46,73,52,52,13,13,9,33,22,25,25,49,29,30,38,38,62,0],"gold":34,"neow_bonus":"ONE_RARE_RELIC","is_prod":false,"is_daily":false,"chose_seed":false,"campfire_upgraded":3,"win_rate":0,"timestamp":1557520658,"path_taken":["M","?","?","M","M","$","E","R","T","E","R","E","?","M","R","BOSS","M","?","M","$","M","R","M","E","T","R","M","?","M","$","R","BOSS"],"build_version":"2019-01-23","purchased_purges":2,"victory":false,"max_hp_per_floor":[75,75,72,72,72,72,82,82,82,82,82,82,82,82,82,82,82,82,82,82,82,82,82,82,82,82,82,82,82,82,82,82,82],"card_choices":[{"not_picked":["Searing Blow","Dual Wield"],"picked":"Shrug It Off","floor":1.0},{"not_picked":["Flex","Rupture"],"picked":"Uppercut","floor":4.0},{"not_picked":["Clash","Entrench"],"picked":"Pommel Strike","floor":5.0},{"not_picked":["Metallicize","Wild Strike"],"picked":"Armaments","floor":7.0},{"not_picked":["Pommel Strike","Flex"],"picked":"Anger","floor":10.0},{"not_picked":["Fire Breathing","Heavy Blade"],"picked":"Exhume","floor":12},{"not_picked":["Power Through","Evolve"],"picked":"Rage","floor":14},{"not_picked":["Berserk","Offering"],"picked":"Immolate","floor":16},{"not_picked":["Feel No Pain","Heavy Blade","Armaments"],"picked":"SKIP","floor":18},{"not_picked":["True Grit","Havoc"],"picked":"Thunderclap+1","floor":20},{"not_picked":["Inflame","Reckless Charge"],"picked":"Headbutt","floor":22},{"not_picked":["Searing Blow","Heavy Blade"],"picked":"Iron Wave+1","floor":24},{"not_picked":["Pommel Strike","Headbutt"],"picked":"Dropkick","floor":25},{"not_picked":["Berserk","Wild Strike"],"picked":"Inflame","floor":28},{"not_picked":["Heavy Blade+1","Wild Strike"],"picked":"Clothesline+1","floor":29},{"not_picked":["Armaments","Carnage"],"picked":"Disarm","floor":30}],"player_experience":503774,"relics_obtained":[{"floor":7.0,"key":"Pear"},{"floor":9.0,"key":"Art of War"},{"floor":10.0,"key":"Red Skull"},{"floor":12,"key":"Tiny Chest"},{"floor":25,"key":"Sundial"},{"floor":26,"key":"Bag of Preparation"}],"event_choices":[{"damage_healed":0.0,"max_hp_gain":0.0,"max_hp_loss":0.0,"gold_gain":0.0,"event_name":"Shining Light","player_choice":"Entered Light","floor":2.0,"gold_loss":0.0,"damage_taken":23.0,"cards_upgraded":["Bash","Defend_R"]},{"cards_removed":["Parasite"],"damage_healed":0.0,"max_hp_gain":0.0,"max_hp_loss":0.0,"gold_gain":0.0,"event_name":"Living Wall","player_choice":"Forget","floor":3.0,"gold_loss":0.0,"damage_taken":0.0},{"damage_healed":0,"gold_gain":0,"player_choice":"Take Wound","damage_taken":0,"relics_obtained":["Golden Idol"],"max_hp_gain":0,"max_hp_loss":0,"event_name":"Golden Idol","floor":13,"gold_loss":0,"cards_obtained":["Injury"]},{"damage_healed":0,"gold_gain":100,"player_choice":"Bet on Murderer","damage_taken":0,"max_hp_gain":0,"max_hp_loss":0,"event_name":"The Joust","floor":19,"gold_loss":50}],"is_beta":false,"boss_relics":[{"not_picked":["Coffee Dripper","Calling Bell"],"picked":"Lizard Tail"}],"items_purged_floors":[6,31],"is_endless":false,"potions_floor_spawned":[1,4,7,18,24,29],"killed_by":"Champ","ascension_level":20}