{"gold_per_floor":[117,129,54,54,71,71,103,103,129,157,157,175,149,184,184,286,286,298,398,398,368],"floor_reached":21,"playtime":1354,"items_purged":["Strike_B"],"score":297,"play_id":"eb9d1a67-15f2-4fc7-b02c-866d0d20fe0f","local_time":"20190511171114","is_ascension_mode":true,"campfire_choices":[{"data":"Cold Snap","floor":6,"key":"SMITH"},{"data":"Chill","floor":8,"key":"SMITH"},{"data":"Sweeping Beam","floor":15,"key":"SMITH"}],"neow_cost":"NONE","seed_source_timestamp":601556388641584,"circlet_count":0,"master_deck":["Strike_B+1","Defend_B","Defend_B+1","Defend_B","Defend_B","Zap+1","Dualcast","Coolheaded","Cold Snap+1","Chill+1","FTL","Auto Shields","Sweeping Beam+1","Ball Lightning","Core Surge","Stack","Reinforced Body+1","Recycle","Reboot"],"relics":["Cracked Core","Vajra","Orichalcum","Calipers","Mummified Hand","Philosopher\u0027s Stone","Shovel","Cables"],"potions_floor_usage":[10,14,19,19,21],"damage_taken":[{"damage":0,"enemies":"Small Slimes","floor":1,"turns":3},{"damage":4,"enemies":"Jaw Worm","floor":2,"turns":4},{"damage":2,"enemies":"2 Louse","floor":5,"turns":3},{"damage":7,"enemies":"3 Sentries","floor":7,"turns":9},{"damage":8,"enemies":"Lagavulin","floor":10,"turns":6},{"damage":0,"enemies":"Looter","floor":12,"turns":3},{"damage":0,"enemies":"Gremlin Nob","floor":14,"turns":4},{"damage":15,"enemies":"Slime Boss","floor":16,"turns":9},{"damage":0,"enemies":"Shell Parasite","floor":18,"turns":5},{"damage":12,"enemies":"Colosseum Slavers","floor":19,"turns":3},{"damage":47,"enemies":"Colosseum Nobs","floor":19,"turns":6},{"damage":5,"enemies":"2 Thieves","floor":21,"turns":1}],"seed_played":"-8799358757924250100","potions_obtained":[{"floor":2,"key":"Poison Potion"},{"floor":10,"key":"AttackPotion"},{"floor":14,"key":"SpeedPotion"},{"floor":18,"key":"Explosive Potion"},{"floor":19,"key":"Fire Potion"}],"is_trial":false,"path_per_floor":["M","M","$","?","M","R","E","R","T","E","?","M","?","E","R","B",null,"M","?","?","M"],"character_chosen":"DEFECT","items_purchased":[],"campfire_rested":0,"item_purchase_floors":[],"current_hp_per_floor":[68,64,64,49,47,47,40,40,40,32,32,32,32,32,32,17,61,61,2,2,0],"gold":368,"neow_bonus":"UPGRADE_CARD","is_prod":false,"is_daily":false,"chose_seed":false,"campfire_upgraded":3,"win_rate":0,"timestamp":1557609074,"path_taken":["M","M","$","?","M","R","E","R","T","E","?","?","?","E","R","BOSS","M","?","?","M"],"build_version":"2019-01-23","purchased_purges":1,"victory":false,"max_hp_per_floor":[75,75,75,75,75,75,75,75,75,75,75,75,75,75,75,75,75,75,75,75,75],"card_choices":[{"not_picked":["Recycle","Barrage"],"picked":"Coolheaded","floor":1},{"not_picked":["Rebound","Steam"],"picked":"Cold Snap","floor":2},{"not_picked":["Streamline","Skim"],"picked":"Chill","floor":5},{"not_picked":["Multi-Cast","Lockon"],"picked":"FTL","floor":7},{"not_picked":["Leap","Chaos"],"picked":"Auto Shields","floor":10},{"not_picked":["Rip and Tear","Turbo"],"picked":"Sweeping Beam","floor":12},{"not_picked":["Darkness","Cold Snap"],"picked":"Ball Lightning","floor":14},{"not_picked":["Multi-Cast","Hyperbeam"],"picked":"Core Surge","floor":16},{"not_picked":["Steam Power","Barrage"],"picked":"Stack","floor":18},{"not_picked":["Coolheaded","Steam+1"],"picked":"Reinforced Body+1","floor":19}],"player_experience":535185,"relics_obtained":[{"floor":7,"key":"Vajra"},{"floor":9,"key":"Orichalcum"},{"floor":10,"key":"Calipers"},{"floor":14,"key":"Mummified Hand"},{"floor":19,"key":"Shovel"},{"floor":19,"key":"Cables"}],"event_choices":[{"damage_healed":0,"gold_gain":0,"player_choice":"Entered Light","damage_taken":15,"max_hp_gain":0,"max_hp_loss":0,"event_name":"Shining Light","floor":4,"gold_loss":0,"cards_upgraded":["Strike_B","Defend_B"]},{"damage_healed":0,"gold_gain":0,"player_choice":"Ignored","damage_taken":0,"max_hp_gain":0,"max_hp_loss":0,"event_name":"Liars Game","floor":11,"gold_loss":0},{"damage_healed":0,"gold_gain":0,"player_choice":"Left Gold","damage_taken":0,"max_hp_gain":0,"max_hp_loss":0,"event_name":"World of Goop","floor":13,"gold_loss":26},{"damage_healed":0,"gold_gain":0,"player_choice":"Fight","damage_taken":0,"max_hp_gain":0,"max_hp_loss":0,"event_name":"Colosseum","floor":19,"gold_loss":0},{"damage_healed":0,"gold_gain":0,"player_choice":"Fought Nobs","damage_taken":0,"max_hp_gain":0,"max_hp_loss":0,"event_name":"Colosseum","floor":19,"gold_loss":0},{"damage_healed":0,"gold_gain":0,"cards_transformed":["Strike_B","Strike_B"],"player_choice":"Became Test Subject","damage_taken":0,"max_hp_gain":0,"max_hp_loss":0,"event_name":"Drug Dealer","floor":20,"gold_loss":0,"cards_obtained":["Recycle","Reboot"]}],"is_beta":false,"boss_relics":[{"not_picked":["White Beast Statue","Coffee Dripper"],"picked":"Philosopher\u0027s Stone"}],"items_purged_floors":[3],"is_endless":false,"potions_floor_spawned":[2,10,14,18,19],"killed_by":"2 Thieves","ascension_level":7}