{"gold_per_floor":[159,159,177,196,14,14,42,54,66,105,117,129,141,177,189,292,304,339,351,382,413,425,437,239,239,239,239],"floor_reached":27,"playtime":1745,"items_purged":[],"score":438,"play_id":"0bd1648e-c7c0-43f4-a74d-131a7f775a61","local_time":"20190515175412","is_ascension_mode":true,"campfire_choices":[{"floor":6.0,"key":"REST"},{"floor":8.0,"key":"REST"},{"data":"Buffer","floor":12.0,"key":"SMITH"},{"data":"Zap","floor":15.0,"key":"SMITH"},{"data":"Fission","floor":23,"key":"SMITH"},{"data":"Coolheaded","floor":25,"key":"SMITH"}],"neow_cost":"NONE","seed_source_timestamp":97262136210160,"circlet_count":0,"master_deck":["AscendersBane","Strike_B+1","Strike_B+1","Strike_B+1","Strike_B+1","Defend_B+1","Defend_B+1","Defend_B+1","Defend_B+1","Zap+1","Dualcast","Sweeping Beam+1","Compile Driver","Coolheaded+1","Chill","Core Surge","Stack","Buffer+1","Sweeping Beam","Hologram","Fission+1","Glacier"],"special_seed":0,"relics":["Tiny House","MawBank","Bottled Lightning","FossilizedHelix","Golden Idol","Nuclear Battery","HandDrill","Cables"],"potions_floor_usage":[18],"damage_taken":[{"damage":7.0,"enemies":"Jaw Worm","floor":1.0,"turns":3.0},{"damage":0.0,"enemies":"Small Slimes","floor":3.0,"turns":3.0},{"damage":11.0,"enemies":"2 Louse","floor":4.0,"turns":2.0},{"damage":30.0,"enemies":"Gremlin Nob","floor":7.0,"turns":5.0},{"damage":22.0,"enemies":"3 Sentries","floor":10.0,"turns":10.0},{"damage":0.0,"enemies":"Red Slaver","floor":14.0,"turns":5.0},{"damage":13.0,"enemies":"The Guardian","floor":16.0,"turns":19.0},{"damage":0,"enemies":"2 Thieves","floor":18,"turns":3},{"damage":0,"enemies":"Chosen","floor":20,"turns":6},{"damage":6,"enemies":"Centurion and Healer","floor":21,"turns":11},{"damage":54,"enemies":"Book of Stabbing","floor":27,"turns":7}],"seed_played":"3391693748519638421","potions_obtained":[{"floor":0.0,"key":"Dexterity Potion"},{"floor":14.0,"key":"FearPotion"},{"floor":16.0,"key":"AttackPotion"}],"is_trial":false,"path_per_floor":["M","?","M","M","$","R","E","R","T","E","?","R","?","M","R","B",null,"M","?","M","M","?","R","$","R","T","E"],"character_chosen":"DEFECT","items_purchased":["Core Surge","Stack","HandDrill"],"campfire_rested":2,"item_purchase_floors":[5,5,24],"current_hp_per_floor":[62,39,39,28,28,50,20,42,42,20,45,45,45,45,45,32,60,60,60,60,54,54,54,54,54,54,0],"gold":239,"neow_bonus":"BOSS_RELIC","is_prod":false,"is_daily":false,"chose_seed":false,"campfire_upgraded":4,"win_rate":0,"timestamp":1557957252,"path_taken":["M","?","M","M","$","R","E","R","T","E","?","R","?","M","R","BOSS","M","?","M","M","?","R","$","R","T","E"],"build_version":"2019-01-23","purchased_purges":0,"victory":false,"max_hp_per_floor":[76,76,76,76,76,76,76,76,76,76,76,76,69,69,69,69,69,69,69,69,69,69,69,69,69,69,69],"card_choices":[{"not_picked":["Conserve Battery","Streamline"],"picked":"Sweeping Beam","floor":0.0},{"not_picked":["Conserve Battery","Rebound"],"picked":"Compile Driver","floor":1.0},{"not_picked":["Blizzard","Conserve Battery"],"picked":"Coolheaded","floor":3.0},{"not_picked":["Leap","Barrage"],"picked":"Chill","floor":4.0},{"not_picked":["Rebound","Leap"],"picked":"Buffer","floor":7.0},{"not_picked":["Fusion","Redo"],"picked":"Sweeping Beam","floor":10.0},{"not_picked":["Redo","Sweeping Beam"],"picked":"Hologram","floor":14.0},{"not_picked":["Rainbow","Core Surge"],"picked":"Fission","floor":16.0},{"not_picked":["Hello World","Gash","Hologram"],"picked":"SKIP","floor":18},{"not_picked":["Streamline","Turbo","Go for the Eyes"],"picked":"SKIP","floor":20},{"not_picked":["Leap","Sweeping Beam"],"picked":"Glacier","floor":21}],"player_experience":657206,"relics_obtained":[{"floor":7.0,"key":"MawBank"},{"floor":9.0,"key":"Bottled Lightning"},{"floor":10.0,"key":"FossilizedHelix"},{"floor":26,"key":"Cables"}],"event_choices":[{"damage_healed":0.0,"max_hp_gain":0.0,"max_hp_loss":0.0,"gold_gain":0.0,"event_name":"Shining Light","player_choice":"Entered Light","floor":2.0,"gold_loss":0.0,"damage_taken":23.0,"cards_upgraded":["Sweeping Beam","Strike_B"]},{"damage_healed":25.0,"max_hp_gain":0.0,"max_hp_loss":0.0,"gold_gain":0.0,"event_name":"Big Fish","player_choice":"Banana","floor":11.0,"gold_loss":0.0,"damage_taken":0.0},{"damage_healed":0.0,"max_hp_gain":0.0,"max_hp_loss":7.0,"gold_gain":0.0,"event_name":"Golden Idol","player_choice":"Lose Max HP","floor":13.0,"gold_loss":0.0,"damage_taken":0.0,"relics_obtained":["Golden Idol"]},{"damage_healed":0,"gold_gain":0,"player_choice":"Ignored","damage_taken":0,"max_hp_gain":0,"max_hp_loss":0,"event_name":"The Mausoleum","floor":19,"gold_loss":0},{"damage_healed":0,"gold_gain":0,"player_choice":"Simplicity","damage_taken":0,"max_hp_gain":0,"max_hp_loss":0,"event_name":"Back to Basics","floor":22,"gold_loss":0,"cards_upgraded":["Strike_B","Strike_B","Strike_B","Defend_B","Defend_B","Defend_B"]}],"is_beta":false,"boss_relics":[{"not_picked":["Eternal Feather","Philosopher\u0027s Stone"],"picked":"Nuclear Battery"}],"items_purged_floors":[],"is_endless":false,"potions_floor_spawned":[14,16],"killed_by":"Book of Stabbing","ascension_level":20}