{"gold_per_floor":[110,127,15,15,15,48,48,223,223,258,258,19,39,57,57,157,157,171,185,202,222,240,240,272,272,317,342,342,375,375,391,391,391],"floor_reached":33,"playtime":2730,"items_purged":["Defend_G","Doubt"],"score":457,"play_id":"c244a4a0-1abb-4ed0-9501-64a9afa29cf0","local_time":"20190502135400","is_ascension_mode":true,"campfire_choices":[{"floor":7,"key":"REST"},{"data":"PiercingWail","floor":15,"key":"SMITH"},{"floor":23,"key":"REST"},{"data":"Envenom","floor":25,"key":"SMITH"},{"floor":28,"key":"REST"},{"floor":30,"key":"REST"},{"data":"Caltrops","floor":32,"key":"SMITH"}],"neow_cost":"NONE","seed_source_timestamp":5012179295938848,"circlet_count":0,"master_deck":["Defend_G","Defend_G","Defend_G","Defend_G","Strike_G+1","Strike_G","Strike_G","Strike_G","Survivor","Neutralize+1","Noxious Fumes","Backflip","Footwork+1","PiercingWail+1","Deadly Poison","Envenom+1","Backstab+1","Blur","Adrenaline","Infinite Blades+1","Bane","Backflip","Caltrops+1","Doppelganger","Escape Plan+1","Noxious Fumes","Deadly Poison+1"],"relics":["Ring of the Snake","Ninja Scroll","Mummified Hand","Snake Skull","Bag of Preparation","Philosopher\u0027s Stone","Matryoshka","Darkstone Periapt","Whetstone","PreservedInsect","Ginger"],"potions_floor_usage":[6,16,24,24,27,33,33,33],"damage_taken":[{"damage":0,"enemies":"Cultist","floor":1,"turns":4},{"damage":1,"enemies":"Small Slimes","floor":2,"turns":4},{"damage":17,"enemies":"Lagavulin","floor":6,"turns":8},{"damage":4,"enemies":"3 Sentries","floor":10,"turns":9},{"damage":0,"enemies":"2 Louse","floor":13,"turns":2},{"damage":0,"enemies":"Exordium Thugs","floor":14,"turns":4},{"damage":18,"enemies":"Hexaghost","floor":16,"turns":8},{"damage":6,"enemies":"2 Thieves","floor":18,"turns":5},{"damage":0,"enemies":"Chosen","floor":19,"turns":4},{"damage":12,"enemies":"Shelled Parasite and Fungi","floor":20,"turns":6},{"damage":14,"enemies":"Snake Plant","floor":21,"turns":5},{"damage":0,"enemies":"Centurion and Healer","floor":22,"turns":6},{"damage":3,"enemies":"Book of Stabbing","floor":24,"turns":5},{"damage":15,"enemies":"Slavers","floor":27,"turns":4},{"damage":25,"enemies":"Book of Stabbing","floor":29,"turns":4},{"damage":15,"enemies":"Snecko","floor":31,"turns":4},{"damage":47,"enemies":"Champ","floor":33,"turns":8}],"seed_played":"-275814953241353064","potions_obtained":[{"floor":1,"key":"SkillPotion"},{"floor":10,"key":"SpeedPotion"},{"floor":14,"key":"Fruit Juice"},{"floor":20,"key":"Poison Potion"},{"floor":24,"key":"Poison Potion"},{"floor":31,"key":"EntropicBrew"}],"is_trial":false,"path_per_floor":["M","M","$","?","?","E","R","?","T","E","?","$","M","M","R","B",null,"M","M","M","M","M","R","E","R","T","E","R","E","R","M","R","B"],"character_chosen":"THE_SILENT","items_purchased":["Footwork","Envenom"],"campfire_rested":4,"item_purchase_floors":[3,12],"current_hp_per_floor":[63,62,62,55,55,38,59,59,59,55,37,37,37,37,37,24,62,56,56,44,30,30,52,49,49,49,34,56,31,53,38,38,0],"gold":391,"neow_bonus":"UPGRADE_CARD","is_prod":false,"is_daily":false,"chose_seed":false,"campfire_upgraded":3,"win_rate":0,"timestamp":1556819640,"path_taken":["M","M","$","?","?","E","R","?","T","E","?","?","?","M","R","BOSS","M","M","M","M","M","R","E","R","T","E","R","E","R","M","R","BOSS"],"build_version":"2019-01-23","purchased_purges":2,"victory":false,"max_hp_per_floor":[70,70,70,70,70,70,70,70,70,70,70,70,70,70,70,75,75,75,75,75,75,75,75,75,75,75,75,75,75,75,75,75,75],"card_choices":[{"not_picked":["Underhanded Strike","Outmaneuver"],"picked":"Noxious Fumes","floor":1},{"not_picked":["Cloak And Dagger","Underhanded Strike"],"picked":"Backflip","floor":2},{"not_picked":["Choke","Dagger Throw"],"picked":"PiercingWail","floor":6},{"not_picked":["Dagger Spray","Slice"],"picked":"Deadly Poison","floor":10},{"not_picked":["Sucker Punch","Storm of Steel"],"picked":"Backstab","floor":13},{"not_picked":["Eviscerate","Flying Knee"],"picked":"Blur","floor":14},{"not_picked":["Grand Finale","Wraith Form v2"],"picked":"Adrenaline","floor":16},{"not_picked":["Slice","Flying Knee","Deadly Poison"],"picked":"SKIP","floor":18},{"not_picked":["Bouncing Flask","Quick Slash"],"picked":"Infinite Blades+1","floor":19},{"not_picked":["Sucker Punch","Tactician"],"picked":"Bane","floor":20},{"not_picked":["Sucker Punch","Quick Slash+1"],"picked":"Backflip","floor":21},{"not_picked":["Finisher","Heel Hook"],"picked":"Caltrops","floor":22},{"not_picked":["Expertise","Dagger Throw"],"picked":"Doppelganger","floor":24},{"not_picked":["Outmaneuver+1","Deflect"],"picked":"Escape Plan+1","floor":27},{"not_picked":["Phantasmal Killer","Infinite Blades"],"picked":"Noxious Fumes","floor":29},{"not_picked":["Outmaneuver+1","Poisoned Stab+1"],"picked":"Deadly Poison+1","floor":31}],"player_experience":223599,"relics_obtained":[{"floor":6,"key":"Ninja Scroll"},{"floor":9,"key":"Mummified Hand"},{"floor":10,"key":"Snake Skull"},{"floor":24,"key":"Matryoshka"},{"floor":26,"key":"Darkstone Periapt"},{"floor":26,"key":"Whetstone"},{"floor":27,"key":"PreservedInsect"},{"floor":29,"key":"Ginger"}],"event_choices":[{"cards_removed":["Strike_G"],"damage_healed":0,"gold_gain":0,"player_choice":"Card Removal","damage_taken":7,"max_hp_gain":0,"max_hp_loss":0,"event_name":"Golden Wing","floor":4,"gold_loss":0},{"damage_healed":0,"gold_gain":0,"player_choice":"Grow","damage_taken":0,"max_hp_gain":0,"max_hp_loss":0,"event_name":"Living Wall","floor":5,"gold_loss":0,"cards_upgraded":["Footwork"]},{"damage_healed":0,"gold_gain":175,"player_choice":"AGREE","damage_taken":0,"max_hp_gain":0,"max_hp_loss":0,"event_name":"Liars Game","floor":8,"gold_loss":0,"cards_obtained":["Doubt"]},{"damage_healed":0,"gold_gain":0,"player_choice":"Success","damage_taken":18,"relics_obtained":["Bag of Preparation"],"max_hp_gain":0,"max_hp_loss":0,"event_name":"Scrap Ooze","floor":11,"gold_loss":0}],"is_beta":false,"boss_relics":[{"not_picked":["White Beast Statue","Tiny House"],"picked":"Philosopher\u0027s Stone"}],"items_purged_floors":[3,12],"is_endless":false,"potions_floor_spawned":[1,10,14,20,24,31],"killed_by":"Champ","ascension_level":9}