{"gold_per_floor":[119,138,149,166,183,258,258,292,364,387,404,424,424,441,441,519,519,532,532,159,173,204,204,233,233,233,249,249,264,264,291,291,291],"floor_reached":33,"playtime":1814,"items_purged":["Strike_G"],"score":506,"play_id":"1de4cd2b-55f3-4a1d-bc19-124bd684f172","local_time":"20190522143620","is_ascension_mode":true,"campfire_choices":[{"data":"Deadly Poison","floor":7,"key":"SMITH"},{"data":"Footwork","floor":13,"key":"SMITH"},{"data":"Caltrops","floor":15,"key":"SMITH"},{"floor":23,"key":"REST"},{"floor":28,"key":"REST"},{"floor":30,"key":"REST"},{"data":"Strike_G","floor":32,"key":"PURGE"}],"neow_cost":"NONE","seed_source_timestamp":221691247443792,"circlet_count":0,"master_deck":["AscendersBane","Defend_G","Defend_G","Defend_G","Defend_G","Defend_G","Strike_G","Strike_G","Strike_G","Survivor","Neutralize","Endless Agony","Leg Sweep","Deadly Poison+1","Dash","Caltrops+1","Deadly Poison","Footwork+1","Crippling Poison","Acrobatics","Footwork+1","Cloak And Dagger"],"relics":["Ring of the Snake","Oddly Smooth Stone","Lantern","The Courier","Pen Nib","Philosopher\u0027s Stone","Singing Bowl","Anchor","Red Mask","Peace Pipe","Bag of Marbles"],"potions_floor_usage":[8,24,24,24,27,31,33],"damage_taken":[{"damage":0,"enemies":"2 Louse","floor":1,"turns":3},{"damage":0,"enemies":"Jaw Worm","floor":2,"turns":5},{"damage":4,"enemies":"Cultist","floor":3,"turns":4},{"damage":1,"enemies":"Exordium Thugs","floor":4,"turns":7},{"damage":3,"enemies":"Blue Slaver","floor":5,"turns":5},{"damage":15,"enemies":"3 Sentries","floor":8,"turns":9},{"damage":0,"enemies":"Looter","floor":11,"turns":3},{"damage":4,"enemies":"Lots of Slimes","floor":12,"turns":5},{"damage":2,"enemies":"Red Slaver","floor":14,"turns":4},{"damage":3,"enemies":"Hexaghost","floor":16,"turns":9},{"damage":0,"enemies":"Shell Parasite","floor":18,"turns":6},{"damage":6,"enemies":"Colosseum Slavers","floor":19,"turns":5},{"damage":2,"enemies":"2 Thieves","floor":21,"turns":5},{"damage":19,"enemies":"Masked Bandits","floor":22,"turns":5},{"damage":47,"enemies":"Gremlin Leader","floor":24,"turns":6},{"damage":9,"enemies":"Snecko","floor":27,"turns":5},{"damage":0,"enemies":"Centurion and Healer","floor":29,"turns":9},{"damage":12,"enemies":"Book of Stabbing","floor":31,"turns":8},{"damage":55,"enemies":"Champ","floor":33,"turns":14}],"seed_played":"3826379829406828869","potions_obtained":[{"floor":1,"key":"Regen Potion"},{"floor":4,"key":"EntropicBrew"},{"floor":8,"key":"Weak Potion"},{"floor":24,"key":"Dexterity Potion"},{"floor":27,"key":"SneckoOil"}],"is_trial":false,"path_per_floor":["M","M","M","M","M","?","R","E","T","T","M","M","R","M","R","B",null,"M","?","$","M","?","R","E","?","T","M","R","M","R","E","R","B"],"character_chosen":"THE_SILENT","items_purchased":["Singing Bowl","Anchor"],"campfire_rested":3,"item_purchase_floors":[20,20],"current_hp_per_floor":[59,59,55,54,51,40,40,40,40,40,40,36,36,34,34,31,57,57,51,51,51,34,55,10,10,10,1,22,24,46,36,36,0],"gold":291,"neow_bonus":"RANDOM_COMMON_RELIC","is_prod":false,"is_daily":false,"chose_seed":false,"campfire_upgraded":3,"win_rate":0,"timestamp":1558550180,"path_taken":["M","M","M","M","M","?","R","E","T","?","M","?","R","M","R","BOSS","M","?","$","M","?","R","E","?","T","M","R","M","R","E","R","BOSS"],"build_version":"2019-01-23","purchased_purges":1,"victory":false,"max_hp_per_floor":[66,66,66,66,66,66,66,66,66,66,66,66,66,66,66,66,66,66,66,66,68,70,70,72,72,72,72,72,74,74,76,76,76],"card_choices":[{"not_picked":["Blur","Acrobatics"],"picked":"Endless Agony","floor":1},{"not_picked":["Acrobatics","Backflip"],"picked":"Leg Sweep","floor":2},{"not_picked":["Choke","Backflip"],"picked":"Deadly Poison","floor":3},{"not_picked":["Skewer","Acrobatics"],"picked":"Dash","floor":4},{"not_picked":["Poisoned Stab","Prepared"],"picked":"Caltrops","floor":5},{"not_picked":["Masterful Stab","Dagger Spray"],"picked":"Deadly Poison","floor":8},{"not_picked":["Flying Knee","Heel Hook","Sucker Punch"],"picked":"SKIP","floor":11},{"not_picked":["Cloak And Dagger","A Thousand Cuts"],"picked":"Footwork","floor":12},{"not_picked":["Leg Sweep","PiercingWail"],"picked":"Crippling Poison","floor":14},{"not_picked":["Blade Dance","Quick Slash"],"picked":"Acrobatics","floor":18},{"not_picked":["Blade Dance+1","Finisher+1","Flechettes"],"picked":"Singing Bowl","floor":21},{"not_picked":["Outmaneuver+1","Underhanded Strike","Reflex"],"picked":"Singing Bowl","floor":22},{"not_picked":["Outmaneuver","Quick Slash","Infinite Blades"],"picked":"Singing Bowl","floor":24},{"not_picked":["Skewer+1","Reflex"],"picked":"Cloak And Dagger","floor":27},{"not_picked":["Finisher","Quick Slash","Concentrate"],"picked":"Singing Bowl","floor":29},{"not_picked":["Bane","Doppelganger","Dagger Spray"],"picked":"Singing Bowl","floor":31}],"player_experience":1281198,"relics_obtained":[{"floor":8,"key":"Lantern"},{"floor":9,"key":"The Courier"},{"floor":10,"key":"Pen Nib"},{"floor":22,"key":"Red Mask"},{"floor":24,"key":"Peace Pipe"},{"floor":31,"key":"Bag of Marbles"}],"event_choices":[{"damage_healed":0,"gold_gain":75,"player_choice":"Gather Gold","damage_taken":11,"max_hp_gain":0,"max_hp_loss":0,"event_name":"World of Goop","floor":6,"gold_loss":0},{"damage_healed":0,"gold_gain":0,"player_choice":"Fight","damage_taken":0,"max_hp_gain":0,"max_hp_loss":0,"event_name":"Colosseum","floor":19,"gold_loss":0},{"damage_healed":0,"gold_gain":0,"player_choice":"Fled From Nobs","damage_taken":0,"max_hp_gain":0,"max_hp_loss":0,"event_name":"Colosseum","floor":19,"gold_loss":0},{"damage_healed":0,"gold_gain":0,"player_choice":"Fought Bandits","damage_taken":0,"max_hp_gain":0,"max_hp_loss":0,"event_name":"Masked Bandits","floor":22,"gold_loss":0},{"damage_healed":0,"gold_gain":0,"player_choice":"Copied","damage_taken":0,"max_hp_gain":0,"max_hp_loss":0,"event_name":"Duplicator","floor":25,"gold_loss":0,"cards_obtained":["Footwork"]}],"is_beta":false,"boss_relics":[{"not_picked":["Tiny House","Astrolabe"],"picked":"Philosopher\u0027s Stone"}],"items_purged_floors":[20],"is_endless":false,"potions_floor_spawned":[1,4,8,14,18,22,24,27],"killed_by":"Champ","ascension_level":15}