{"gold_per_floor":[109,127,139,153,165,200,76,76,76,76,76,76,76,109,109,239,239,252,167,186,209,209,209,225,241,290,290,215,61,61,77,77,198,198,221,146,271,604,604,604,632,145,191,203,220,220,230,242,242,242],"floor_reached":51,"playtime":2359,"items_purged":["Defend_R","Body Slam"],"score":762,"play_id":"97dc9f8b-b866-4962-8814-871646fb39f6","local_time":"20190514172849","is_ascension_mode":false,"campfire_choices":[{"data":"Wild Strike","floor":12.0,"key":"SMITH"},{"floor":15.0,"key":"REST"},{"data":"1","floor":23.0,"key":"LIFT"},{"data":"2","floor":27.0,"key":"LIFT"},{"data":"3","floor":32.0,"key":"LIFT"},{"data":"Perfected Strike","floor":40.0,"key":"SMITH"},{"data":"Perfected Strike","floor":46.0,"key":"SMITH"},{"floor":49.0,"key":"REST"}],"neow_cost":"NONE","seed_source_timestamp":500478807440877,"circlet_count":0,"master_deck":["Strike_R+1","Strike_R+1","Strike_R+1","Strike_R+1","Strike_R+1","Defend_R+1","Defend_R+1","Bash+1","Twin Strike+1","Clash","Shrug It Off","Wild Strike+1","Perfected Strike+1","Wild Strike+1","Clash","Twin Strike+1","Armaments","Pommel Strike","Clash","Pommel Strike","True Grit+1","Wild Strike+1","Pommel Strike","Perfected Strike+1"],"special_seed":0,"relics":["Burning Blood","Oddly Smooth Stone","War Paint","PreservedInsect","Self Forming Clay","Ornamental Fan","Sozu","Girya","Potion Belt","Philosopher\u0027s Stone","Du-Vu Doll","Turnip","Brimstone","Anchor","Whetstone"],"potions_floor_usage":[50],"damage_taken":[{"damage":6.0,"enemies":"Cultist","floor":1.0,"turns":3.0},{"damage":5.0,"enemies":"Jaw Worm","floor":2.0,"turns":3.0},{"damage":5.0,"enemies":"2 Louse","floor":3.0,"turns":3.0},{"damage":16.0,"enemies":"Large Slime","floor":4.0,"turns":4.0},{"damage":6.0,"enemies":"Exordium Thugs","floor":5.0,"turns":3.0},{"damage":33.0,"enemies":"Lagavulin","floor":6.0,"turns":7.0},{"damage":2.0,"enemies":"3 Sentries","floor":14.0,"turns":5.0},{"damage":35.0,"enemies":"Hexaghost","floor":16.0,"turns":9.0},{"damage":0.0,"enemies":"3 Byrds","floor":18.0,"turns":6.0},{"damage":6.0,"enemies":"Chosen","floor":20.0,"turns":3.0},{"damage":2.0,"enemies":"Centurion and Healer","floor":21.0,"turns":5.0},{"damage":17.0,"enemies":"Snake Plant","floor":24.0,"turns":2.0},{"damage":12.0,"enemies":"Shelled Parasite and Fungi","floor":25.0,"turns":3.0},{"damage":0.0,"enemies":"3 Cultists","floor":31.0,"turns":3.0},{"damage":58.0,"enemies":"Automaton","floor":33.0,"turns":9.0},{"damage":0.0,"enemies":"Orb Walker","floor":35.0,"turns":2.0},{"damage":17.0,"enemies":"Mind Bloom Boss Battle","floor":37.0,"turns":4.0},{"damage":40.0,"enemies":"Nemesis","floor":41.0,"turns":4.0},{"damage":0.0,"enemies":"3 Darklings","floor":44.0,"turns":4.0},{"damage":0.0,"enemies":"Sphere and 2 Shapes","floor":45.0,"turns":3.0},{"damage":19.0,"enemies":"Maw","floor":47.0,"turns":3.0},{"damage":0.0,"enemies":"Jaw Worm Horde","floor":48.0,"turns":2.0},{"damage":46,"enemies":"Time Eater","floor":50,"turns":4}],"seed_played":"6220295223631529234","potions_obtained":[{"floor":1.0,"key":"Explosive Potion"},{"floor":3.0,"key":"EssenceOfSteel"},{"floor":5.0,"key":"LiquidBronze"},{"floor":6.0,"key":"Energy Potion"},{"floor":16.0,"key":"PowerPotion"}],"is_trial":false,"path_per_floor":["M","M","M","M","M","E","$","?","T","?","?","R","?","E","R","B",null,"M","?","M","M","?","R","M","M","T","R","?","$","?","M","R","B",null,"M","$","?","?","?","R","E","$","T","M","M","R","M","M","R","B",null],"character_chosen":"IRONCLAD","items_purchased":["Wild Strike","Armaments","Pommel Strike","Body Slam","Clash","Pommel Strike","Brimstone","Anchor","Pommel Strike"],"campfire_rested":2,"item_purchase_floors":[7,29,29,29,36,36,42,42,42],"current_hp_per_floor":[80,80,80,70,70,43,43,43,43,43,43,43,43,47,69,40,74,74,74,74,74,74,74,63,57,57,57,57,57,57,63,63,11,74,74,74,63,63,63,63,29,29,29,35,41,41,28,34,56,16],"gold":242,"neow_bonus":"RANDOM_COMMON_RELIC","is_prod":false,"is_daily":false,"chose_seed":false,"campfire_upgraded":3,"win_rate":0,"timestamp":1557869329,"path_taken":["M","M","M","M","M","E","$","?","T","?","?","R","?","E","R","BOSS","M","?","M","M","?","R","M","M","T","R","?","$","?","M","R","BOSS","M","$","?","?","?","R","E","$","T","M","M","R","M","M","R","BOSS"],"build_version":"2019-01-23","purchased_purges":2,"victory":true,"max_hp_per_floor":[80,80,80,80,80,80,80,80,80,74,74,74,74,74,74,74,74,74,74,74,74,74,74,74,74,74,74,74,74,74,74,74,74,74,74,74,74,74,74,74,74,74,74,74,74,74,74,74,74,74],"card_choices":[{"not_picked":["Burning Pact","Clothesline","Iron Wave"],"picked":"SKIP","floor":1.0},{"not_picked":["Anger","Bloodletting"],"picked":"Twin Strike","floor":2.0},{"not_picked":["Second Wind","Burning Pact","Searing Blow"],"picked":"SKIP","floor":3.0},{"not_picked":["Dual Wield","Pummel"],"picked":"Clash","floor":4.0},{"not_picked":["Anger","Carnage"],"picked":"Shrug It Off","floor":5.0},{"not_picked":["Body Slam","Infernal Blade","True Grit"],"picked":"SKIP","floor":6.0},{"not_picked":["Clothesline","Corruption","Reckless Charge"],"picked":"SKIP","floor":14.0},{"not_picked":["Feel No Pain","Intimidate"],"picked":"Perfected Strike","floor":18.0},{"not_picked":["Iron Wave+1","True Grit"],"picked":"Wild Strike+1","floor":20.0},{"not_picked":["Inflame","Whirlwind","Heavy Blade+1"],"picked":"SKIP","floor":21.0},{"not_picked":["Seeing Red","Rupture+1","Spot Weakness"],"picked":"SKIP","floor":24.0},{"not_picked":["Rage+1","Headbutt"],"picked":"Twin Strike+1","floor":25.0},{"not_picked":["Flex","Rage","Double Tap"],"picked":"SKIP","floor":31.0},{"not_picked":["Inflame","Searing Blow+1","Body Slam"],"picked":"SKIP","floor":35.0},{"not_picked":["Sword Boomerang","Power Through+1"],"picked":"True Grit+1","floor":37.0},{"not_picked":["Power Through+1","Body Slam"],"picked":"Wild Strike","floor":41.0},{"not_picked":["Second Wind+1","Warcry+1","Rupture"],"picked":"SKIP","floor":44.0},{"not_picked":["Double Tap","Pommel Strike+1"],"picked":"Perfected Strike","floor":45.0},{"not_picked":["Ghostly Armor+1","Iron Wave","Headbutt"],"picked":"SKIP","floor":47.0},{"not_picked":["Sword Boomerang","Cleave","Bloodletting"],"picked":"SKIP","floor":48.0}],"player_experience":272382,"relics_obtained":[{"floor":6.0,"key":"War Paint"},{"floor":9.0,"key":"Self Forming Clay"},{"floor":14.0,"key":"Ornamental Fan"},{"floor":26.0,"key":"Potion Belt"},{"floor":37.0,"key":"Du-Vu Doll"},{"floor":41.0,"key":"Turnip"},{"floor":43.0,"key":"Whetstone"}],"event_choices":[{"damage_healed":0.0,"max_hp_gain":0.0,"max_hp_loss":0.0,"gold_gain":0.0,"event_name":"Dead Adventurer","player_choice":"Searched \u00272\u0027 times","floor":8.0,"gold_loss":0.0,"damage_taken":0.0,"relics_obtained":["PreservedInsect"]},{"damage_healed":0.0,"max_hp_gain":0.0,"max_hp_loss":6.0,"gold_gain":0.0,"event_name":"Golden Idol","player_choice":"Lose Max HP","floor":10.0,"gold_loss":0.0,"damage_taken":0.0,"relics_obtained":["Golden Idol"]},{"damage_healed":0.0,"max_hp_gain":0.0,"max_hp_loss":0.0,"gold_gain":0.0,"event_name":"Living Wall","player_choice":"Grow","floor":11.0,"gold_loss":0.0,"damage_taken":0.0,"cards_upgraded":["Bash"]},{"damage_healed":0.0,"max_hp_gain":0.0,"max_hp_loss":0.0,"gold_gain":0.0,"event_name":"Liars Game","player_choice":"Ignored","floor":13.0,"gold_loss":0.0,"damage_taken":0.0},{"damage_healed":0.0,"max_hp_gain":0.0,"max_hp_loss":0.0,"gold_gain":0.0,"event_name":"Addict","player_choice":"Obtained Relic","floor":19.0,"gold_loss":85.0,"damage_taken":0.0,"relics_obtained":["Girya"]},{"damage_healed":0.0,"max_hp_gain":0.0,"max_hp_loss":0.0,"gold_gain":0.0,"event_name":"The Library","player_choice":"Read","floor":22.0,"gold_loss":0.0,"damage_taken":0.0,"cards_obtained":["Clash"]},{"cards_removed":["Defend_R"],"damage_healed":0.0,"max_hp_gain":0.0,"max_hp_loss":0.0,"gold_gain":0.0,"event_name":"Beggar","player_choice":"Gave Gold","floor":28.0,"gold_loss":75.0,"damage_taken":0.0},{"damage_healed":0.0,"max_hp_gain":0.0,"max_hp_loss":0.0,"gold_gain":0.0,"event_name":"Back to Basics","player_choice":"Simplicity","floor":30.0,"gold_loss":0.0,"damage_taken":0.0,"cards_upgraded":["Strike_R","Strike_R","Strike_R","Strike_R","Strike_R"]},{"damage_healed":0.0,"max_hp_gain":0.0,"max_hp_loss":0.0,"gold_gain":0.0,"event_name":"MindBloom","player_choice":"Fight","floor":37.0,"gold_loss":0.0,"damage_taken":0.0},{"damage_healed":0.0,"max_hp_gain":0.0,"max_hp_loss":0.0,"gold_gain":333.0,"event_name":"The Moai Head","player_choice":"Gave Idol","floor":38.0,"relics_lost":["Golden Idol"],"gold_loss":0.0,"damage_taken":0.0},{"damage_healed":0.0,"max_hp_gain":0.0,"max_hp_loss":0.0,"gold_gain":0.0,"event_name":"Tomb of Lord Red Mask","player_choice":"Ignored","floor":39.0,"gold_loss":0.0,"damage_taken":0.0}],"is_beta":false,"boss_relics":[{"not_picked":["Black Blood","Ectoplasm"],"picked":"Sozu"},{"not_picked":["Velvet Choker","Runic Dome"],"picked":"Philosopher\u0027s Stone"}],"items_purged_floors":[7,42],"is_endless":false,"potions_floor_spawned":[1,3,5,6,16,20,24,31,35,47,48],"ascension_level":0}