{"gold_per_floor":[118,118,118,31,42,74,94,129,154,154,154,171,188,218,218,218],"floor_reached":16,"playtime":624,"items_purged":[],"score":290,"play_id":"9702729c-79c9-4a4c-8b89-f752f6fae6d7","local_time":"20190522231255","is_ascension_mode":true,"campfire_choices":[{"data":"Cold Snap","floor":11.0,"key":"SMITH"},{"floor":15.0,"key":"REST"}],"neow_cost":"NONE","seed_source_timestamp":193093550829558,"circlet_count":0,"master_deck":["AscendersBane","Strike_B","Strike_B","Strike_B","Defend_B","Defend_B","Defend_B","Defend_B","Zap+1","Dualcast","Coolheaded+1","FTL","Cold Snap+1","Thunder Strike","Conserve Battery"],"special_seed":0,"relics":["Cracked Core","NeowsBlessing","Anchor","Strawberry","Ancient Tea Set","Ornamental Fan"],"potions_floor_usage":[16],"damage_taken":[{"damage":0.0,"enemies":"Small Slimes","floor":1.0,"turns":1.0},{"damage":0.0,"enemies":"Jaw Worm","floor":5.0,"turns":1.0},{"damage":0.0,"enemies":"Gremlin Nob","floor":6.0,"turns":1.0},{"damage":0.0,"enemies":"2 Louse","floor":7.0,"turns":4.0},{"damage":2.0,"enemies":"Lagavulin","floor":8.0,"turns":6.0},{"damage":0.0,"enemies":"Red Slaver","floor":12.0,"turns":3.0},{"damage":0.0,"enemies":"Looter","floor":13.0,"turns":2.0},{"damage":50.0,"enemies":"Gremlin Nob","floor":14.0,"turns":5.0},{"damage":45,"enemies":"Slime Boss","floor":16,"turns":8}],"seed_played":"483837967652702325","potions_obtained":[{"floor":5.0,"key":"AttackPotion"},{"floor":7.0,"key":"Strength Potion"},{"floor":13.0,"key":"Dexterity Potion"}],"is_trial":false,"path_per_floor":["M","?","?","$","M","E","M","E","T","?","R","M","M","E","R","B"],"character_chosen":"DEFECT","items_purchased":["FTL"],"campfire_rested":1,"item_purchase_floors":[4],"current_hp_per_floor":[64,57,57,57,57,57,57,62,62,62,62,62,62,12,35,0],"gold":218,"neow_bonus":"THREE_ENEMY_KILL","is_prod":false,"is_daily":false,"chose_seed":false,"campfire_upgraded":1,"win_rate":0,"timestamp":1558581175,"path_taken":["M","?","?","$","M","E","M","E","T","?","R","M","M","E","R","BOSS"],"build_version":"2019-01-23","purchased_purges":0,"victory":false,"max_hp_per_floor":[71,71,71,71,71,71,71,78,78,78,78,78,78,78,78,78],"card_choices":[{"not_picked":["Sweeping Beam","Lockon"],"picked":"Coolheaded","floor":1.0},{"not_picked":["Steam","Static Discharge"],"picked":"Cold Snap","floor":5.0},{"not_picked":["Barrage","Sweeping Beam","Force Field"],"picked":"SKIP","floor":6.0},{"not_picked":["Steam","Hello World","Heatsinks"],"picked":"SKIP","floor":7.0},{"not_picked":["Skim","Go for the Eyes"],"picked":"Thunder Strike","floor":8.0},{"not_picked":["Storm","Beam Cell","Leap"],"picked":"SKIP","floor":12.0},{"not_picked":["Cold Snap","Stack","Hologram"],"picked":"SKIP","floor":13.0},{"not_picked":["Stack","Gash"],"picked":"Conserve Battery","floor":14.0}],"player_experience":753091,"relics_obtained":[{"floor":6.0,"key":"Anchor"},{"floor":8.0,"key":"Strawberry"},{"floor":9.0,"key":"Ancient Tea Set"},{"floor":14.0,"key":"Ornamental Fan"}],"event_choices":[{"cards_removed":["Strike_B"],"damage_healed":0.0,"max_hp_gain":0.0,"max_hp_loss":0.0,"gold_gain":0.0,"event_name":"Golden Wing","player_choice":"Card Removal","floor":2.0,"gold_loss":0.0,"damage_taken":7.0},{"damage_healed":0.0,"max_hp_gain":0.0,"max_hp_loss":0.0,"gold_gain":0.0,"event_name":"Living Wall","player_choice":"Grow","floor":3.0,"gold_loss":0.0,"damage_taken":0.0,"cards_upgraded":["Zap"]},{"damage_healed":0.0,"max_hp_gain":0.0,"max_hp_loss":0.0,"gold_gain":0.0,"event_name":"Upgrade Shrine","player_choice":"Upgraded","floor":10.0,"gold_loss":0.0,"damage_taken":0.0,"cards_upgraded":["Coolheaded"]}],"is_beta":false,"boss_relics":[],"items_purged_floors":[],"is_endless":false,"potions_floor_spawned":[5,7,13],"killed_by":"Slime Boss","ascension_level":20}