{"gold_per_floor":[113,388,51,61,78,78,41,71,71,100,100,120,136,161,161,264,264,280,280,292,292,303,303,6,6,6,25,25],"floor_reached":28,"playtime":1934,"items_purged":["Regret","Defend_B"],"score":485,"play_id":"c5a38b10-04ed-4c10-b38f-b42391d95b3d","local_time":"20190513132653","is_ascension_mode":true,"campfire_choices":[{"data":"Buffer","floor":6,"key":"SMITH"},{"data":"Zap","floor":11,"key":"SMITH"},{"data":"Fission","floor":15,"key":"SMITH"},{"floor":23,"key":"REST"},{"data":"Streamline","floor":25,"key":"SMITH"}],"neow_cost":"NONE","seed_source_timestamp":760265417958115,"circlet_count":0,"master_deck":["AscendersBane","Strike_B","Strike_B","Strike_B","Defend_B","Defend_B","Defend_B","Zap+1","Dualcast","All For One","Streamline+1","Sweeping Beam","Steam","Buffer+1","Defragment","Darkness","Hologram","Stack","Compile Driver","Fission+1","Core Surge","Coolheaded","Electrodynamics","Steam","Reinforced Body","FTL","Defragment","Chill"],"special_seed":0,"relics":["Cracked Core","Orichalcum","Symbiotic Virus","Mummified Hand","DataDisk","Cables","Philosopher\u0027s Stone","Question Card"],"potions_floor_usage":[8,8,14,27],"damage_taken":[{"damage":7,"enemies":"Small Slimes","floor":1,"turns":4},{"damage":1,"enemies":"Cultist","floor":4,"turns":3},{"damage":0,"enemies":"2 Louse","floor":5,"turns":2},{"damage":24,"enemies":"3 Sentries","floor":8,"turns":7},{"damage":0,"enemies":"Lagavulin","floor":10,"turns":6},{"damage":0,"enemies":"Exordium Thugs","floor":12,"turns":4},{"damage":3,"enemies":"2 Fungi Beasts","floor":13,"turns":3},{"damage":10,"enemies":"3 Sentries","floor":14,"turns":5},{"damage":0,"enemies":"Slime Boss","floor":16,"turns":4},{"damage":15,"enemies":"2 Thieves","floor":18,"turns":4},{"damage":7,"enemies":"Shell Parasite","floor":20,"turns":3},{"damage":8,"enemies":"Centurion and Healer","floor":22,"turns":3},{"damage":8,"enemies":"Chosen and Byrds","floor":27,"turns":3},{"damage":42,"enemies":"Slavers","floor":28,"turns":2}],"seed_played":"7745201907828833198","potions_obtained":[{"floor":4,"key":"Swift Potion"},{"floor":13,"key":"Explosive Potion"},{"floor":14,"key":"FearPotion"},{"floor":18,"key":"Fire Potion"},{"floor":27,"key":"SteroidPotion"}],"is_trial":false,"path_per_floor":["M","?","$","M","M","R","$","E","T","E","R","M","M","E","R","B",null,"M","?","M","?","M","R","$","R","T","M","E"],"character_chosen":"DEFECT","items_purchased":["Orichalcum","Sweeping Beam","Regen Potion","Defragment","Reinforced Body","FTL","Defragment"],"campfire_rested":1,"item_purchase_floors":[3,3,3,7,24,24,24],"current_hp_per_floor":[61,61,61,60,60,60,60,51,51,51,51,51,48,38,38,38,66,51,37,30,30,22,46,46,46,46,38,0],"gold":25,"neow_bonus":"ONE_RANDOM_RARE_CARD","is_prod":false,"is_daily":false,"chose_seed":false,"campfire_upgraded":4,"win_rate":0,"timestamp":1557768413,"path_taken":["M","?","$","M","M","R","?","E","T","E","R","M","M","E","R","BOSS","M","?","M","?","M","R","$","R","T","M","E"],"build_version":"2019-01-23","purchased_purges":2,"victory":false,"max_hp_per_floor":[75,75,75,75,75,75,75,75,75,75,75,75,75,75,75,75,75,75,80,80,80,80,80,80,80,80,80,80],"card_choices":[{"not_picked":["Barrage","Fusion"],"picked":"Streamline","floor":1},{"not_picked":["Leap","Hologram"],"picked":"Steam","floor":4},{"not_picked":["Streamline","Compile Driver"],"picked":"Buffer","floor":5},{"not_picked":["Streamline","Rip and Tear"],"picked":"Darkness","floor":8},{"not_picked":["Coolheaded","Rebound"],"picked":"Hologram","floor":10},{"not_picked":["Hologram","Redo"],"picked":"Stack","floor":12},{"not_picked":["Conserve Battery","Heatsinks"],"picked":"Compile Driver","floor":13},{"not_picked":["Coolheaded","Go for the Eyes"],"picked":"Fission","floor":14},{"not_picked":["Reboot","Amplify"],"picked":"Core Surge","floor":16},{"not_picked":["Rebound+1","Conserve Battery"],"picked":"Coolheaded","floor":18},{"not_picked":["Redo","Steam Power"],"picked":"Electrodynamics","floor":20},{"not_picked":["Sunder","Rip and Tear"],"picked":"Steam","floor":22},{"not_picked":["Leap","Hologram+1","Undo"],"picked":"Chill","floor":27}],"player_experience":578007,"relics_obtained":[{"floor":8,"key":"Symbiotic Virus"},{"floor":9,"key":"Mummified Hand"},{"floor":10,"key":"DataDisk"},{"floor":14,"key":"Cables"},{"floor":26,"key":"Question Card"}],"event_choices":[{"damage_healed":0,"gold_gain":275,"player_choice":"Desecrate","damage_taken":0,"max_hp_gain":0,"max_hp_loss":0,"event_name":"Golden Shrine","floor":2,"gold_loss":0,"cards_obtained":["Regret"]},{"damage_healed":0,"gold_gain":0,"player_choice":"Shed Blood","damage_taken":19,"max_hp_gain":5,"max_hp_loss":0,"event_name":"Forgotten Altar","floor":19,"gold_loss":0},{"cards_removed":["Strike_B"],"damage_healed":0,"gold_gain":0,"player_choice":"Offered Basic","damage_taken":0,"max_hp_gain":0,"max_hp_loss":0,"event_name":"Bonfire Elementals","floor":21,"gold_loss":0}],"is_beta":false,"boss_relics":[{"not_picked":["Empty Cage","Eternal Feather"],"picked":"Philosopher\u0027s Stone"}],"items_purged_floors":[3,24],"is_endless":false,"potions_floor_spawned":[4,13,14,18,27],"killed_by":"Slavers","ascension_level":11}