{"gold_per_floor":[116,27,39,39,39,39,70,70,70,86,86,101,130,146,146,146],"floor_reached":16,"playtime":523,"items_purged":[],"score":270,"play_id":"a5008b35-7031-4b9f-83f5-fa6ceab97465","local_time":"20190510181607","is_ascension_mode":true,"campfire_choices":[{"data":"Bash","floor":6,"key":"SMITH"},{"data":"Corruption","floor":11,"key":"SMITH"},{"data":"Pommel Strike","floor":15,"key":"SMITH"}],"neow_cost":"NONE","seed_source_timestamp":519891644824700,"circlet_count":0,"master_deck":["AscendersBane","Strike_R","Strike_R","Strike_R","Strike_R","Strike_R","Defend_R","Defend_R","Defend_R","Defend_R","Bash+1","Cleave","Uppercut+1","Pommel Strike+1","Corruption+1","Rampage","Anger","Battle Trance","Dropkick"],"relics":["Burning Blood","NeowsBlessing","Dodecahedron","Paper Frog","Potion Belt"],"potions_floor_usage":[13,16],"damage_taken":[{"damage":0,"enemies":"Cultist","floor":1,"turns":1},{"damage":0,"enemies":"Small Slimes","floor":3,"turns":1},{"damage":0,"enemies":"3 Sentries","floor":7,"turns":1},{"damage":11,"enemies":"2 Louse","floor":10,"turns":2},{"damage":28,"enemies":"Exordium Thugs","floor":12,"turns":5},{"damage":4,"enemies":"Gremlin Nob","floor":13,"turns":3},{"damage":0,"enemies":"Large Slime","floor":14,"turns":2},{"damage":49,"enemies":"Hexaghost","floor":16,"turns":7}],"seed_played":"-4952760288742030862","potions_obtained":[{"floor":7,"key":"Fire Potion"},{"floor":14,"key":"Poison Potion"}],"is_trial":false,"path_per_floor":["M","$","M","?","$","R","E","?","T","M","R","M","E","M","R","B"],"character_chosen":"IRONCLAD","items_purchased":["Uppercut"],"campfire_rested":0,"item_purchase_floors":[2],"current_hp_per_floor":[74,74,75,75,75,75,75,64,64,59,59,37,39,45,45,0],"gold":146,"neow_bonus":"THREE_ENEMY_KILL","is_prod":false,"is_daily":false,"chose_seed":false,"campfire_upgraded":3,"win_rate":0,"timestamp":1557526567,"path_taken":["M","?","M","?","$","R","E","?","T","M","R","M","E","M","R","BOSS"],"build_version":"2019-01-23","purchased_purges":0,"victory":false,"max_hp_per_floor":[75,75,75,75,75,75,75,75,75,75,75,75,75,75,75,75],"card_choices":[{"not_picked":["Armaments","Warcry"],"picked":"Cleave","floor":1},{"not_picked":["Ghostly Armor","Flex"],"picked":"Pommel Strike","floor":3},{"not_picked":["Second Wind","Armaments"],"picked":"Corruption","floor":7},{"not_picked":["Burning Pact","Anger"],"picked":"Rampage","floor":10},{"not_picked":["Pummel","Ghostly Armor"],"picked":"Anger","floor":12},{"not_picked":["Ghostly Armor","Offering"],"picked":"Battle Trance","floor":13},{"not_picked":["Anger","Cleave"],"picked":"Dropkick","floor":14}],"player_experience":511901,"relics_obtained":[{"floor":7,"key":"Dodecahedron"},{"floor":9,"key":"Paper Frog"},{"floor":13,"key":"Potion Belt"}],"event_choices":[{"damage_healed":0,"gold_gain":0,"player_choice":"Grow","damage_taken":0,"max_hp_gain":0,"max_hp_loss":0,"event_name":"Living Wall","floor":4,"gold_loss":0,"cards_upgraded":["Uppercut"]},{"damage_healed":0,"gold_gain":0,"player_choice":"Damaged","damage_taken":11,"max_hp_gain":0,"max_hp_loss":0,"event_name":"Wheel of Change","floor":8,"gold_loss":0}],"is_beta":false,"boss_relics":[],"items_purged_floors":[],"is_endless":false,"potions_floor_spawned":[7,14],"killed_by":"Hexaghost","ascension_level":20}