{"gold_per_floor":[109,127,127,77,95,95,135,135,183,224,224,72,72,93,93,214,214,229,106,31,47,68,102,102,137,137,152,152,172,172,188,188,312,312,337,351,80,80,100,100,116,149,173,173,22,43,43,59,59,59,59,59,10,41,41],"floor_reached":55,"playtime":3790,"items_purged":["Strike_R","Armaments"],"score":808,"play_id":"e52b7808-0d57-4e19-be67-39f0f4cbfa3e","local_time":"20190316075826","is_ascension_mode":true,"campfire_choices":[{"floor":6,"key":"RECALL"},{"floor":11,"key":"REST"},{"data":"Flex","floor":13,"key":"SMITH"},{"data":"Heavy Blade","floor":15,"key":"SMITH"},{"floor":28,"key":"REST"},{"floor":30,"key":"REST"},{"floor":32,"key":"REST"},{"floor":40,"key":"REST"},{"data":"Limit Break","floor":44,"key":"SMITH"},{"data":"Heavy Blade","floor":47,"key":"SMITH"},{"data":"Double Tap","floor":49,"key":"SMITH"},{"data":"Heavy Blade","floor":52,"key":"SMITH"}],"neow_cost":"CURSE","seed_source_timestamp":2353831452099300,"circlet_count":0,"master_deck":["Strike_R","Strike_R","Strike_R","Defend_R","Defend_R","Defend_R","Defend_R","Bash","Sword Boomerang","Twin Strike","Headbutt","Heavy Blade+1","Flex+1","Inflame+1","Flash of Steel","Spot Weakness","Double Tap+1","Twin Strike","Clash","Thunderclap","Demon Form+1","Sword Boomerang+1","Flame Barrier","Metallicize+1","Ghostly Armor+1","Clothesline","Heavy Blade+1","Disarm+1","Limit Break+1","Reckless Charge+1","Inflame+1","Metallicize+1","Master of Strategy","Wild Strike+1","Pummel+1","Shrug It Off","Sword Boomerang+1","Heavy Blade+1","Berserk+1"],"relics":["Burning Blood","Golden Idol","PreservedInsect","Happy Flower","Frozen Egg 2","Black Star","Dream Catcher","FossilizedHelix","Art of War","Ornamental Fan","Pear","Philosopher\u0027s Stone","Calipers","Anchor","Pen Nib","Orichalcum","Du-Vu Doll"],"potions_floor_usage":[39,50,55,55],"damage_taken":[{"damage":10,"enemies":"Jaw Worm","floor":1,"turns":5},{"damage":7,"enemies":"2 Louse","floor":2,"turns":3},{"damage":0,"enemies":"Small Slimes","floor":5,"turns":3},{"damage":50,"enemies":"Lagavulin","floor":7,"turns":8},{"damage":14,"enemies":"Gremlin Nob","floor":10,"turns":3},{"damage":0,"enemies":"3 Louse","floor":14,"turns":2},{"damage":30,"enemies":"The Guardian","floor":16,"turns":7},{"damage":40,"enemies":"2 Thieves","floor":18,"turns":3},{"damage":12,"enemies":"Shell Parasite","floor":21,"turns":2},{"damage":21,"enemies":"Centurion and Healer","floor":22,"turns":6},{"damage":4,"enemies":"Gremlin Leader","floor":23,"turns":4},{"damage":23,"enemies":"Slavers","floor":25,"turns":3},{"damage":35,"enemies":"Snake Plant","floor":27,"turns":3},{"damage":23,"enemies":"Shelled Parasite and Fungi","floor":29,"turns":4},{"damage":11,"enemies":"Snecko","floor":31,"turns":4},{"damage":70,"enemies":"Collector","floor":33,"turns":6},{"damage":45,"enemies":"3 Darklings","floor":35,"turns":8},{"damage":0,"enemies":"Orb Walker","floor":36,"turns":3},{"damage":9,"enemies":"Transient","floor":39,"turns":5},{"damage":11,"enemies":"Sphere and 2 Shapes","floor":41,"turns":3},{"damage":8,"enemies":"Giant Head","floor":42,"turns":4},{"damage":11,"enemies":"Writhing Mass","floor":46,"turns":5},{"damage":15,"enemies":"3 Darklings","floor":48,"turns":4},{"damage":78,"enemies":"Donu and Deca","floor":50,"turns":7},{"damage":40,"enemies":"Shield and Spear","floor":54,"turns":4},{"damage":108,"enemies":"The Heart","floor":55,"turns":6}],"seed_played":"8861348456048142574","potions_obtained":[{"floor":1,"key":"PowerPotion"},{"floor":5,"key":"Swift Potion"},{"floor":10,"key":"Explosive Potion"},{"floor":18,"key":"Energy Potion"},{"floor":27,"key":"GamblersBrew"},{"floor":39,"key":"LiquidBronze"},{"floor":41,"key":"FearPotion"},{"floor":54,"key":"Strength Potion"}],"is_trial":false,"path_per_floor":["M","M","?","?","M","R","E","?","T","E","R","$","R","M","R","B",null,"M","$","?","M","M","E","T","E","T","M","R","M","R","M","R","B",null,"M","M","$","?","M","R","M","E","T","R","$","M","R","M","R","B",null,"R","$","E","B"],"character_chosen":"IRONCLAD","items_purchased":["Inflame+1","Flash of Steel","Clash","Metallicize+1","Master of Strategy","Armaments","Shrug It Off","SkillPotion"],"campfire_rested":5,"item_purchase_floors":[12,12,19,37,37,37,45,53],"current_hp_per_floor":[92,91,67,67,73,73,29,29,29,21,49,49,49,55,55,31,96,62,62,62,56,41,43,43,26,36,7,38,21,52,47,78,14,106,67,73,73,73,70,101,96,94,94,94,94,89,89,80,80,8,106,106,106,72,0],"gold":41,"neow_bonus":"TWENTY_PERCENT_HP_BONUS","is_prod":false,"is_daily":false,"chose_seed":false,"campfire_upgraded":6,"win_rate":0,"timestamp":1552741106,"path_taken":["M","M","?","?","M","R","E","?","T","E","R","$","R","M","R","BOSS","M","$","?","M","M","E","?","E","T","M","R","M","R","M","R","BOSS","M","?","$","?","M","R","M","E","T","R","$","M","R","M","R","BOSS","R","$","E","BOSS"],"build_version":"2019-01-23","purchased_purges":2,"victory":false,"max_hp_per_floor":[96,96,96,96,96,96,96,96,96,96,96,96,96,96,96,96,96,96,96,96,96,96,96,96,96,106,106,106,106,106,106,106,106,106,106,106,106,106,106,106,106,106,106,106,106,106,106,106,106,106,106,106,106,106,106],"card_choices":[{"not_picked":["Power Through","Combust"],"picked":"Sword Boomerang","floor":1},{"not_picked":["Hemokinesis","Wild Strike"],"picked":"Twin Strike","floor":2},{"not_picked":["Carnage","True Grit"],"picked":"Headbutt","floor":5},{"not_picked":["Dark Embrace","Burning Pact"],"picked":"Heavy Blade","floor":7},{"not_picked":["Cleave","Metallicize"],"picked":"Flex","floor":10},{"not_picked":["Cleave","Armaments"],"picked":"Spot Weakness","floor":14},{"not_picked":["Feed","Fiend Fire"],"picked":"Double Tap","floor":16},{"not_picked":["Cleave","Uppercut"],"picked":"Twin Strike","floor":18},{"not_picked":["Warcry","Hemokinesis"],"picked":"Thunderclap","floor":21},{"not_picked":["True Grit","Sword Boomerang"],"picked":"Demon Form+1","floor":22},{"not_picked":["Flame Barrier+1","Body Slam"],"picked":"Sword Boomerang+1","floor":23},{"not_picked":["Clash+1","Anger"],"picked":"Flame Barrier","floor":25},{"not_picked":["Bloodletting","Wild Strike"],"picked":"Metallicize+1","floor":27},{"not_picked":["Reckless Charge","Evolve+1"],"picked":"Ghostly Armor+1","floor":28},{"not_picked":["Bloodletting","Whirlwind"],"picked":"Clothesline","floor":29},{"not_picked":["Entrench","Warcry+1"],"picked":"Heavy Blade","floor":30},{"not_picked":["Perfected Strike","Clothesline","Wild Strike+1"],"picked":"SKIP","floor":31},{"not_picked":["Clothesline+1","Flame Barrier"],"picked":"Disarm+1","floor":32},{"not_picked":["Impervious","Immolate"],"picked":"Limit Break","floor":33},{"not_picked":["Flex","Warcry"],"picked":"Reckless Charge+1","floor":35},{"not_picked":["Warcry","Bloodletting"],"picked":"Inflame+1","floor":36},{"not_picked":["Feel No Pain+1","Clothesline+1","Rupture+1"],"picked":"SKIP","floor":39},{"not_picked":["Havoc","Disarm+1"],"picked":"Wild Strike+1","floor":41},{"not_picked":["Corruption+1","Perfected Strike"],"picked":"Pummel+1","floor":42},{"not_picked":["Reckless Charge","Perfected Strike+1"],"picked":"Sword Boomerang+1","floor":46},{"not_picked":["Searing Blow+1","Body Slam+1"],"picked":"Heavy Blade","floor":48},{"not_picked":["Bloodletting+1","Flex+1"],"picked":"Berserk+1","floor":54}],"player_experience":136086,"relics_obtained":[{"floor":7,"key":"PreservedInsect"},{"floor":9,"key":"Happy Flower"},{"floor":10,"key":"Frozen Egg 2"},{"floor":23,"key":"Dream Catcher"},{"floor":23,"key":"FossilizedHelix"},{"floor":25,"key":"Art of War"},{"floor":25,"key":"Ornamental Fan"},{"floor":26,"key":"Pear"},{"floor":42,"key":"Calipers"},{"floor":42,"key":"Anchor"},{"floor":43,"key":"Pen Nib"},{"floor":54,"key":"Orichalcum"},{"floor":54,"key":"Du-Vu Doll"}],"event_choices":[{"damage_healed":0,"gold_gain":0,"player_choice":"Take Damage","damage_taken":24,"relics_obtained":["Golden Idol"],"max_hp_gain":0,"max_hp_loss":0,"event_name":"Golden Idol","floor":3,"gold_loss":0},{"cards_removed":["Normality"],"damage_healed":0,"gold_gain":0,"player_choice":"Card Removal","damage_taken":0,"max_hp_gain":0,"max_hp_loss":0,"event_name":"The Cleric","floor":4,"gold_loss":50},{"damage_healed":0,"gold_gain":0,"player_choice":"Ignored","damage_taken":0,"max_hp_gain":0,"max_hp_loss":0,"event_name":"Shining Light","floor":8,"gold_loss":0},{"cards_removed":["Strike_R"],"damage_healed":0,"gold_gain":0,"player_choice":"Gave Gold","damage_taken":0,"max_hp_gain":0,"max_hp_loss":0,"event_name":"Beggar","floor":20,"gold_loss":75},{"damage_healed":0,"gold_gain":0,"player_choice":"Ignored","damage_taken":0,"max_hp_gain":0,"max_hp_loss":0,"event_name":"Mysterious Sphere","floor":38,"gold_loss":0}],"is_beta":false,"boss_relics":[{"not_picked":["Calling Bell","Coffee Dripper"],"picked":"Black Star"},{"not_picked":["Empty Cage","Eternal Feather"],"picked":"Philosopher\u0027s Stone"}],"items_purged_floors":[19,45],"is_endless":false,"potions_floor_spawned":[1,5,10,14,18,27,31,33,39,41,46,48,54],"killed_by":"The Heart","ascension_level":1}