{"gold_per_floor":[13,13,27,37,57,84,94,19,64,89,101,113,156,183,195,312,324,356,368,94,94,55,55,85,85,110,110,120,120],"floor_reached":29,"playtime":2095,"items_purged":["Strike_B"],"score":354,"play_id":"f580ca0d-0c0f-4eac-b249-e37b9ef4c91d","local_time":"20190329184137","is_ascension_mode":true,"campfire_choices":[{"floor":11,"key":"REST"},{"data":"Loop","floor":15,"key":"SMITH"},{"data":"White Noise","floor":23,"key":"SMITH"},{"floor":25,"key":"REST"}],"neow_cost":"NO_GOLD","seed_source_timestamp":762655473668351,"circlet_count":0,"master_deck":["Zap","Dualcast","Electrodynamics","Sweeping Beam","Melter","Auto Shields","Glacier","Go for the Eyes","Cold Snap","Loop+1","White Noise+1","Echo Form","Leap","Genetic Algorithm","Compile Driver","Rainbow","Double Energy","Cold Snap","Capacitor","Conserve Battery","Recycle","Loop+1","Static Discharge+1","Multi-Cast","Consume"],"relics":["Cracked Core","War Paint","MawBank","Mummified Hand","Pandora\u0027s Box","Frozen Egg 2","Letter Opener","Bronze Scales","Happy Flower"],"potions_floor_usage":[6,6,16,16,24,29,29],"damage_taken":[{"damage":14,"enemies":"Jaw Worm","floor":1,"turns":3},{"damage":1,"enemies":"Cultist","floor":3,"turns":3},{"damage":4,"enemies":"Small Slimes","floor":4,"turns":2},{"damage":0,"enemies":"Gremlin Gang","floor":5,"turns":2},{"damage":9,"enemies":"Lagavulin","floor":6,"turns":5},{"damage":1,"enemies":"2 Fungi Beasts","floor":7,"turns":3},{"damage":0,"enemies":"Looter","floor":10,"turns":3},{"damage":13,"enemies":"Gremlin Nob","floor":13,"turns":4},{"damage":3,"enemies":"Exordium Wildlife","floor":14,"turns":3},{"damage":33,"enemies":"Hexaghost","floor":16,"turns":15},{"damage":10,"enemies":"3 Byrds","floor":18,"turns":2},{"damage":28,"enemies":"Book of Stabbing","floor":24,"turns":6},{"damage":12,"enemies":"Chosen","floor":28,"turns":2},{"damage":22,"enemies":"Slavers","floor":29,"turns":3}],"seed_played":"3601958554006221273","potions_obtained":[{"floor":4,"key":"AttackPotion"},{"floor":5,"key":"Poison Potion"},{"floor":6,"key":"Block Potion"},{"floor":13,"key":"Strength Potion"},{"floor":14,"key":"Strength Potion"},{"floor":18,"key":"SkillPotion"},{"floor":28,"key":"SpeedPotion"}],"is_trial":false,"path_per_floor":["M","?","M","M","M","E","M","$","T","M","R","?","E","M","R","B",null,"M","?","$","T","$","R","E","R","T","?","M","E"],"character_chosen":"DEFECT","items_purchased":["Frozen Egg 2","Loop+1","Static Discharge+1"],"campfire_rested":2,"item_purchase_floors":[20,20,22],"current_hp_per_floor":[54,54,53,49,49,40,39,39,39,39,61,66,53,50,50,17,64,54,54,54,54,54,54,26,50,50,34,22,0],"gold":120,"neow_bonus":"THREE_RARE_CARDS","is_prod":false,"is_daily":false,"chose_seed":false,"campfire_upgraded":2,"win_rate":0,"timestamp":1553899297,"path_taken":["M","?","?","M","M","E","?","?","T","M","R","?","E","M","R","BOSS","M","?","$","?","$","R","E","R","T","?","?","E"],"build_version":"2019-01-23","purchased_purges":1,"victory":false,"max_hp_per_floor":[75,75,75,75,75,75,75,75,75,75,75,80,80,80,80,80,80,80,80,80,80,80,80,80,80,80,80,80,80],"card_choices":[{"not_picked":["Machine Learning","Amplify"],"picked":"Electrodynamics","floor":0},{"not_picked":["Compile Driver","Aggregate"],"picked":"Sweeping Beam","floor":1},{"not_picked":["Aggregate","Compile Driver"],"picked":"Melter","floor":3},{"not_picked":["Streamline","Stack"],"picked":"Auto Shields","floor":4},{"not_picked":["Core Surge","Leap"],"picked":"Glacier","floor":5},{"not_picked":["Redo","Stack"],"picked":"Go for the Eyes","floor":6},{"not_picked":["Doom and Gloom","Glacier"],"picked":"Cold Snap","floor":7},{"not_picked":["Undo","Chill"],"picked":"Loop","floor":10},{"not_picked":["Rebound","Auto Shields"],"picked":"White Noise","floor":13},{"not_picked":["Chill","Sweeping Beam"],"picked":"Streamline","floor":14},{"not_picked":["Electrodynamics","Machine Learning"],"picked":"Echo Form","floor":16},{"not_picked":["Leap","Streamline+1"],"picked":"Conserve Battery","floor":18},{"not_picked":["Conserve Battery","Chill+1"],"picked":"Multi-Cast","floor":24},{"not_picked":["Hologram","Double Energy"],"picked":"Consume","floor":28}],"player_experience":233885,"relics_obtained":[{"floor":6,"key":"War Paint"},{"floor":9,"key":"MawBank"},{"floor":13,"key":"Mummified Hand"},{"floor":21,"key":"Letter Opener"},{"floor":24,"key":"Bronze Scales"},{"floor":26,"key":"Happy Flower"}],"event_choices":[{"damage_healed":0,"gold_gain":0,"player_choice":"0 cards matched","damage_taken":0,"max_hp_gain":0,"max_hp_loss":0,"event_name":"Match and Keep!","floor":2,"gold_loss":0,"cards_obtained":[]},{"damage_healed":0,"gold_gain":0,"player_choice":"Donut","damage_taken":0,"max_hp_gain":5,"max_hp_loss":0,"event_name":"Big Fish","floor":12,"gold_loss":0},{"damage_healed":0,"gold_gain":0,"cards_transformed":["Streamline"],"player_choice":"Transformed","damage_taken":0,"max_hp_gain":0,"max_hp_loss":0,"event_name":"Transmorgrifier","floor":19,"gold_loss":0,"cards_obtained":["Recycle"]},{"damage_healed":0,"gold_gain":0,"player_choice":"POTION ","damage_taken":16,"max_hp_gain":0,"max_hp_loss":0,"event_name":"Knowing Skull","floor":27,"potions_obtained":["Poison Potion"],"gold_loss":0,"cards_obtained":[]}],"is_beta":false,"boss_relics":[{"not_picked":["Coffee Dripper","Black Star"],"picked":"Pandora\u0027s Box"}],"items_purged_floors":[8],"is_endless":false,"potions_floor_spawned":[4,5,6,13,14,18,28],"killed_by":"Slavers","ascension_level":8}