{"gold_per_floor":[111,65,65,126,141,171,171,171,171,184,184,184,184,198,198,298,298,314,326,24,44,62,62,161,161,161,161,161,175,94,114,114,217,217,234,234,316,20,36,69,85,85,160,160,187,241,257,270,270,270,270,270,6,31,31],"floor_reached":55,"playtime":4288,"items_purged":["Strike_R"],"score":725,"play_id":"0483f443-bac7-4f08-ab62-e5e575b11792","local_time":"20190504001943","is_ascension_mode":false,"campfire_choices":[{"data":"Bash","floor":8.0,"key":"SMITH"},{"data":"Shockwave","floor":12.0,"key":"SMITH"},{"data":"Rampage","floor":15.0,"key":"SMITH"},{"data":"Shrug It Off","floor":23.0,"key":"SMITH"},{"data":"Offering","floor":25.0,"key":"SMITH"},{"floor":32.0,"key":"REST"},{"data":"Spot Weakness","floor":42.0,"key":"SMITH"},{"data":"Double Tap","floor":44.0,"key":"SMITH"},{"floor":49.0,"key":"RECALL"},{"data":"Armaments","floor":52.0,"key":"SMITH"}],"neow_cost":"NONE","seed_source_timestamp":0,"circlet_count":0,"master_deck":["Strike_R","Strike_R","Strike_R","Defend_R","Defend_R","Defend_R","Defend_R","Bash+1","Feed","Twin Strike","Armaments+1","Shrug It Off+1","Feel No Pain","Feed","Shockwave+1","Rampage+1","Double Tap+1","Offering+1","Body Slam+1","Spot Weakness+1","Metallicize+1","Feel No Pain+1","Flame Barrier+1","True Grit+1","Whirlwind","Rupture+1","Feel No Pain+1","Inflame+1","Rupture+1","Inflame+1"],"special_seed":0,"relics":["Burning Blood","Art of War","Ornamental Fan","Busted Crown","Oddly Smooth Stone","Charon\u0027s Ashes","Frozen Egg 2","Coffee Dripper","Toxic Egg 2","The Courier","Dodecahedron","Bottled Flame","Unceasing Top","Bottled Lightning"],"potions_floor_usage":[55,55,55,55,55,55],"damage_taken":[{"damage":9.0,"enemies":"Cultist","floor":1.0,"turns":4.0},{"damage":4.0,"enemies":"Small Slimes","floor":5.0,"turns":4.0},{"damage":39.0,"enemies":"Gremlin Nob","floor":6.0,"turns":5.0},{"damage":0.0,"enemies":"Jaw Worm","floor":10.0,"turns":4.0},{"damage":12.0,"enemies":"3 Louse","floor":14.0,"turns":3.0},{"damage":50.0,"enemies":"The Guardian","floor":16.0,"turns":10.0},{"damage":8.0,"enemies":"Shell Parasite","floor":18.0,"turns":6.0},{"damage":4.0,"enemies":"2 Thieves","floor":19.0,"turns":3.0},{"damage":15.0,"enemies":"Snecko","floor":21.0,"turns":6.0},{"damage":21.0,"enemies":"Shelled Parasite and Fungi","floor":22.0,"turns":4.0},{"damage":23.0,"enemies":"Cultist and Chosen","floor":29.0,"turns":6.0},{"damage":6.0,"enemies":"Chosen and Byrds","floor":31.0,"turns":6.0},{"damage":46.0,"enemies":"Collector","floor":33.0,"turns":9.0},{"damage":9.0,"enemies":"3 Shapes","floor":35.0,"turns":5.0},{"damage":2.0,"enemies":"Orb Walker","floor":39.0,"turns":3.0},{"damage":29.0,"enemies":"Giant Head","floor":40.0,"turns":9.0},{"damage":30.0,"enemies":"Maw","floor":41.0,"turns":9.0},{"damage":27.0,"enemies":"Nemesis","floor":45.0,"turns":9.0},{"damage":10.0,"enemies":"2 Orb Walkers","floor":46.0,"turns":5.0},{"damage":17.0,"enemies":"Spire Growth","floor":47.0,"turns":5.0},{"damage":10.0,"enemies":"3 Darklings","floor":48.0,"turns":5.0},{"damage":45.0,"enemies":"Awakened One","floor":50.0,"turns":12.0},{"damage":36.0,"enemies":"Shield and Spear","floor":54.0,"turns":6.0},{"damage":121,"enemies":"The Heart","floor":55,"turns":9}],"seed_played":"-779005858980889341","potions_obtained":[{"floor":1.0,"key":"Strength Potion"},{"floor":6.0,"key":"EntropicBrew"},{"floor":18.0,"key":"AttackPotion"},{"floor":29.0,"key":"SteroidPotion"},{"floor":31.0,"key":"Weak Potion"},{"floor":39.0,"key":"SpeedPotion"},{"floor":41.0,"key":"Strength Potion"},{"floor":47.0,"key":"EssenceOfSteel"},{"floor":48.0,"key":"Block Potion"},{"floor":54.0,"key":"Explosive Potion"}],"is_trial":false,"path_per_floor":["M","$","T","?","M","E","?","R","T","M","?","R","?","M","R","B",null,"M","M","$","M","M","R","?","R","T","?","T","M","$","M","R","B",null,"M","?","T","$","M","E","M","R","T","R","E","?","M","M","R","B",null,"R","$","E","B"],"character_chosen":"IRONCLAD","items_purchased":["Armaments","Oddly Smooth Stone","Offering","Metallicize+1","Feel No Pain+1","Flame Barrier+1","True Grit+1","Whirlwind","Inflame+1","Rupture+1","Inflame+1","EntropicBrew","Strength Potion"],"campfire_rested":1,"item_purchase_floors":[2,20,20,30,38,38,38,38,53,53,53,53,53],"current_hp_per_floor":[80,80,80,80,85,52,52,52,52,61,66,66,66,66,66,25,103,104,109,109,103,94,94,94,94,94,69,69,58,58,64,104,64,135,138,138,138,138,141,118,94,94,94,94,73,72,61,60,60,24,150,150,150,120,0],"gold":31,"neow_bonus":"ONE_RANDOM_RARE_CARD","is_prod":false,"is_daily":false,"chose_seed":false,"campfire_upgraded":8,"win_rate":0,"timestamp":1556943583,"path_taken":["M","$","?","?","M","E","?","R","T","?","?","R","?","M","R","BOSS","M","M","$","M","M","R","?","R","T","?","?","M","$","M","R","BOSS","M","?","?","$","M","E","M","R","T","R","E","?","M","M","R","BOSS","R","$","E","BOSS"],"build_version":"2019-01-23","purchased_purges":1,"victory":false,"max_hp_per_floor":[83,83,83,83,86,86,86,86,86,89,94,94,94,100,100,103,103,106,109,109,112,118,118,118,118,118,123,123,129,129,135,135,135,135,141,141,141,141,141,141,141,141,141,141,141,144,144,147,147,150,150,150,150,150,150],"card_choices":[{"not_picked":["Combust","Anger"],"picked":"Twin Strike","floor":1.0},{"not_picked":["Flex","Feel No Pain"],"picked":"Shrug It Off","floor":5.0},{"not_picked":["Second Wind","Pummel"],"picked":"Feel No Pain","floor":6.0},{"not_picked":["Headbutt","Clothesline"],"picked":"Shockwave","floor":10.0},{"not_picked":["Iron Wave","Warcry"],"picked":"Rampage","floor":14.0},{"not_picked":["Impervious","Bludgeon"],"picked":"Double Tap","floor":16.0},{"not_picked":["Anger"],"picked":"SKIP","floor":18.0},{"not_picked":["Perfected Strike"],"picked":"SKIP","floor":19.0},{"not_picked":["Heavy Blade"],"picked":"SKIP","floor":21.0},{"not_picked":[],"picked":"Body Slam+1","floor":22.0},{"not_picked":[],"picked":"Spot Weakness","floor":29.0},{"not_picked":["Anger"],"picked":"SKIP","floor":31.0},{"not_picked":["Intimidate"],"picked":"SKIP","floor":35.0},{"not_picked":["Warcry+1"],"picked":"SKIP","floor":39.0},{"not_picked":["Twin Strike"],"picked":"SKIP","floor":40.0},{"not_picked":["Body Slam"],"picked":"SKIP","floor":41.0},{"not_picked":["Clash"],"picked":"SKIP","floor":45.0},{"not_picked":[],"picked":"Rupture+1","floor":46.0},{"not_picked":[],"picked":"Feel No Pain+1","floor":47.0},{"not_picked":["Sword Boomerang"],"picked":"SKIP","floor":48.0},{"not_picked":["Twin Strike"],"picked":"SKIP","floor":54.0}],"player_experience":256345,"relics_obtained":[{"floor":6.0,"key":"Art of War"},{"floor":9.0,"key":"Ornamental Fan"},{"floor":26.0,"key":"Charon\u0027s Ashes"},{"floor":28.0,"key":"Frozen Egg 2"},{"floor":37.0,"key":"Toxic Egg 2"},{"floor":40.0,"key":"The Courier"},{"floor":43.0,"key":"Dodecahedron"},{"floor":45.0,"key":"Bottled Flame"},{"floor":46.0,"key":"Unceasing Top"},{"floor":54.0,"key":"Bottled Lightning"}],"event_choices":[{"damage_healed":0.0,"max_hp_gain":0.0,"max_hp_loss":0.0,"gold_gain":61.0,"event_name":"Golden Wing","player_choice":"Gained Gold","floor":4.0,"gold_loss":0.0,"damage_taken":0.0},{"damage_healed":0.0,"max_hp_gain":0.0,"max_hp_loss":0.0,"gold_gain":0.0,"cards_transformed":["Strike_R"],"event_name":"Transmorgrifier","player_choice":"Transformed","floor":7.0,"gold_loss":0.0,"damage_taken":0.0,"cards_obtained":["Feed"]},{"damage_healed":0.0,"max_hp_gain":5.0,"max_hp_loss":0.0,"gold_gain":0.0,"event_name":"Big Fish","player_choice":"Donut","floor":11.0,"gold_loss":0.0,"damage_taken":0.0},{"damage_healed":0.0,"max_hp_gain":0.0,"max_hp_loss":0.0,"gold_gain":0.0,"event_name":"Liars Game","player_choice":"Ignored","floor":13.0,"gold_loss":0.0,"damage_taken":0.0},{"damage_healed":0.0,"max_hp_gain":0.0,"max_hp_loss":0.0,"gold_gain":99.0,"event_name":"Nest","player_choice":"Stole From Cult","floor":24.0,"gold_loss":0.0,"damage_taken":0.0},{"damage_healed":0.0,"max_hp_gain":5.0,"max_hp_loss":0.0,"gold_gain":0.0,"event_name":"Forgotten Altar","player_choice":"Shed Blood","floor":27.0,"gold_loss":0.0,"damage_taken":30.0},{"damage_healed":0.0,"max_hp_gain":0.0,"max_hp_loss":0.0,"gold_gain":0.0,"event_name":"Tomb of Lord Red Mask","player_choice":"Ignored","floor":36.0,"gold_loss":0.0,"damage_taken":0.0},{"damage_healed":0.0,"max_hp_gain":0.0,"max_hp_loss":0.0,"gold_gain":0.0,"event_name":"Mysterious Sphere","player_choice":"Fight","floor":46.0,"gold_loss":0.0,"damage_taken":0.0}],"is_beta":false,"boss_relics":[{"not_picked":["Sozu","Velvet Choker"],"picked":"Busted Crown"},{"not_picked":["Black Blood","Runic Cube"],"picked":"Coffee Dripper"}],"items_purged_floors":[38],"is_endless":false,"potions_floor_spawned":[1,6,14,18,29,31,39,41,47,48,54],"killed_by":"The Heart","ascension_level":0}