{"gold_per_floor":[117,137,137,152,167,167,241,241,241,241,266,266,281,312,312,408,408,428,428,441,421,444,444,444],"floor_reached":24,"playtime":1242,"items_purged":[],"score":416,"play_id":"e814acee-c5b8-4120-a6d1-f5a262a4a5dc","local_time":"20190522011044","is_ascension_mode":true,"campfire_choices":[{"data":"Streamline","floor":6.0,"key":"SMITH"},{"data":"Cold Snap","floor":8.0,"key":"SMITH"},{"data":"Zap","floor":10.0,"key":"SMITH"},{"data":"Machine Learning","floor":15.0,"key":"SMITH"},{"floor":23,"key":"REST"}],"neow_cost":"NONE","seed_source_timestamp":113013536783226,"circlet_count":0,"master_deck":["AscendersBane","Strike_B","Strike_B","Strike_B","Strike_B","Defend_B","Defend_B","Defend_B","Defend_B","Zap+1","Dualcast","Deep Breath","Streamline+1","Cold Snap+1","Conserve Battery","Machine Learning+1","Conserve Battery","Compile Driver","FTL","Echo Form","Reprogram","Hologram+1","Chill"],"special_seed":0,"relics":["Cracked Core","Golden Idol","Tiny Chest","Meat on the Bone","Nunchaku","Inserter"],"potions_floor_usage":[22,24],"damage_taken":[{"damage":11.0,"enemies":"Cultist","floor":1.0,"turns":4.0},{"damage":1.0,"enemies":"2 Louse","floor":2.0,"turns":2.0},{"damage":8.0,"enemies":"Small Slimes","floor":4.0,"turns":3.0},{"damage":6.0,"enemies":"Looter","floor":5.0,"turns":4.0},{"damage":13.0,"enemies":"Lagavulin","floor":7.0,"turns":7.0},{"damage":3.0,"enemies":"Exordium Thugs","floor":11.0,"turns":4.0},{"damage":9.0,"enemies":"2 Fungi Beasts","floor":13.0,"turns":3.0},{"damage":17.0,"enemies":"3 Sentries","floor":14.0,"turns":7.0},{"damage":18.0,"enemies":"Slime Boss","floor":16.0,"turns":9.0},{"damage":27.0,"enemies":"Shell Parasite","floor":18.0,"turns":6.0},{"damage":16.0,"enemies":"3 Byrds","floor":20.0,"turns":6.0},{"damage":25,"enemies":"Sentry and Sphere","floor":22,"turns":7},{"damage":46,"enemies":"Book of Stabbing","floor":24,"turns":5}],"seed_played":"-197146346983291447","potions_obtained":[{"floor":1.0,"key":"FocusPotion"},{"floor":5.0,"key":"EssenceOfSteel"},{"floor":11.0,"key":"FearPotion"},{"floor":13.0,"key":"Weak Potion"},{"floor":18.0,"key":"Swift Potion"},{"floor":21.0,"key":"PowerPotion"}],"is_trial":false,"path_per_floor":["M","M","?","M","M","R","E","R","T","R","M","?","M","E","R","B",null,"M","?","M","?","M","R","E"],"character_chosen":"DEFECT","items_purchased":[],"campfire_rested":1,"item_purchase_floors":[],"current_hp_per_floor":[53,52,52,44,38,38,25,25,25,25,34,34,37,32,32,26,55,40,40,36,36,23,42,0],"gold":444,"neow_bonus":"RANDOM_COLORLESS","is_prod":false,"is_daily":false,"chose_seed":false,"campfire_upgraded":4,"win_rate":0,"timestamp":1558501844,"path_taken":["M","M","?","M","M","R","E","R","T","R","M","?","?","E","R","BOSS","M","?","M","?","M","R","E"],"build_version":"2019-01-23","purchased_purges":0,"victory":false,"max_hp_per_floor":[71,71,64,64,64,64,64,64,64,64,64,64,64,64,64,64,64,64,64,64,64,64,64,64],"card_choices":[{"not_picked":["Steam","Recycle"],"picked":"Streamline","floor":1.0},{"not_picked":["Gash","Tempest"],"picked":"Cold Snap","floor":2.0},{"not_picked":["Beam Cell","Hologram"],"picked":"Conserve Battery","floor":4.0},{"not_picked":["Stack","Beam Cell","Rip and Tear"],"picked":"SKIP","floor":5.0},{"not_picked":["Gash","Streamline","Turbo"],"picked":"SKIP","floor":7.0},{"not_picked":["Turbo","Ball Lightning"],"picked":"Machine Learning","floor":11.0},{"not_picked":["Gash","Conserve Battery"],"picked":"Compile Driver","floor":13.0},{"not_picked":["Lockon","Double Energy"],"picked":"FTL","floor":14.0},{"not_picked":["Hyperbeam","Electrodynamics"],"picked":"Echo Form","floor":16.0},{"not_picked":["Stack+1","Sunder"],"picked":"Reprogram","floor":18.0},{"not_picked":["Fusion","BootSequence"],"picked":"Hologram+1","floor":20.0},{"not_picked":["Heatsinks+1","Storm"],"picked":"Chill","floor":22}],"player_experience":735084,"relics_obtained":[{"floor":7.0,"key":"Tiny Chest"},{"floor":9.0,"key":"Meat on the Bone"},{"floor":14.0,"key":"Nunchaku"}],"event_choices":[{"damage_healed":0.0,"max_hp_gain":0.0,"max_hp_loss":7.0,"gold_gain":0.0,"event_name":"Golden Idol","player_choice":"Lose Max HP","floor":3.0,"gold_loss":0.0,"damage_taken":0.0,"relics_obtained":["Golden Idol"]},{"damage_healed":0.0,"max_hp_gain":0.0,"max_hp_loss":0.0,"gold_gain":0.0,"event_name":"Match and Keep!","player_choice":"1 cards matched","floor":12.0,"gold_loss":0.0,"damage_taken":0.0,"cards_obtained":["Conserve Battery"]},{"damage_healed":0.0,"max_hp_gain":0.0,"max_hp_loss":0.0,"gold_gain":0.0,"event_name":"The Mausoleum","player_choice":"Ignored","floor":19.0,"gold_loss":0.0,"damage_taken":0.0},{"damage_healed":0.0,"max_hp_gain":0.0,"max_hp_loss":0.0,"gold_gain":0.0,"event_name":"The Woman in Blue","player_choice":"Bought 1 Potion","floor":21.0,"gold_loss":0.0,"damage_taken":0.0}],"is_beta":false,"boss_relics":[{"not_picked":["FrozenCore","White Beast Statue"],"picked":"Inserter"}],"items_purged_floors":[],"is_endless":false,"potions_floor_spawned":[1,5,11,13,18],"killed_by":"Book of Stabbing","ascension_level":20}