{"gold_per_floor":[112,123,134,23,37,64,64,95,143,162,181,214,214,214,214,285,285,305,323,323,338,253,253,279,204,204,204,235,249,279,25,25,101,101,112,129,129,43,59,59,109,135,161,161,176,176,190,200,200,200,200],"floor_reached":52,"playtime":4897,"items_purged":[],"score":1899,"play_id":"ec2f33fb-fdca-4807-ba82-7d1baa1b4aa4","local_time":"20190511141418","is_ascension_mode":true,"campfire_choices":[{"data":"Uppercut","floor":7.0,"key":"SMITH"},{"floor":13.0,"key":"REST"},{"data":"Whirlwind","floor":15.0,"key":"SMITH"},{"floor":23.0,"key":"REST"},{"floor":27.0,"key":"REST"},{"floor":32.0,"key":"REST"},{"data":"Sentinel","floor":40,"key":"SMITH"},{"floor":44,"key":"REST"},{"data":"Heavy Blade","floor":49,"key":"SMITH"}],"neow_cost":"NONE","seed_source_timestamp":587124730750128,"circlet_count":0,"master_deck":["AscendersBane","Strike_R","Strike_R+1","Strike_R","Strike_R","Defend_R","Defend_R","Defend_R","Defend_R","Bash","Whirlwind+1","Spot Weakness","Uppercut+1","Reckless Charge","True Grit","Disarm","Shrug It Off","Anger","Battle Trance","Pommel Strike+1","Limit Break","Heavy Blade+1","Flame Barrier","Twin Strike+1","Reaper+1","Pommel Strike+1","Clothesline+1","Corruption","Fiend Fire+1","Barricade","Shockwave+1","Bludgeon+1","Entrench","Headbutt+1","Rampage+1","True Grit+1","Warcry+1","Sentinel+1","Shrug It Off","Hemokinesis+1","True Grit","Demon Form"],"special_seed":0,"relics":["Burning Blood","Happy Flower","Smiling Mask","Singing Bowl","Bag of Preparation","Orichalcum","Snecko Eye","Molten Egg 2","Gremlin Horn","Letter Opener","Potion Belt","Calipers","Orrery","Whetstone","PreservedInsect","Bag of Marbles"],"potions_floor_usage":[51,51],"damage_taken":[{"damage":1.0,"enemies":"Cultist","floor":1.0,"turns":4.0},{"damage":8.0,"enemies":"Small Slimes","floor":2.0,"turns":5.0},{"damage":19.0,"enemies":"Jaw Worm","floor":3.0,"turns":4.0},{"damage":9.0,"enemies":"3 Louse","floor":5.0,"turns":2.0},{"damage":30.0,"enemies":"Lagavulin","floor":6.0,"turns":5.0},{"damage":23.0,"enemies":"3 Sentries","floor":8.0,"turns":6.0},{"damage":0.0,"enemies":"2 Fungi Beasts","floor":10.0,"turns":3.0},{"damage":10.0,"enemies":"Exordium Wildlife","floor":11.0,"turns":4.0},{"damage":36.0,"enemies":"Gremlin Nob","floor":12.0,"turns":4.0},{"damage":9.0,"enemies":"Hexaghost","floor":16.0,"turns":9.0},{"damage":0.0,"enemies":"3 Byrds","floor":18.0,"turns":3.0},{"damage":15.0,"enemies":"Spheric Guardian","floor":19.0,"turns":4.0},{"damage":34.0,"enemies":"Shelled Parasite and Fungi","floor":21.0,"turns":8.0},{"damage":35.0,"enemies":"Book of Stabbing","floor":24.0,"turns":6.0},{"damage":8.0,"enemies":"Slavers","floor":28.0,"turns":3.0},{"damage":10.0,"enemies":"Snecko","floor":29.0,"turns":6.0},{"damage":23.0,"enemies":"Book of Stabbing","floor":30.0,"turns":6.0},{"damage":51.0,"enemies":"Collector","floor":33.0,"turns":7.0},{"damage":22,"enemies":"3 Darklings","floor":35,"turns":4},{"damage":9,"enemies":"Orb Walker","floor":36,"turns":3},{"damage":3,"enemies":"Maw","floor":39,"turns":9},{"damage":14,"enemies":"Giant Head","floor":42,"turns":6},{"damage":43,"enemies":"Sphere and 2 Shapes","floor":45,"turns":4},{"damage":21,"enemies":"Jaw Worm Horde","floor":47,"turns":5},{"damage":4,"enemies":"3 Darklings","floor":48,"turns":3},{"damage":45,"enemies":"Time Eater","floor":50,"turns":9},{"damage":45,"enemies":"Awakened One","floor":51,"turns":8}],"seed_played":"-314156212855695671","potions_obtained":[{"floor":2.0,"key":"Dexterity Potion"},{"floor":3.0,"key":"FearPotion"},{"floor":8.0,"key":"Fruit Juice"},{"floor":10.0,"key":"EntropicBrew"},{"floor":16.0,"key":"Strength Potion"},{"floor":21.0,"key":"Weak Potion"},{"floor":24.0,"key":"GamblersBrew"},{"floor":28.0,"key":"FairyPotion"},{"floor":39,"key":"Dexterity Potion"},{"floor":45,"key":"SpeedPotion"},{"floor":47,"key":"FearPotion"}],"is_trial":false,"path_per_floor":["M","M","M","$","M","E","R","E","T","M","M","E","R","?","R","B",null,"M","M","?","M","?","R","E","?","T","R","E","M","E","$","R","B",null,"M","M","?","$","M","R","T","E","T","R","M","?","M","M","R","B","B",null],"character_chosen":"IRONCLAD","items_purchased":["Uppercut","Reckless Charge","Corruption","Fiend Fire+1","Sentinel"],"campfire_rested":5,"item_purchase_floors":[4,4,31,31,38],"current_hp_per_floor":[73,71,58,58,55,31,31,14,19,25,21,14,38,38,38,35,69,75,68,44,16,16,42,13,13,13,39,37,38,28,28,54,16,69,53,50,50,50,56,56,56,48,48,72,51,83,82,85,85,83,77],"gold":200,"neow_bonus":"RANDOM_COMMON_RELIC","is_prod":false,"is_daily":false,"chose_seed":false,"campfire_upgraded":4,"win_rate":0,"timestamp":1557598458,"path_taken":["M","M","?","$","M","E","R","E","T","?","M","E","R","?","R","BOSS","M","M","?","M","?","R","E","?","T","R","E","?","E","$","R","BOSS","M","M","?","$","M","R","?","E","T","R","M","?","?","M","R","BOSS","BOSS"],"build_version":"2019-01-23","purchased_purges":0,"victory":true,"max_hp_per_floor":[75,75,75,75,75,75,75,75,80,80,80,80,80,80,80,80,80,80,82,87,87,87,87,87,87,87,87,87,87,87,87,87,87,87,87,87,83,83,83,83,83,83,83,83,83,83,83,85,85,85,85],"card_choices":[{"not_picked":["True Grit","Cleave"],"picked":"Whirlwind","floor":1.0},{"not_picked":["Havoc","Flex","Sever Soul"],"picked":"SKIP","floor":2.0},{"not_picked":["True Grit","Warcry"],"picked":"Spot Weakness","floor":3.0},{"not_picked":["Fire Breathing","Perfected Strike"],"picked":"True Grit","floor":5.0},{"not_picked":["Fire Breathing","Infernal Blade"],"picked":"Disarm","floor":6.0},{"not_picked":["Flame Barrier","Sever Soul"],"picked":"Shrug It Off","floor":8.0},{"not_picked":["Wild Strike","Pommel Strike"],"picked":"Anger","floor":10.0},{"not_picked":["Uppercut","Barricade"],"picked":"Battle Trance","floor":11.0},{"not_picked":["Sword Boomerang","Fire Breathing"],"picked":"Pommel Strike","floor":12.0},{"not_picked":["Double Tap","Feed"],"picked":"Limit Break","floor":16.0},{"not_picked":["Cleave","Iron Wave"],"picked":"Heavy Blade","floor":18.0},{"not_picked":["Body Slam","Evolve","Sword Boomerang"],"picked":"Singing Bowl","floor":19.0},{"not_picked":["Twin Strike","Sword Boomerang+1"],"picked":"Flame Barrier","floor":21.0},{"not_picked":["Combust","Cleave+1"],"picked":"Twin Strike+1","floor":24.0},{"not_picked":["Anger+1","Shrug It Off"],"picked":"Reaper+1","floor":28.0},{"not_picked":["Evolve","Battle Trance"],"picked":"Pommel Strike+1","floor":29.0},{"not_picked":["Armaments","Feel No Pain"],"picked":"Clothesline+1","floor":30.0},{"not_picked":["Double Tap","Fiend Fire+1"],"picked":"Barricade","floor":33.0},{"not_picked":["Clothesline+1","Anger+1"],"picked":"Shockwave+1","floor":34.0},{"not_picked":["Clothesline+1","Inflame"],"picked":"Bludgeon+1","floor":34.0},{"not_picked":["Armaments","Twin Strike+1"],"picked":"Entrench","floor":34.0},{"not_picked":["Evolve","Rage"],"picked":"Headbutt+1","floor":34.0},{"not_picked":["Dual Wield","Thunderclap+1"],"picked":"Rampage+1","floor":34.0},{"not_picked":["Uppercut+1","Clothesline+1"],"picked":"True Grit+1","floor":35},{"not_picked":["Reckless Charge+1","Corruption"],"picked":"Warcry+1","floor":36},{"not_picked":["Feel No Pain","Flex"],"picked":"Shrug It Off","floor":39},{"not_picked":["Second Wind","Body Slam+1"],"picked":"Hemokinesis+1","floor":42},{"not_picked":["Thunderclap+1","Anger+1"],"picked":"True Grit","floor":45},{"not_picked":["Perfected Strike+1","Thunderclap+1"],"picked":"Demon Form","floor":47},{"not_picked":["Anger+1","Twin Strike+1","True Grit"],"picked":"Singing Bowl","floor":48}],"player_experience":523284,"relics_obtained":[{"floor":6.0,"key":"Smiling Mask"},{"floor":8.0,"key":"Singing Bowl"},{"floor":9.0,"key":"Bag of Preparation"},{"floor":12.0,"key":"Orichalcum"},{"floor":24.0,"key":"Gremlin Horn"},{"floor":26.0,"key":"Letter Opener"},{"floor":28.0,"key":"Potion Belt"},{"floor":30.0,"key":"Calipers"},{"floor":41,"key":"Whetstone"},{"floor":42,"key":"PreservedInsect"},{"floor":43,"key":"Bag of Marbles"}],"event_choices":[{"damage_healed":0.0,"max_hp_gain":0.0,"max_hp_loss":0.0,"gold_gain":0.0,"event_name":"Dead Adventurer","player_choice":"Searched \u00271\u0027 times","floor":14.0,"gold_loss":0.0,"damage_taken":0.0},{"damage_healed":0.0,"max_hp_gain":5.0,"max_hp_loss":0.0,"gold_gain":0.0,"event_name":"Forgotten Altar","player_choice":"Shed Blood","floor":20.0,"gold_loss":0.0,"damage_taken":29.0},{"damage_healed":0.0,"max_hp_gain":0.0,"max_hp_loss":0.0,"gold_gain":0.0,"event_name":"Addict","player_choice":"Obtained Relic","floor":22.0,"gold_loss":85.0,"damage_taken":0.0,"relics_obtained":["Molten Egg 2"]},{"cards_removed":["Strike_R"],"damage_healed":0.0,"max_hp_gain":0.0,"max_hp_loss":0.0,"gold_gain":0.0,"event_name":"Beggar","player_choice":"Gave Gold","floor":25.0,"gold_loss":75.0,"damage_taken":0.0},{"damage_healed":0,"gold_gain":0,"player_choice":"Max HP","damage_taken":0,"max_hp_gain":0,"max_hp_loss":4,"event_name":"Winding Halls","floor":37,"gold_loss":0},{"damage_healed":32,"gold_gain":0,"player_choice":"Full Heal","damage_taken":0,"max_hp_gain":0,"max_hp_loss":0,"event_name":"Wheel of Change","floor":46,"gold_loss":0}],"is_beta":false,"boss_relics":[{"not_picked":["Empty Cage","Runic Cube"],"picked":"Snecko Eye"},{"not_picked":["Sozu","Astrolabe"],"picked":"Orrery"}],"items_purged_floors":[],"is_endless":false,"potions_floor_spawned":[2,3,8,10,16,21,24,28,39,45,47],"ascension_level":20}