{"path_per_floor":["M","M","?","?","M","E","?","R","T","M","?","R","$","M","R","B",null,"M","M","M","?","?"],"character_chosen":"IRONCLAD","items_purchased":[],"gold_per_floor":[112,123,123,123,146,185,185,185,185,198,198,198,123,141,141,272,272,297,318,336,336,261],"floor_reached":23,"campfire_rested":1,"playtime":2010,"current_hp_per_floor":[80,80,60,60,66,62,55,55,55,61,61,80,80,80,80,32,80,61,38,12,12,12],"items_purged":["Strike_R"],"gold":261,"play_id":"2fc5c46d-b9e3-48ce-bed8-9dea1a126590","is_prod":false,"is_daily":false,"is_ascension_mode":false,"campfire_upgraded":2,"path_taken":["M","M","?","?","M","E","?","R","T","M","?","R","?","M","R","BOSS","M","M","M","?","?","E"],"build_version":"2018-02-01-PROD3","purchased_purges":1,"victory":false,"master_deck":["Strike_R","Strike_R","Defend_R","Defend_R","Defend_R","Defend_R","Bash","Pommel Strike+1","Armaments+1","Pommel Strike","Shrug It Off","Warcry","Thunderclap+1","Cleave"],"max_hp_per_floor":[80,80,80,80,80,80,80,80,80,80,80,80,80,80,80,80,80,80,80,80,80,80],"relics":["Burning Blood","Golden Idol","Happy Flower","Juzu Bracelet","Black Star"],"card_choices":[{"not_picked":["Corruption","Sever Soul"],"picked":"Pommel Strike"},{"not_picked":["Bloodletting","Body Slam"],"picked":"Armaments"},{"not_picked":["Twin Strike","Perfected Strike"],"picked":"Pommel Strike"},{"not_picked":["Cleave","Heavy Blade"],"picked":"Shrug It Off"},{"not_picked":["Dropkick","Anger"],"picked":"Warcry"},{"not_picked":["Double Tap","Demon Form"],"picked":"Dark Embrace"},{"not_picked":["Clash","Hemokinesis"],"picked":"Thunderclap"},{"not_picked":["Clash","Perfected Strike"],"picked":"Cleave"}],"player_experience":17421,"potions_floor_usage":[6,18,20,20,20],"damage_taken":[{"damage":3,"enemies":"Jaw Worm","floor":1,"turns":4},{"damage":6,"enemies":"Blue Slaver","floor":2,"turns":7},{"damage":0,"enemies":"Small Slimes","floor":5,"turns":5},{"damage":25,"enemies":"3 Sentries","floor":6,"turns":11},{"damage":0,"enemies":"Looter","floor":10,"turns":4},{"damage":4,"enemies":"3 Louse","floor":14,"turns":4},{"damage":54,"enemies":"Hexaghost","floor":16,"turns":15},{"damage":25,"enemies":"Spheric Guardian","floor":18,"turns":11},{"damage":29,"enemies":"Chosen","floor":19,"turns":8},{"damage":32,"enemies":"Snake Plant","floor":20,"turns":6},{"damage":22,"enemies":"Slavers","floor":23,"turns":1}],"event_choices":[{"event_name":"Golden Idol","player_choice":"Take Damage","floor":3,"damage_taken":0},{"event_name":"The Lab","player_choice":"Got Potions","floor":4,"damage_taken":0},{"event_name":"Golden Wing","player_choice":"Card Removal","floor":7,"damage_taken":0},{"event_name":"Scrap Ooze","player_choice":"unsuccessful","floor":11,"damage_taken":0},{"event_name":"Accursed Blacksmith","player_choice":"Ignore","floor":21,"damage_taken":0},{"event_name":"Beggar","player_choice":"Gave Gold","floor":22,"damage_taken":0}],"boss_relics":[{"not_picked":["Runic Dome","Velvet Choker"],"picked":"Black Star"}],"potions_floor_spawned":[1,2,5,16,18],"seed_played":"2221265570393135512","killed_by":"Slavers","ascension_level":0,"is_trial":false}