{"gold_per_floor":[119,131,146,160,7,7,37,47,47,61,136,136,169,189,189,266,266,280,299,318,318,167,180,180,215,215,130,130,143,174,188,188,259,259,271,271,288,288,305,305,332,432,432,481,481,493,89,104,104,104],"floor_reached":51,"playtime":4902,"items_purged":["Strike_G","Writhe"],"score":1377,"play_id":"1b34a0c1-9c5d-4fff-86b3-e33bf20b47ba","local_time":"20190505192332","is_ascension_mode":true,"campfire_choices":[{"data":"Well Laid Plans","floor":6,"key":"SMITH"},{"floor":12,"key":"REST"},{"data":"Neutralize","floor":15,"key":"SMITH"},{"floor":24,"key":"REST"},{"data":"After Image","floor":28,"key":"SMITH"},{"floor":32,"key":"REST"},{"floor":40,"key":"REST"},{"data":"Strike_G","floor":45,"key":"PURGE"},{"floor":49,"key":"REST"}],"neow_cost":"NONE","seed_source_timestamp":87551226917169,"circlet_count":0,"master_deck":["AscendersBane","Defend_G","Defend_G+1","Defend_G","Defend_G+1","Survivor","Neutralize+1","Well Laid Plans+1","Slice","Noxious Fumes","Poisoned Stab","Leg Sweep","Flying Knee","Deadly Poison","Bane","Dash","Dagger Spray","After Image+1","After Image+1","Crippling Poison+1","Sucker Punch+1","All Out Attack+1","Caltrops","Cloak And Dagger","PiercingWail","Envenom","Cloak And Dagger+1","Backflip","Accuracy","Die Die Die","Blur","Dark Shackles","PiercingWail","Backflip","Heel Hook+1","Slice+1","Footwork","Flying Knee+1","Slice+1","Jack Of All Trades","Backstab+1"],"relics":["Ring of the Snake","Nunchaku","Ancient Tea Set","War Paint","Astrolabe","Paper Crane","Snake Skull","Mummified Hand","Dodecahedron","Darkstone Periapt","Fusion Hammer","Gambling Chip","Du-Vu Doll","Molten Egg 2","Peace Pipe","Happy Flower"],"potions_floor_usage":[7,8,13,16,20,44,50,50],"damage_taken":[{"damage":4,"enemies":"Small Slimes","floor":1,"turns":5},{"damage":2,"enemies":"2 Louse","floor":2,"turns":3},{"damage":1,"enemies":"Jaw Worm","floor":3,"turns":4},{"damage":5,"enemies":"Large Slime","floor":4,"turns":8},{"damage":19,"enemies":"Gremlin Nob","floor":7,"turns":5},{"damage":4,"enemies":"Blue Slaver","floor":8,"turns":4},{"damage":1,"enemies":"3 Louse","floor":10,"turns":4},{"damage":6,"enemies":"3 Sentries","floor":13,"turns":9},{"damage":0,"enemies":"2 Fungi Beasts","floor":14,"turns":4},{"damage":42,"enemies":"Slime Boss","floor":16,"turns":12},{"damage":16,"enemies":"Shell Parasite","floor":18,"turns":8},{"damage":2,"enemies":"Spheric Guardian","floor":19,"turns":7},{"damage":10,"enemies":"Chosen and Byrds","floor":20,"turns":6},{"damage":11,"enemies":"Centurion and Healer","floor":23,"turns":10},{"damage":1,"enemies":"Gremlin Leader","floor":25,"turns":8},{"damage":0,"enemies":"Cultist and Chosen","floor":29,"turns":6},{"damage":0,"enemies":"Book of Stabbing","floor":30,"turns":7},{"damage":6,"enemies":"Snake Plant","floor":31,"turns":4},{"damage":14,"enemies":"Collector","floor":33,"turns":9},{"damage":1,"enemies":"Orb Walker","floor":35,"turns":4},{"damage":6,"enemies":"3 Shapes","floor":37,"turns":5},{"damage":9,"enemies":"Transient","floor":39,"turns":6},{"damage":0,"enemies":"Giant Head","floor":41,"turns":9},{"damage":0,"enemies":"Mind Bloom Boss Battle","floor":42,"turns":7},{"damage":8,"enemies":"2 Orb Walkers","floor":44,"turns":4},{"damage":9,"enemies":"Spire Growth","floor":46,"turns":7},{"damage":26,"enemies":"4 Shapes","floor":48,"turns":6},{"damage":28,"enemies":"Donu and Deca","floor":50,"turns":10}],"seed_played":"7082711427240064346","potions_obtained":[{"floor":1,"key":"Explosive Potion"},{"floor":7,"key":"SkillPotion"},{"floor":10,"key":"Regen Potion"},{"floor":14,"key":"Poison Potion"},{"floor":16,"key":"AttackPotion"},{"floor":19,"key":"SpeedPotion"},{"floor":20,"key":"EssenceOfSteel"},{"floor":39,"key":"PowerPotion"},{"floor":46,"key":"Strength Potion"}],"is_trial":false,"path_per_floor":["M","M","M","M","$","R","E","M","T","M","?","R","E","M","R","B",null,"M","M","M","?","$","M","R","E","T","?","R","M","E","M","R","B",null,"M","?","M","?","M","R","E","?","T","?","R","M","$","M","R","B",null],"character_chosen":"THE_SILENT","items_purchased":["Leg Sweep","PiercingWail","Footwork","Happy Flower","Flying Knee+1","Slice+1","Jack Of All Trades"],"campfire_rested":5,"item_purchase_floors":[5,22,47,47,47,47,47],"current_hp_per_floor":[61,59,58,53,53,53,34,30,30,29,18,39,48,48,48,6,56,40,38,28,28,28,17,38,37,37,37,37,37,37,31,52,38,64,63,63,57,57,48,69,69,69,69,61,61,52,52,26,47,19],"gold":104,"neow_bonus":"TEN_PERCENT_HP_BONUS","is_prod":false,"is_daily":false,"chose_seed":false,"campfire_upgraded":3,"win_rate":0,"timestamp":1557098612,"path_taken":["M","M","M","M","$","R","E","M","T","M","?","R","E","M","R","BOSS","M","M","M","?","$","M","R","E","T","?","R","M","E","?","R","BOSS","M","?","M","?","M","R","E","?","T","?","R","M","$","M","R","BOSS"],"build_version":"2019-01-23","purchased_purges":2,"victory":true,"max_hp_per_floor":[72,72,72,72,72,72,72,72,72,72,72,72,72,72,72,72,72,72,72,72,72,72,72,72,72,72,72,72,72,72,72,72,72,72,72,72,72,72,72,72,72,72,72,72,72,72,72,72,72,72],"card_choices":[{"not_picked":["Bouncing Flask","Quick Slash"],"picked":"Well Laid Plans","floor":1},{"not_picked":["Outmaneuver","Underhanded Strike"],"picked":"Slice","floor":2},{"not_picked":["Heel Hook","Escape Plan"],"picked":"Noxious Fumes","floor":3},{"not_picked":["Outmaneuver","Quick Slash"],"picked":"Poisoned Stab","floor":4},{"not_picked":["Blade Dance","Prepared"],"picked":"Flying Knee","floor":7},{"not_picked":["Prepared","Calculated Gamble"],"picked":"Deadly Poison","floor":8},{"not_picked":["Dodge and Roll","Backflip"],"picked":"Bane","floor":10},{"not_picked":["Deflect","Eviscerate"],"picked":"Dash","floor":13},{"not_picked":["Slice","Prepared"],"picked":"Dagger Spray","floor":14},{"not_picked":["Night Terror","A Thousand Cuts"],"picked":"After Image","floor":16},{"not_picked":["Dodge and Roll","Sucker Punch+1"],"picked":"All Out Attack+1","floor":18},{"not_picked":["All Out Attack","Dagger Spray"],"picked":"Caltrops","floor":19},{"not_picked":["Sucker Punch","Tactician"],"picked":"Cloak And Dagger","floor":20},{"not_picked":["Prepared","PiercingWail"],"picked":"Envenom","floor":23},{"not_picked":["Skewer","Bane"],"picked":"Cloak And Dagger+1","floor":25},{"not_picked":["Quick Slash","Bane"],"picked":"Backflip","floor":29},{"not_picked":["Bane","Prepared","Deadly Poison"],"picked":"SKIP","floor":30},{"not_picked":["Expertise","Bouncing Flask"],"picked":"Accuracy","floor":31},{"not_picked":["Grand Finale","Doppelganger"],"picked":"Die Die Die","floor":33},{"not_picked":["Bane","Dash","Dagger Throw"],"picked":"SKIP","floor":35},{"not_picked":["Skewer","Riddle With Holes"],"picked":"Blur","floor":37},{"not_picked":["Violence","Mind Blast"],"picked":"Dark Shackles","floor":38},{"not_picked":["Poisoned Stab","Flechettes"],"picked":"PiercingWail","floor":39},{"not_picked":["Expertise","PiercingWail"],"picked":"Backflip","floor":41},{"not_picked":["Backflip","Dodge and Roll"],"picked":"Heel Hook+1","floor":44},{"not_picked":["Deflect","Quick Slash+1"],"picked":"Slice+1","floor":46},{"not_picked":["Flying Knee+1","Prepared"],"picked":"Backstab+1","floor":48}],"player_experience":343311,"relics_obtained":[{"floor":7,"key":"Nunchaku"},{"floor":9,"key":"Ancient Tea Set"},{"floor":13,"key":"War Paint"},{"floor":25,"key":"Snake Skull"},{"floor":26,"key":"Mummified Hand"},{"floor":30,"key":"Darkstone Periapt"},{"floor":41,"key":"Gambling Chip"},{"floor":42,"key":"Du-Vu Doll"},{"floor":43,"key":"Molten Egg 2"},{"floor":44,"key":"Peace Pipe"}],"event_choices":[{"damage_healed":0,"gold_gain":75,"player_choice":"Gather Gold","damage_taken":11,"max_hp_gain":0,"max_hp_loss":0,"event_name":"World of Goop","floor":11,"gold_loss":0},{"damage_healed":0,"gold_gain":0,"player_choice":"Opened","damage_taken":0,"relics_obtained":["Paper Crane"],"max_hp_gain":0,"max_hp_loss":0,"event_name":"The Mausoleum","floor":21,"gold_loss":0,"cards_obtained":["Writhe"]},{"damage_healed":0,"gold_gain":0,"player_choice":"Obtained Relic","damage_taken":0,"relics_obtained":["Dodecahedron"],"max_hp_gain":0,"max_hp_loss":0,"event_name":"Addict","floor":27,"gold_loss":85},{"cards_removed":["Defend_G"],"damage_healed":0,"gold_gain":0,"player_choice":"Removed Skill","damage_taken":0,"max_hp_gain":0,"max_hp_loss":0,"event_name":"Falling","floor":36,"gold_loss":0},{"damage_healed":0,"gold_gain":0,"player_choice":"Memory 1","damage_taken":0,"max_hp_gain":0,"max_hp_loss":0,"event_name":"SensoryStone","floor":38,"gold_loss":0},{"damage_healed":0,"gold_gain":0,"player_choice":"Fight","damage_taken":0,"max_hp_gain":0,"max_hp_loss":0,"event_name":"MindBloom","floor":42,"gold_loss":0},{"damage_healed":0,"gold_gain":0,"player_choice":"Fight","damage_taken":0,"max_hp_gain":0,"max_hp_loss":0,"event_name":"Mysterious Sphere","floor":44,"gold_loss":0}],"is_beta":false,"boss_relics":[{"not_picked":["Black Star","Busted Crown"],"picked":"Astrolabe"},{"not_picked":["Eternal Feather","Philosopher\u0027s Stone"],"picked":"Fusion Hammer"}],"items_purged_floors":[5,22],"is_endless":false,"potions_floor_spawned":[1,7,10,14,16,19,20,31,33,37,39,46,48],"ascension_level":17}