{"gold_per_floor":[112,63,63,63,138,138,154,189,189,31,43,59,59,75,75,150,150,165,139,28,78,78],"floor_reached":22,"playtime":843,"items_purged":["Rip and Tear+1"],"score":410,"play_id":"49ee39a4-2e86-4c6e-ad58-50cb7dd82ac1","local_time":"20190525184958","is_ascension_mode":true,"campfire_choices":[{"data":"Sweeping Beam","floor":6,"key":"SMITH"},{"floor":13,"key":"REST"},{"data":"Defragment","floor":15,"key":"SMITH"}],"neow_cost":"NONE","seed_source_timestamp":497072019480552,"circlet_count":0,"master_deck":["AscendersBane","Defend_B","Defend_B+1","Defend_B","Defend_B","Dualcast","Cold Snap","Sweeping Beam+1","Capacitor","Self Repair","Doom and Gloom","Defragment+1","Multi-Cast","Glacier","Blizzard+1","Reinforced Body+1","Steam","Static Discharge"],"relics":["Cracked Core","Singing Bowl","Astrolabe"],"potions_floor_usage":[22],"damage_taken":[{"damage":2,"enemies":"Jaw Worm","floor":1,"turns":4},{"damage":0,"enemies":"2 Louse","floor":7,"turns":2},{"damage":27,"enemies":"Lagavulin","floor":8,"turns":10},{"damage":0,"enemies":"Small Slimes","floor":11,"turns":3},{"damage":11,"enemies":"Blue Slaver","floor":12,"turns":4},{"damage":10,"enemies":"Red Slaver","floor":14,"turns":3},{"damage":0,"enemies":"Hexaghost","floor":16,"turns":11},{"damage":0,"enemies":"Shell Parasite","floor":18,"turns":7},{"damage":31,"enemies":"2 Thieves","floor":19,"turns":5},{"damage":56,"enemies":"Masked Bandits","floor":22,"turns":4}],"seed_played":"-7293040661831449202","potions_obtained":[{"floor":8,"key":"FairyPotion"},{"floor":11,"key":"SpeedPotion"}],"is_trial":false,"path_per_floor":["M","$","?","?","?","R","M","E","T","$","M","M","R","M","R","B",null,"M","M","$","?","?"],"character_chosen":"DEFECT","items_purchased":["Sweeping Beam","Self Repair","Doom and Gloom","Static Discharge"],"campfire_rested":1,"item_purchase_floors":[2,10,10,20],"current_hp_per_floor":[62,62,41,41,30,30,30,5,5,5,12,8,29,26,26,35,65,74,43,43,43,0],"gold":78,"neow_bonus":"REMOVE_CARD","is_prod":false,"is_daily":false,"chose_seed":false,"campfire_upgraded":2,"win_rate":0,"timestamp":1558824598,"path_taken":["M","$","?","?","?","R","M","E","T","$","M","M","R","M","R","BOSS","M","M","$","?","?"],"build_version":"2019-01-23","purchased_purges":1,"victory":false,"max_hp_per_floor":[71,71,71,71,71,71,71,73,73,73,73,73,73,73,73,75,75,77,77,77,77,77],"card_choices":[{"not_picked":["Streamline","Coolheaded"],"picked":"Cold Snap","floor":1},{"not_picked":["BootSequence","Beam Cell"],"picked":"Capacitor","floor":7},{"not_picked":["Stack","Fusion","Blizzard"],"picked":"Singing Bowl","floor":8},{"not_picked":["Rebound","Stack"],"picked":"Defragment","floor":11},{"not_picked":["Steam","Barrage"],"picked":"Multi-Cast","floor":12},{"not_picked":["Leap","Self Repair"],"picked":"Glacier","floor":14},{"not_picked":["Meteor Strike","Reboot","Amplify"],"picked":"Singing Bowl","floor":16},{"not_picked":["Cold Snap+1","Compile Driver","Turbo"],"picked":"Singing Bowl","floor":18},{"not_picked":["Streamline","Sweeping Beam"],"picked":"Steam","floor":19}],"player_experience":1338674,"relics_obtained":[{"floor":8,"key":"Singing Bowl"}],"event_choices":[{"damage_healed":0,"gold_gain":0,"player_choice":"Entered Light","damage_taken":21,"max_hp_gain":0,"max_hp_loss":0,"event_name":"Shining Light","floor":3,"gold_loss":0,"cards_upgraded":["Strike_B","Defend_B"]},{"cards_removed":["Strike_B"],"damage_healed":0,"gold_gain":0,"player_choice":"Forget","damage_taken":0,"max_hp_gain":0,"max_hp_loss":0,"event_name":"Living Wall","floor":4,"gold_loss":0},{"damage_healed":0,"gold_gain":75,"player_choice":"Gather Gold","damage_taken":11,"max_hp_gain":0,"max_hp_loss":0,"event_name":"World of Goop","floor":5,"gold_loss":0},{"damage_healed":0,"gold_gain":50,"player_choice":"Stole From Cult","damage_taken":0,"max_hp_gain":0,"max_hp_loss":0,"event_name":"Nest","floor":21,"gold_loss":0},{"damage_healed":0,"gold_gain":0,"player_choice":"Fought Bandits","damage_taken":0,"max_hp_gain":0,"max_hp_loss":0,"event_name":"Masked Bandits","floor":22,"gold_loss":0}],"is_beta":false,"boss_relics":[{"not_picked":["Snecko Eye","Pandora\u0027s Box"],"picked":"Astrolabe"}],"items_purged_floors":[20],"is_endless":false,"potions_floor_spawned":[8,11,14,18],"killed_by":"Masked Bandits","ascension_level":15}