{"gold_per_floor":[117,117,129,148,148,192,192,181,227,34,34,50,74,6,6,134,134,152,152,172,26,45,45],"floor_reached":23,"playtime":716,"items_purged":["Pain"],"score":309,"play_id":"edd541c8-2f2d-4834-9526-e4aa68ef79db","local_time":"20190522065901","is_ascension_mode":true,"campfire_choices":[{"floor":7,"key":"REST"},{"floor":11,"key":"REST"},{"floor":15,"key":"REST"}],"neow_cost":"NONE","seed_source_timestamp":48094363082351,"circlet_count":0,"master_deck":["AscendersBane","Strike_B","Strike_B","Strike_B","Strike_B","Defend_B","Defend_B","Defend_B","Defend_B","Zap","Dualcast","Sweeping Beam","Static Discharge","Genetic Algorithm","Melter","Conserve Battery","Coolheaded","Defragment","Meteor Strike","Steam","BootSequence","Sunder","Biased Cognition"],"relics":["Cracked Core","NeowsBlessing","WarpedTongs","Golden Idol","Ornamental Fan","Anchor","ClockworkSouvenir","Cursed Key"],"potions_floor_usage":[16,16,23],"damage_taken":[{"damage":0,"enemies":"2 Louse","floor":1,"turns":1},{"damage":1,"enemies":"Cultist","floor":3,"turns":1},{"damage":1,"enemies":"Jaw Worm","floor":4,"turns":1},{"damage":31,"enemies":"Gremlin Nob","floor":6,"turns":4},{"damage":27,"enemies":"Exordium Thugs","floor":8,"turns":4},{"damage":0,"enemies":"Exordium Wildlife","floor":12,"turns":2},{"damage":9,"enemies":"Lots of Slimes","floor":13,"turns":4},{"damage":16,"enemies":"Slime Boss","floor":16,"turns":7},{"damage":21,"enemies":"2 Thieves","floor":18,"turns":4},{"damage":27,"enemies":"Chosen","floor":20,"turns":6},{"damage":3,"enemies":"Centurion and Healer","floor":22,"turns":7},{"damage":14,"enemies":"Gremlin Leader","floor":23,"turns":5}],"seed_played":"423340478994277017","potions_obtained":[{"floor":6,"key":"PowerPotion"},{"floor":8,"key":"Strength Potion"},{"floor":18,"key":"Dexterity Potion"}],"is_trial":false,"path_per_floor":["M","?","M","M","?","E","R","M","T","$","R","M","M","$","R","B",null,"M","$","M","$","M","E"],"character_chosen":"DEFECT","items_purchased":["ClockworkSouvenir","Defragment","Sunder"],"campfire_rested":3,"item_purchase_floors":[10,14,21],"current_hp_per_floor":[68,68,67,66,48,17,39,12,12,12,34,34,25,25,47,31,64,43,43,16,16,13,0],"gold":45,"neow_bonus":"THREE_ENEMY_KILL","is_prod":false,"is_daily":false,"chose_seed":false,"campfire_upgraded":0,"win_rate":0,"timestamp":1558501141,"path_taken":["M","?","M","?","?","E","R","M","T","?","R","M","?","$","R","BOSS","M","$","M","$","M","E"],"build_version":"2019-01-23","purchased_purges":1,"victory":false,"max_hp_per_floor":[75,75,75,75,75,75,75,75,75,75,75,75,75,75,75,75,75,75,75,75,75,75,75],"card_choices":[{"not_picked":["Rebound","Redo"],"picked":"Sweeping Beam","floor":1},{"not_picked":["Compile Driver","Aggregate"],"picked":"Static Discharge","floor":3},{"not_picked":["Turbo","Barrage","Rebound"],"picked":"SKIP","floor":4},{"not_picked":["Steam","Cold Snap"],"picked":"Genetic Algorithm","floor":6},{"not_picked":["Multi-Cast","Heatsinks"],"picked":"Melter","floor":8},{"not_picked":["Leap","Tempest"],"picked":"Conserve Battery","floor":12},{"not_picked":["Undo","Rip and Tear"],"picked":"Coolheaded","floor":13},{"not_picked":["Thunder Strike","Machine Learning"],"picked":"Meteor Strike","floor":16},{"not_picked":["Ball Lightning","Rebound"],"picked":"Steam","floor":18},{"not_picked":["Blizzard","Steam"],"picked":"BootSequence","floor":20},{"not_picked":["Rebound","Steam"],"picked":"Biased Cognition","floor":22}],"player_experience":655730,"relics_obtained":[{"floor":6,"key":"Ornamental Fan"},{"floor":9,"key":"Anchor"}],"event_choices":[{"damage_healed":0,"gold_gain":0,"player_choice":"Rummage","damage_taken":0,"relics_obtained":["WarpedTongs"],"max_hp_gain":0,"max_hp_loss":0,"event_name":"Accursed Blacksmith","floor":2,"gold_loss":0,"cards_obtained":["Pain"]},{"damage_healed":0,"gold_gain":0,"player_choice":"Take Damage","damage_taken":18,"relics_obtained":["Golden Idol"],"max_hp_gain":0,"max_hp_loss":0,"event_name":"Golden Idol","floor":5,"gold_loss":0}],"is_beta":false,"boss_relics":[{"not_picked":["Velvet Choker","Black Star"],"picked":"Cursed Key"}],"items_purged_floors":[21],"is_endless":false,"potions_floor_spawned":[6,8,13,18],"killed_by":"Gremlin Leader","ascension_level":12}