{"gold_per_floor":[114,130,205,221,221,221,249,249,301,301],"floor_reached":10,"playtime":413,"items_purged":[],"score":132,"play_id":"c193a3f9-b95d-4c5d-9739-b21286327e5f","local_time":"20190515143805","is_ascension_mode":true,"campfire_choices":[{"floor":6.0,"key":"REST"},{"data":"Zap","floor":8.0,"key":"SMITH"}],"neow_cost":"NONE","seed_source_timestamp":86799538870763,"circlet_count":0,"master_deck":["AscendersBane","Strike_B","Strike_B","Strike_B","Strike_B","Defend_B","Defend_B","Defend_B+1","Defend_B","Zap+1","Dualcast+1","Go for the Eyes","Compile Driver"],"special_seed":0,"relics":["Cracked Core","Anchor","Centennial Puzzle"],"potions_floor_usage":[10],"damage_taken":[{"damage":9.0,"enemies":"Small Slimes","floor":1.0,"turns":3.0},{"damage":6.0,"enemies":"Jaw Worm","floor":2.0,"turns":4.0},{"damage":1.0,"enemies":"2 Louse","floor":4.0,"turns":3.0},{"damage":37.0,"enemies":"Gremlin Nob","floor":7.0,"turns":5.0},{"damage":27,"enemies":"3 Sentries","floor":10,"turns":5}],"seed_played":"1832027653911786714","potions_obtained":[{"floor":2.0,"key":"Block Potion"},{"floor":7.0,"key":"Regen Potion"}],"is_trial":false,"path_per_floor":["M","M","?","M","?","R","E","R","T","E"],"character_chosen":"DEFECT","items_purchased":[],"campfire_rested":1,"item_purchase_floors":[],"current_hp_per_floor":[62,56,45,44,21,44,7,7,7,0],"gold":301,"neow_bonus":"TEN_PERCENT_HP_BONUS","is_prod":false,"is_daily":false,"chose_seed":false,"campfire_upgraded":1,"win_rate":0,"timestamp":1557945485,"path_taken":["M","M","?","M","?","R","E","R","T","E"],"build_version":"2019-01-23","purchased_purges":0,"victory":false,"max_hp_per_floor":[78,78,78,78,78,78,78,78,78,78],"card_choices":[{"not_picked":["Hologram","Hello World"],"picked":"Go for the Eyes","floor":1.0},{"not_picked":["Rebound","White Noise"],"picked":"Compile Driver","floor":2.0},{"not_picked":["Streamline","Chaos","Stack"],"picked":"SKIP","floor":4.0},{"not_picked":["Go for the Eyes","Beam Cell","Barrage"],"picked":"SKIP","floor":7.0}],"player_experience":647560,"relics_obtained":[{"floor":7.0,"key":"Anchor"},{"floor":9.0,"key":"Centennial Puzzle"}],"event_choices":[{"damage_healed":0.0,"max_hp_gain":0.0,"max_hp_loss":0.0,"gold_gain":75.0,"event_name":"World of Goop","player_choice":"Gather Gold","floor":3.0,"gold_loss":0.0,"damage_taken":11.0},{"damage_healed":0.0,"max_hp_gain":0.0,"max_hp_loss":0.0,"gold_gain":0.0,"event_name":"Shining Light","player_choice":"Entered Light","floor":5.0,"gold_loss":0.0,"damage_taken":23.0,"cards_upgraded":["Dualcast","Defend_B"]}],"is_beta":false,"boss_relics":[],"items_purged_floors":[],"is_endless":false,"potions_floor_spawned":[2,7],"killed_by":"3 Sentries","ascension_level":20}