{"gold_per_floor":[359,370,384,398,408,408,439,439,491,491,491,505,530,540,540,616,616,636,561,561,561,611,611,626,626,626,333,349,349,361,361],"floor_reached":31,"playtime":1538,"items_purged":["Strike_B"],"score":494,"play_id":"c11ec0b8-bc50-40f2-8ec6-e2a4514e9f55","local_time":"20190515133132","is_ascension_mode":true,"campfire_choices":[{"floor":6,"key":"REST"},{"floor":8,"key":"REST"},{"floor":10,"key":"REST"},{"data":"Hologram","floor":15,"key":"SMITH"},{"data":"Self Repair","floor":23,"key":"SMITH"},{"data":"Go for the Eyes","floor":25,"key":"SMITH"}],"neow_cost":"PERCENT_DAMAGE","seed_source_timestamp":2509348373153154,"circlet_count":0,"master_deck":["AscendersBane","Strike_B","Strike_B","Defend_B","Defend_B","Defend_B","Defend_B","Zap","Dualcast","Gash","Hologram+1","Barrage","Go for the Eyes+1","Glacier","Gash","Creative AI","Ball Lightning","Self Repair+1","Darkness","Echo Form","Ghostly","Ghostly","Ghostly","Hologram","Compile Driver"],"relics":["Cracked Core","Smiling Mask","Dream Catcher","Darkstone Periapt","Sozu","OrangePellets","Kunai"],"potions_floor_usage":[7,7,24,24],"damage_taken":[{"damage":0,"enemies":"Cultist","floor":1,"turns":3},{"damage":9,"enemies":"Small Slimes","floor":2,"turns":4},{"damage":4,"enemies":"Jaw Worm","floor":3,"turns":3},{"damage":22,"enemies":"Large Slime","floor":4,"turns":6},{"damage":7,"enemies":"2 Fungi Beasts","floor":5,"turns":4},{"damage":15,"enemies":"Lagavulin","floor":7,"turns":7},{"damage":6,"enemies":"3 Louse","floor":12,"turns":2},{"damage":20,"enemies":"3 Sentries","floor":13,"turns":8},{"damage":7,"enemies":"Large Slime","floor":14,"turns":8},{"damage":24,"enemies":"Slime Boss","floor":16,"turns":9},{"damage":36,"enemies":"2 Thieves","floor":18,"turns":5},{"damage":16,"enemies":"Colosseum Slavers","floor":21,"turns":8},{"damage":11,"enemies":"Chosen","floor":24,"turns":7},{"damage":3,"enemies":"Snecko","floor":28,"turns":8},{"damage":15,"enemies":"Sentry and Sphere","floor":30,"turns":8},{"damage":24,"enemies":"Snake Plant","floor":31,"turns":3}],"seed_played":"-1207367878933990886","potions_obtained":[{"floor":1,"key":"Poison Potion"},{"floor":4,"key":"PowerPotion"},{"floor":5,"key":"Fire Potion"},{"floor":12,"key":"Weak Potion"},{"floor":16,"key":"Swift Potion"}],"is_trial":false,"path_per_floor":["M","M","M","M","M","R","E","R","T","R","?","M","E","M","R","B",null,"M","?","?","?","?","R","M","R","T","$","M","T","M","M"],"character_chosen":"DEFECT","items_purchased":["OrangePellets","Hologram"],"campfire_rested":3,"item_purchase_floors":[27,27],"current_hp_per_floor":[46,37,33,11,4,25,10,31,31,52,52,46,33,33,33,16,57,28,28,28,26,26,26,25,25,25,25,32,32,17,0],"gold":361,"neow_bonus":"TWO_FIFTY_GOLD","is_prod":false,"is_daily":false,"chose_seed":false,"campfire_upgraded":3,"win_rate":0,"timestamp":1557941492,"path_taken":["M","?","M","M","?","R","E","R","T","R","?","M","E","M","R","BOSS","M","?","?","?","?","R","M","R","T","$","M","?","M","M"],"build_version":"2019-01-23","purchased_purges":1,"victory":false,"max_hp_per_floor":[71,71,71,71,71,71,71,71,71,71,71,71,71,71,71,71,71,71,71,35,35,35,35,35,35,35,35,35,35,35,35],"card_choices":[{"not_picked":["Chaos","Steam"],"picked":"Gash","floor":1},{"not_picked":["Capacitor","Coolheaded"],"picked":"Hologram","floor":2},{"not_picked":["Undo","Steam Power"],"picked":"Barrage","floor":3},{"not_picked":["Stack","Steam Power","Aggregate"],"picked":"SKIP","floor":4},{"not_picked":["Storm","Blizzard"],"picked":"Go for the Eyes","floor":5},{"not_picked":["Beam Cell","Multi-Cast"],"picked":"Glacier","floor":7},{"not_picked":["Double Energy","Glacier"],"picked":"Gash","floor":10},{"not_picked":["Go for the Eyes","Aggregate"],"picked":"Self Repair","floor":12},{"not_picked":["Streamline","Lockon","Heatsinks"],"picked":"SKIP","floor":13},{"not_picked":["Barrage","Beam Cell"],"picked":"Darkness","floor":14},{"not_picked":["Machine Learning","Meteor Strike"],"picked":"Echo Form","floor":16},{"not_picked":["Barrage","Redo","Cold Snap"],"picked":"SKIP","floor":18},{"not_picked":["Sweeping Beam","Sunder","Gash"],"picked":"SKIP","floor":24},{"not_picked":["Aggregate","Fusion+1"],"picked":"Compile Driver","floor":28},{"not_picked":["Ball Lightning+1","Sunder","Double Energy"],"picked":"SKIP","floor":30}],"player_experience":1266774,"relics_obtained":[{"floor":7,"key":"Smiling Mask"},{"floor":9,"key":"Dream Catcher"},{"floor":13,"key":"Darkstone Periapt"},{"floor":29,"key":"Kunai"}],"event_choices":[{"damage_healed":0,"gold_gain":0,"player_choice":"2 cards matched","damage_taken":0,"max_hp_gain":0,"max_hp_loss":0,"event_name":"Match and Keep!","floor":11,"gold_loss":0,"cards_obtained":["Creative AI","Ball Lightning"]},{"cards_removed":["Strike_B"],"damage_healed":0,"gold_gain":0,"player_choice":"Gave Gold","damage_taken":0,"max_hp_gain":0,"max_hp_loss":0,"event_name":"Beggar","floor":19,"gold_loss":75},{"damage_healed":0,"gold_gain":0,"player_choice":"Became a Ghost","damage_taken":0,"max_hp_gain":0,"max_hp_loss":36,"event_name":"Ghosts","floor":20,"gold_loss":0,"cards_obtained":["Ghostly","Ghostly","Ghostly"]},{"damage_healed":0,"gold_gain":0,"player_choice":"Fight","damage_taken":0,"max_hp_gain":0,"max_hp_loss":0,"event_name":"Colosseum","floor":21,"gold_loss":0},{"damage_healed":0,"gold_gain":0,"player_choice":"Fled From Nobs","damage_taken":0,"max_hp_gain":0,"max_hp_loss":0,"event_name":"Colosseum","floor":21,"gold_loss":0},{"damage_healed":0,"gold_gain":50,"player_choice":"Stole From Cult","damage_taken":0,"max_hp_gain":0,"max_hp_loss":0,"event_name":"Nest","floor":22,"gold_loss":0}],"is_beta":false,"boss_relics":[{"not_picked":["Orrery","White Beast Statue"],"picked":"Sozu"}],"items_purged_floors":[27],"is_endless":false,"potions_floor_spawned":[1,4,5,12,16,28],"killed_by":"Snake Plant","ascension_level":20}