{"gold_per_floor":[10,26,37,137,157,157,184,184,210,221,251,251,266,295,295,394,394,405,253,139,152,171,201,201,234,234,259,259,294,244,256,256,359,359,374,54,68,88,107,107,125,152,152,152,171,171,171,220,220,220,220,220,28,55,55],"floor_reached":56,"playtime":3697,"items_purged":["Strike_R"],"score":1604,"play_id":"5c0187ed-6ba4-4a48-bc3f-d3e26c46fa7d","local_time":"20190503234716","is_ascension_mode":true,"campfire_choices":[{"data":"1","floor":6.0,"key":"LIFT"},{"data":"2","floor":8.0,"key":"LIFT"},{"data":"3","floor":12.0,"key":"LIFT"},{"data":"Armaments","floor":15.0,"key":"SMITH"},{"data":"Double Tap","floor":24.0,"key":"SMITH"},{"data":"Flex","floor":32,"key":"SMITH"},{"data":"Limit Break","floor":40,"key":"SMITH"},{"floor":44,"key":"RECALL"},{"data":"Secret Technique","floor":49,"key":"SMITH"},{"data":"Bash","floor":52,"key":"SMITH"}],"neow_cost":"NO_GOLD","seed_source_timestamp":85646731050400,"circlet_count":0,"master_deck":["Strike_R+1","Strike_R+1","Strike_R+1","Defend_R+1","Defend_R+1","Defend_R+1","Bash+1","Shrug It Off","Armaments+1","Whirlwind+1","Shrug It Off","Reaper","Pummel","Flex+1","Double Tap+1","Offering","Intimidate+1","Battle Trance+1","Limit Break+1","Heavy Blade+1","Spot Weakness","Shockwave+1","Fiend Fire","Injury","Secret Technique+1"],"special_seed":0,"relics":["Burning Blood","Girya","Whetstone","Bronze Scales","Potion Belt","Anchor","Empty Cage","Tiny Chest","Ancient Tea Set","Ornamental Fan","Dead Branch","Centennial Puzzle","Gremlin Horn","Cursed Key","Blue Candle","StoneCalendar","Ice Cream","Chemical X","Pen Nib"],"potions_floor_usage":[54,55],"damage_taken":[{"damage":0.0,"enemies":"Small Slimes","floor":1.0,"turns":3.0},{"damage":6.0,"enemies":"Cultist","floor":2.0,"turns":3.0},{"damage":1.0,"enemies":"2 Louse","floor":3.0,"turns":3.0},{"damage":7.0,"enemies":"Large Slime","floor":5.0,"turns":9.0},{"damage":18.0,"enemies":"3 Sentries","floor":7.0,"turns":6.0},{"damage":0.0,"enemies":"Gremlin Gang","floor":10.0,"turns":1.0},{"damage":8.0,"enemies":"Gremlin Nob","floor":11.0,"turns":3.0},{"damage":14.0,"enemies":"Lots of Slimes","floor":13.0,"turns":2.0},{"damage":10.0,"enemies":"3 Sentries","floor":14.0,"turns":3.0},{"damage":43.0,"enemies":"Hexaghost","floor":16.0,"turns":7.0},{"damage":2.0,"enemies":"Chosen","floor":18.0,"turns":3.0},{"damage":14.0,"enemies":"Shell Parasite","floor":21.0,"turns":3.0},{"damage":9.0,"enemies":"Snake Plant","floor":22.0,"turns":4.0},{"damage":25.0,"enemies":"Gremlin Leader","floor":23.0,"turns":6.0},{"damage":21.0,"enemies":"Book of Stabbing","floor":25.0,"turns":4.0},{"damage":34.0,"enemies":"Gremlin Leader","floor":27.0,"turns":6.0},{"damage":6.0,"enemies":"Slavers","floor":29.0,"turns":1.0},{"damage":6.0,"enemies":"Chosen and Byrds","floor":31.0,"turns":3.0},{"damage":83,"enemies":"Champ","floor":33,"turns":8},{"damage":6,"enemies":"3 Darklings","floor":35,"turns":1},{"damage":6,"enemies":"3 Shapes","floor":37,"turns":3},{"damage":6,"enemies":"Spire Growth","floor":38,"turns":1},{"damage":0,"enemies":"4 Shapes","floor":39,"turns":1},{"damage":0,"enemies":"Sphere and 2 Shapes","floor":41,"turns":3},{"damage":0,"enemies":"Reptomancer","floor":42,"turns":2},{"damage":13,"enemies":"Maw","floor":45,"turns":4},{"damage":7,"enemies":"2 Orb Walkers","floor":48,"turns":2},{"damage":7,"enemies":"Donu and Deca","floor":50,"turns":1},{"damage":6,"enemies":"Shield and Spear","floor":54,"turns":2},{"damage":19,"enemies":"The Heart","floor":55,"turns":4}],"seed_played":"7860714701060132806","potions_obtained":[{"floor":3.0,"key":"Block Potion"},{"floor":5.0,"key":"AttackPotion"},{"floor":11.0,"key":"BloodPotion"},{"floor":14.0,"key":"Explosive Potion"},{"floor":18.0,"key":"Swift Potion"},{"floor":22.0,"key":"FairyPotion"},{"floor":27.0,"key":"Swift Potion"},{"floor":37,"key":"Regen Potion"},{"floor":38,"key":"LiquidBronze"},{"floor":39,"key":"SkillPotion"},{"floor":45,"key":"FearPotion"}],"is_trial":false,"path_per_floor":["M","M","M","?","M","R","E","R","T","M","E","R","M","E","R","B",null,"M","$","$","M","M","E","R","E","T","E","?","E","?","M","R","B",null,"M","$","M","M","M","R","M","E","T","R","M","?","?","?","R","B",null,"R","$","E","B",null],"character_chosen":"IRONCLAD","items_purchased":["Offering","Tiny Chest","Blue Candle","Spot Weakness","Chemical X"],"campfire_rested":0,"item_purchase_floors":[19,20,36,36,53],"current_hp_per_floor":[80,80,80,80,79,79,67,67,67,73,71,71,72,70,70,33,80,80,80,80,72,76,57,57,64,64,52,52,52,52,78,78,25,80,80,80,80,80,80,80,80,80,80,80,80,76,76,75,75,74,76,76,76,76,63],"gold":55,"neow_bonus":"ONE_RARE_RELIC","is_prod":false,"is_daily":false,"chose_seed":false,"campfire_upgraded":6,"win_rate":0,"timestamp":1556945236,"path_taken":["M","M","M","?","M","R","E","R","T","M","E","R","M","E","R","BOSS","M","?","$","M","M","E","R","E","T","E","?","E","?","?","R","BOSS","M","$","?","M","M","R","M","E","T","R","?","?","?","?","R","BOSS","R","$","E","BOSS"],"build_version":"2019-01-23","purchased_purges":1,"victory":true,"max_hp_per_floor":[80,80,80,80,80,80,80,80,80,80,80,80,80,80,80,80,80,80,80,80,80,80,80,80,80,80,80,80,80,80,80,80,80,80,80,80,80,80,80,80,80,80,80,80,80,76,76,76,76,76,76,76,76,76,76],"card_choices":[{"not_picked":["Iron Wave","Infernal Blade"],"picked":"Shrug It Off","floor":1.0},{"not_picked":["Perfected Strike","Blood for Blood"],"picked":"Armaments","floor":2.0},{"not_picked":["Wild Strike","Flex"],"picked":"Whirlwind","floor":3.0},{"not_picked":["Sever Soul","Power Through"],"picked":"Shrug It Off","floor":5.0},{"not_picked":["Twin Strike","Hemokinesis"],"picked":"Reaper","floor":7.0},{"not_picked":["Ghostly Armor","Clothesline"],"picked":"Pummel","floor":10.0},{"not_picked":["Iron Wave","Wild Strike","Twin Strike"],"picked":"SKIP","floor":11.0},{"not_picked":["Body Slam","Perfected Strike","Shrug It Off"],"picked":"SKIP","floor":13.0},{"not_picked":["Feel No Pain","Body Slam"],"picked":"Flex","floor":14.0},{"not_picked":["Immolate","Bludgeon"],"picked":"Double Tap","floor":16.0},{"not_picked":["Anger","Body Slam+1","Havoc"],"picked":"SKIP","floor":18.0},{"not_picked":["Heavy Blade","Sword Boomerang"],"picked":"Intimidate+1","floor":21.0},{"not_picked":["Flex","Clash","Power Through+1"],"picked":"SKIP","floor":22.0},{"not_picked":["Flex","Clash","Power Through+1"],"picked":"SKIP","floor":22.0},{"not_picked":["Intimidate","Searing Blow+1","Anger"],"picked":"SKIP","floor":23.0},{"not_picked":["Perfected Strike","Carnage+1","Anger"],"picked":"SKIP","floor":25.0},{"not_picked":["Warcry","Hemokinesis","Carnage"],"picked":"SKIP","floor":27.0},{"not_picked":["Twin Strike+1","Entrench"],"picked":"Battle Trance+1","floor":29.0},{"not_picked":["Brutality","Armaments","Dropkick"],"picked":"SKIP","floor":31.0},{"not_picked":["Brutality","Armaments","Dropkick"],"picked":"SKIP","floor":31.0},{"not_picked":["Impervious","Exhume"],"picked":"Limit Break","floor":33},{"not_picked":["Havoc","True Grit+1"],"picked":"Heavy Blade+1","floor":35},{"not_picked":["Armaments","Rage","Clothesline"],"picked":"SKIP","floor":37},{"not_picked":["Clothesline","Entrench","Whirlwind+1"],"picked":"SKIP","floor":38},{"not_picked":["Shrug It Off+1","Headbutt+1"],"picked":"Shockwave+1","floor":39},{"not_picked":["True Grit","Clothesline+1","Wild Strike+1"],"picked":"SKIP","floor":41},{"not_picked":["Infernal Blade","Fiend Fire","Wild Strike"],"picked":"SKIP","floor":42},{"not_picked":["Infernal Blade","Wild Strike"],"picked":"Fiend Fire","floor":42},{"not_picked":["Perfected Strike","Armaments","Intimidate"],"picked":"SKIP","floor":45},{"not_picked":["Forethought","Magnetism"],"picked":"Secret Technique","floor":47},{"not_picked":["Clothesline","Anger+1","Body Slam+1"],"picked":"SKIP","floor":54}],"player_experience":190563,"relics_obtained":[{"floor":7.0,"key":"Whetstone"},{"floor":9.0,"key":"Bronze Scales"},{"floor":11.0,"key":"Potion Belt"},{"floor":14.0,"key":"Anchor"},{"floor":23.0,"key":"Ancient Tea Set"},{"floor":25.0,"key":"Ornamental Fan"},{"floor":26.0,"key":"Dead Branch"},{"floor":27.0,"key":"Centennial Puzzle"},{"floor":29.0,"key":"Gremlin Horn"},{"floor":42,"key":"StoneCalendar"},{"floor":48,"key":"Ice Cream"},{"floor":54,"key":"Pen Nib"}],"event_choices":[{"damage_healed":0.0,"max_hp_gain":0.0,"max_hp_loss":0.0,"gold_gain":100.0,"event_name":"Golden Shrine","player_choice":"Pray","floor":4.0,"gold_loss":0.0,"damage_taken":0.0},{"damage_healed":0.0,"max_hp_gain":0.0,"max_hp_loss":0.0,"gold_gain":0.0,"event_name":"Back to Basics","player_choice":"Simplicity","floor":28.0,"gold_loss":0.0,"damage_taken":0.0,"cards_upgraded":["Strike_R","Strike_R","Defend_R","Defend_R","Defend_R"]},{"damage_healed":0.0,"max_hp_gain":0.0,"max_hp_loss":0.0,"gold_gain":0.0,"event_name":"The Joust","player_choice":"Bet on Murderer","floor":30.0,"gold_loss":50.0,"damage_taken":0.0},{"damage_healed":0,"gold_gain":0,"player_choice":"Max HP","damage_taken":0,"max_hp_gain":0,"max_hp_loss":4,"event_name":"Winding Halls","floor":46,"gold_loss":0},{"damage_healed":0,"gold_gain":0,"player_choice":"Memory 1","damage_taken":0,"max_hp_gain":0,"max_hp_loss":0,"event_name":"SensoryStone","floor":47,"gold_loss":0},{"damage_healed":0,"gold_gain":0,"player_choice":"Fight","damage_taken":0,"max_hp_gain":0,"max_hp_loss":0,"event_name":"Mysterious Sphere","floor":48,"gold_loss":0}],"is_beta":false,"boss_relics":[{"not_picked":["Tiny House","Ectoplasm"],"picked":"Empty Cage"},{"not_picked":["Calling Bell","Runic Cube"],"picked":"Cursed Key"}],"items_purged_floors":[19],"is_endless":false,"potions_floor_spawned":[3,5,11,14,18,22,27,37,38,39,45],"ascension_level":3}