{"gold_per_floor":[114,125,141,27,45,45,75,87,99,131,293,324,336,21,21,100,100,77,77,37,53,80,115,128,128,128,128],"floor_reached":27,"playtime":1826,"items_purged":["Strike_G"],"score":443,"play_id":"65bbf509-c5c3-4e04-84ba-2e2098e7ddd2","local_time":"20190505235617","is_ascension_mode":true,"campfire_choices":[{"data":"Neutralize","floor":6.0,"key":"SMITH"},{"data":"Footwork","floor":13.0,"key":"SMITH"},{"data":"Sucker Punch","floor":15.0,"key":"SMITH"},{"data":"Well Laid Plans","floor":25,"key":"SMITH"}],"neow_cost":"NONE","seed_source_timestamp":106888381850427,"circlet_count":0,"master_deck":["AscendersBane","Defend_G","Defend_G","Defend_G","Defend_G","Defend_G","Strike_G","Strike_G","Strike_G","Strike_G","Survivor","Neutralize+1","Blade Dance","Dagger Throw","Noxious Fumes","Footwork+1","Dodge and Roll","Dash","Parasite","Sucker Punch+1","Doubt","Prepared","Die Die Die","Dagger Throw+1","Well Laid Plans+1","Acrobatics+1","Escape Plan","Poisoned Stab+1"],"special_seed":0,"relics":["Ring of the Snake","MawBank","Bag of Marbles","Incense Burner","Velvet Choker","Anchor","Blue Candle","Toxic Egg 2"],"potions_floor_usage":[23],"damage_taken":[{"damage":3.0,"enemies":"Cultist","floor":1.0,"turns":5.0},{"damage":4.0,"enemies":"2 Louse","floor":2.0,"turns":4.0},{"damage":1.0,"enemies":"Jaw Worm","floor":3.0,"turns":4.0},{"damage":5.0,"enemies":"Red Slaver","floor":5.0,"turns":5.0},{"damage":23.0,"enemies":"Gremlin Nob","floor":7.0,"turns":4.0},{"damage":9.0,"enemies":"Exordium Wildlife","floor":10.0,"turns":6.0},{"damage":0.0,"enemies":"Blue Slaver","floor":12.0,"turns":6.0},{"damage":32.0,"enemies":"The Guardian","floor":16.0,"turns":17.0},{"damage":6.0,"enemies":"2 Thieves","floor":18.0,"turns":4.0},{"damage":1.0,"enemies":"3 Byrds","floor":21.0,"turns":7.0},{"damage":22,"enemies":"Book of Stabbing","floor":23,"turns":7},{"damage":6,"enemies":"Shelled Parasite and Fungi","floor":24,"turns":6},{"damage":46,"enemies":"Gremlin Leader","floor":27,"turns":5}],"seed_played":"-4277066580347936548","potions_obtained":[{"floor":2.0,"key":"Strength Potion"},{"floor":5.0,"key":"EssenceOfSteel"},{"floor":7.0,"key":"Regen Potion"},{"floor":12.0,"key":"Ancient Potion"},{"floor":21.0,"key":"FearPotion"},{"floor":23,"key":"Ancient Potion"}],"is_trial":false,"path_per_floor":["M","M","M","$","M","R","E","?","T","M","?","M","R","$","R","B",null,"M","?","$","M","T","E","M","R","T","E"],"character_chosen":"THE_SILENT","items_purchased":["Footwork","Incense Burner","Well Laid Plans"],"campfire_rested":0,"item_purchase_floors":[4,14,20],"current_hp_per_floor":[62,58,57,57,52,52,29,47,47,53,53,53,53,53,53,21,59,53,67,67,66,66,44,38,38,38,0],"gold":128,"neow_bonus":"TEN_PERCENT_HP_BONUS","is_prod":false,"is_daily":false,"chose_seed":false,"campfire_upgraded":4,"win_rate":0,"timestamp":1557114977,"path_taken":["M","M","M","?","M","R","E","?","T","M","?","?","R","$","R","BOSS","M","?","$","M","?","E","M","R","T","E"],"build_version":"2019-01-23","purchased_purges":1,"victory":false,"max_hp_per_floor":[72,72,72,72,72,72,72,72,72,72,72,72,72,72,72,72,72,72,72,72,72,72,72,72,72,72,72],"card_choices":[{"not_picked":["Deadly Poison","Quick Slash"],"picked":"Blade Dance","floor":1.0},{"not_picked":["Slice","Endless Agony"],"picked":"Dagger Throw","floor":2.0},{"not_picked":["Distraction","Underhanded Strike"],"picked":"Noxious Fumes","floor":3.0},{"not_picked":["Slice","Setup"],"picked":"Dodge and Roll","floor":5.0},{"not_picked":["PiercingWail","Sucker Punch"],"picked":"Dash","floor":7.0},{"not_picked":["Bouncing Flask","Underhanded Strike"],"picked":"Sucker Punch","floor":10.0},{"not_picked":["Accuracy","Slice"],"picked":"Prepared","floor":12.0},{"not_picked":["Unload","Grand Finale"],"picked":"Die Die Die","floor":16.0},{"not_picked":["Cloak And Dagger","Bouncing Flask"],"picked":"Dagger Throw+1","floor":18.0},{"not_picked":["Heel Hook","Eviscerate+1"],"picked":"Acrobatics+1","floor":21.0},{"not_picked":["Sucker Punch","Reflex"],"picked":"Escape Plan","floor":23},{"not_picked":["Backflip","Slice"],"picked":"Poisoned Stab+1","floor":24}],"player_experience":359553,"relics_obtained":[{"floor":7.0,"key":"MawBank"},{"floor":9.0,"key":"Bag of Marbles"},{"floor":22.0,"key":"Anchor"},{"floor":23,"key":"Blue Candle"},{"floor":26,"key":"Toxic Egg 2"}],"event_choices":[{"damage_healed":18.0,"max_hp_gain":0.0,"max_hp_loss":0.0,"gold_gain":0.0,"event_name":"Mushrooms","player_choice":"Healed and dodged fight","floor":8.0,"gold_loss":0.0,"damage_taken":0.0,"cards_obtained":["Parasite"]},{"damage_healed":0.0,"max_hp_gain":0.0,"max_hp_loss":0.0,"gold_gain":150.0,"event_name":"Liars Game","player_choice":"AGREE","floor":11.0,"gold_loss":0.0,"damage_taken":0.0,"cards_obtained":["Doubt"]},{"damage_healed":14.0,"max_hp_gain":0.0,"max_hp_loss":0.0,"gold_gain":0.0,"event_name":"The Library","player_choice":"Heal","floor":19.0,"gold_loss":0.0,"damage_taken":0.0}],"is_beta":false,"boss_relics":[{"not_picked":["Calling Bell","Coffee Dripper"],"picked":"Velvet Choker"}],"items_purged_floors":[4],"is_endless":false,"potions_floor_spawned":[2,5,7,12,21,23],"killed_by":"Gremlin Leader","ascension_level":18}