{"gold_per_floor":[117,131,22,42,42,42,73,88,88,98,98,98,159,190,190,265,265,277,247],"floor_reached":19,"playtime":1306,"items_purged":["Strike_R"],"score":313,"play_id":"706bf243-4ce4-46c1-ab2b-c5eab5a85755","local_time":"20190509013137","is_ascension_mode":true,"campfire_choices":[{"data":"True Grit","floor":6,"key":"SMITH"},{"floor":12,"key":"REST"},{"floor":15,"key":"REST"}],"neow_cost":"NONE","seed_source_timestamp":372441273470393,"circlet_count":0,"master_deck":["AscendersBane","Strike_R","Strike_R","Defend_R","Defend_R+1","Defend_R","Defend_R","Bash+1","Body Slam","Rampage","Entrench","True Grit+1","Body Slam","Spot Weakness","Disarm","Clothesline","Headbutt","Barricade"],"relics":["Burning Blood","Matryoshka","Sundial","Dodecahedron","SsserpentHead","Self Forming Clay","Empty Cage"],"potions_floor_usage":[7,8,14],"damage_taken":[{"damage":15,"enemies":"Cultist","floor":1,"turns":5},{"damage":1,"enemies":"2 Louse","floor":2,"turns":4},{"damage":12,"enemies":"Small Slimes","floor":4,"turns":3},{"damage":37,"enemies":"Gremlin Nob","floor":7,"turns":5},{"damage":0,"enemies":"Looter","floor":8,"turns":4},{"damage":8,"enemies":"3 Louse","floor":10,"turns":6},{"damage":8,"enemies":"Blue Slaver","floor":13,"turns":4},{"damage":26,"enemies":"Lagavulin","floor":14,"turns":8},{"damage":50,"enemies":"The Guardian","floor":16,"turns":16},{"damage":17,"enemies":"Shell Parasite","floor":18,"turns":10},{"damage":12,"enemies":"2 Thieves","floor":19,"turns":2}],"seed_played":"-5958165303033623956","potions_obtained":[{"floor":2,"key":"FearPotion"},{"floor":4,"key":"FearPotion"},{"floor":7,"key":"Weak Potion"},{"floor":8,"key":"FairyPotion"},{"floor":16,"key":"Strength Potion"}],"is_trial":false,"path_per_floor":["M","M","$","M","?","R","E","M","T","M","?","R","M","E","R","B",null,"M","M"],"character_chosen":"IRONCLAD","items_purchased":["Entrench"],"campfire_rested":2,"item_purchase_floors":[3],"current_hp_per_floor":[66,71,71,65,40,40,9,15,15,13,13,37,35,15,39,7,63,52,40],"gold":247,"neow_bonus":"TEN_PERCENT_HP_BONUS","is_prod":false,"is_daily":false,"chose_seed":false,"campfire_upgraded":1,"win_rate":0,"timestamp":1557379897,"path_taken":["M","M","$","M","?","R","E","M","T","M","?","R","?","E","R","BOSS","M","M"],"build_version":"2019-01-23","purchased_purges":1,"victory":false,"max_hp_per_floor":[82,82,82,82,82,82,82,82,82,82,82,82,82,82,82,82,82,82,82],"card_choices":[{"not_picked":["Blood for Blood","Warcry"],"picked":"Body Slam","floor":1},{"not_picked":["Cleave","Havoc"],"picked":"Rampage","floor":2},{"not_picked":["Twin Strike","Iron Wave"],"picked":"True Grit","floor":4},{"not_picked":["Offering","Sword Boomerang"],"picked":"Body Slam","floor":7},{"not_picked":["Wild Strike","Inflame"],"picked":"Spot Weakness","floor":8},{"not_picked":["Sword Boomerang","Corruption"],"picked":"Disarm","floor":10},{"not_picked":["Pommel Strike","Sever Soul"],"picked":"Clothesline","floor":13},{"not_picked":["Corruption","Flex"],"picked":"Headbutt","floor":14},{"not_picked":["Offering","Juggernaut"],"picked":"Barricade","floor":16},{"not_picked":["Entrench","Thunderclap","Blood for Blood"],"picked":"SKIP","floor":18}],"player_experience":446425,"relics_obtained":[{"floor":7,"key":"Matryoshka"},{"floor":9,"key":"Sundial"},{"floor":9,"key":"Dodecahedron"},{"floor":14,"key":"Self Forming Clay"}],"event_choices":[{"damage_healed":0,"gold_gain":0,"player_choice":"Entered Light","damage_taken":25,"max_hp_gain":0,"max_hp_loss":0,"event_name":"Shining Light","floor":5,"gold_loss":0,"cards_upgraded":["Bash","Defend_R"]},{"damage_healed":0,"gold_gain":0,"player_choice":"Trade","damage_taken":0,"relics_obtained":["SsserpentHead"],"max_hp_gain":0,"max_hp_loss":0,"event_name":"FaceTrader","floor":11,"gold_loss":0}],"is_beta":false,"boss_relics":[{"not_picked":["Snecko Eye","Black Star"],"picked":"Empty Cage"}],"items_purged_floors":[3],"is_endless":false,"potions_floor_spawned":[2,4,7,8,16],"killed_by":"2 Thieves","ascension_level":15}