{"gold_per_floor":[111,124,3,14,14,14,43,43,43,43,54,54,85,41,41,41],"floor_reached":16,"playtime":712,"items_purged":[],"score":216,"play_id":"6295ab34-980e-459c-b87d-2596296f0373","local_time":"20190523140914","is_ascension_mode":true,"campfire_choices":[{"data":"Zap","floor":6.0,"key":"SMITH"},{"data":"Cold Snap","floor":10.0,"key":"SMITH"},{"data":"Static Discharge","floor":12,"key":"SMITH"},{"data":"Consume","floor":15,"key":"SMITH"}],"neow_cost":"NONE","seed_source_timestamp":246853752127196,"circlet_count":0,"master_deck":["AscendersBane","Strike_B","Strike_B","Strike_B","Strike_B","Defend_B","Defend_B","Defend_B","Defend_B","Zap+1","Dualcast","Undo","Cold Snap+1","FTL","Darkness+1","Consume+1","Static Discharge+1","Self Repair"],"special_seed":0,"relics":["Cracked Core","Pear","Potion Belt","Ancient Tea Set"],"potions_floor_usage":[16],"damage_taken":[{"damage":4.0,"enemies":"Small Slimes","floor":1.0,"turns":4.0},{"damage":2.0,"enemies":"Jaw Worm","floor":2.0,"turns":4.0},{"damage":0.0,"enemies":"Cultist","floor":4.0,"turns":4.0},{"damage":2.0,"enemies":"Gremlin Nob","floor":7.0,"turns":3.0},{"damage":14,"enemies":"Lots of Slimes","floor":11,"turns":5},{"damage":17,"enemies":"Lagavulin","floor":13,"turns":5},{"damage":46,"enemies":"Hexaghost","floor":16,"turns":7}],"seed_played":"-7066217608666623408","potions_obtained":[{"floor":0.0,"key":"Fruit Juice"},{"floor":0.0,"key":"Energy Potion"},{"floor":0.0,"key":"Energy Potion"},{"floor":2.0,"key":"FocusPotion"},{"floor":11,"key":"SteroidPotion"}],"is_trial":false,"path_per_floor":["M","M","$","M","?","R","E","?","T","R","M","R","E","$","R","B"],"character_chosen":"DEFECT","items_purchased":["FTL","Darkness","Self Repair"],"campfire_rested":0,"item_purchase_floors":[3,3,14],"current_hp_per_floor":[65,63,63,63,63,63,71,71,71,71,57,57,40,40,40,0],"gold":41,"neow_bonus":"THREE_SMALL_POTIONS","is_prod":false,"is_daily":false,"chose_seed":false,"campfire_upgraded":4,"win_rate":0,"timestamp":1558634954,"path_taken":["M","M","$","M","?","R","E","?","T","R","?","R","E","?","R","BOSS"],"build_version":"2019-01-23","purchased_purges":0,"victory":false,"max_hp_per_floor":[76,76,76,76,76,76,86,86,86,86,86,86,86,86,86,86],"card_choices":[{"not_picked":["Cold Snap","Scrape"],"picked":"Undo","floor":1.0},{"not_picked":["Aggregate","Double Energy"],"picked":"Cold Snap","floor":2.0},{"not_picked":["Chaos","Hologram"],"picked":"Consume","floor":4.0},{"not_picked":["Turbo","Stack","Sweeping Beam"],"picked":"SKIP","floor":7.0},{"not_picked":["Beam Cell","Go for the Eyes"],"picked":"Static Discharge","floor":11},{"not_picked":["Gash","Steam Power","Aggregate"],"picked":"SKIP","floor":13}],"player_experience":761521,"relics_obtained":[{"floor":7.0,"key":"Pear"},{"floor":9.0,"key":"Potion Belt"},{"floor":13,"key":"Ancient Tea Set"}],"event_choices":[{"damage_healed":0.0,"max_hp_gain":0.0,"max_hp_loss":0.0,"gold_gain":0.0,"event_name":"Liars Game","player_choice":"Ignored","floor":5.0,"gold_loss":0.0,"damage_taken":0.0},{"damage_healed":0.0,"max_hp_gain":0.0,"max_hp_loss":0.0,"gold_gain":0.0,"event_name":"Upgrade Shrine","player_choice":"Upgraded","floor":8.0,"gold_loss":0.0,"damage_taken":0.0,"cards_upgraded":["Darkness"]}],"is_beta":false,"boss_relics":[],"items_purged_floors":[],"is_endless":false,"potions_floor_spawned":[1,2,4,11],"killed_by":"Hexaghost","ascension_level":20}