{"gold_per_floor":[15,35,110,127,127,158,158,184,184,184,215,215,227,237,237,312,312,323,334,351,364,384,418,693,338,361,361,34,44,78,98,98,175,175,187,200,219,219],"floor_reached":38,"playtime":2974,"items_purged":["Regret","Strike_R"],"score":814,"play_id":"f3fcfa7d-8aa4-4a8e-9453-34c641a7b32e","local_time":"20190509170838","is_ascension_mode":true,"campfire_choices":[{"data":"Entrench","floor":7.0,"key":"SMITH"},{"data":"Spot Weakness","floor":10.0,"key":"SMITH"},{"data":"Body Slam","floor":12.0,"key":"SMITH"},{"data":"Whirlwind","floor":15.0,"key":"SMITH"},{"floor":27.0,"key":"REST"},{"floor":32,"key":"REST"}],"neow_cost":"NO_GOLD","seed_source_timestamp":424161395147115,"circlet_count":0,"master_deck":["AscendersBane","Strike_R+1","Strike_R","Defend_R","Defend_R","Defend_R","Defend_R","Bash","Spot Weakness+1","Entrench+1","Headbutt","Anger","Reaper","Body Slam+1","Whirlwind+1","Cleave","Impervious","Evolve","Carnage+1","Sword Boomerang","Reckless Charge+1","Armaments","Heavy Blade+1","Metallicize","Intimidate","Shrug It Off","Immolate","Intimidate","Impervious","Iron Wave","Flame Barrier"],"special_seed":0,"relics":["Black Blood","Anchor","WingedGreaves","Letter Opener","Boot","Mark of Pain","Vajra","Whetstone","Lantern","Orichalcum","Ancient Tea Set"],"potions_floor_usage":[30,30,38,38],"damage_taken":[{"damage":9.0,"enemies":"Jaw Worm","floor":1.0,"turns":5.0},{"damage":12.0,"enemies":"Small Slimes","floor":2.0,"turns":5.0},{"damage":6.0,"enemies":"Cultist","floor":4.0,"turns":4.0},{"damage":24.0,"enemies":"Gremlin Nob","floor":6.0,"turns":4.0},{"damage":21.0,"enemies":"3 Sentries","floor":8.0,"turns":7.0},{"damage":33.0,"enemies":"Gremlin Nob","floor":11.0,"turns":4.0},{"damage":0.0,"enemies":"2 Fungi Beasts","floor":13.0,"turns":3.0},{"damage":0.0,"enemies":"Blue Slaver","floor":14.0,"turns":1.0},{"damage":42.0,"enemies":"Hexaghost","floor":16.0,"turns":9.0},{"damage":12.0,"enemies":"Shell Parasite","floor":18.0,"turns":5.0},{"damage":0.0,"enemies":"3 Byrds","floor":19.0,"turns":3.0},{"damage":9.0,"enemies":"Snake Plant","floor":20.0,"turns":3.0},{"damage":29.0,"enemies":"Centurion and Healer","floor":21.0,"turns":6.0},{"damage":29.0,"enemies":"3 Cultists","floor":22.0,"turns":4.0},{"damage":38.0,"enemies":"Slavers","floor":23.0,"turns":6.0},{"damage":15.0,"enemies":"Chosen and Byrds","floor":29.0,"turns":5.0},{"damage":21,"enemies":"Book of Stabbing","floor":30,"turns":5},{"damage":9,"enemies":"Cultist and Chosen","floor":31,"turns":4},{"damage":58,"enemies":"Champ","floor":33,"turns":12},{"damage":12,"enemies":"Orb Walker","floor":35,"turns":4},{"damage":14,"enemies":"3 Shapes","floor":36,"turns":5},{"damage":21,"enemies":"3 Darklings","floor":37,"turns":3},{"damage":94,"enemies":"Transient","floor":38,"turns":6}],"seed_played":"-2402525144374005436","potions_obtained":[{"floor":2.0,"key":"AttackPotion"},{"floor":6.0,"key":"EssenceOfSteel"},{"floor":8.0,"key":"Swift Potion"},{"floor":16.0,"key":"Block Potion"},{"floor":20.0,"key":"SteroidPotion"},{"floor":21.0,"key":"SpeedPotion"},{"floor":22.0,"key":"EssenceOfSteel"},{"floor":23.0,"key":"EssenceOfSteel"},{"floor":33,"key":"Block Potion"},{"floor":36,"key":"Weak Potion"}],"is_trial":false,"path_per_floor":["M","M","?","M","?","E","R","E","T","R","E","R","M","M","R","B",null,"M","M","M","M","M","E","?","$","T","R","$","M","E","M","R","B",null,"M","M","M","M"],"character_chosen":"IRONCLAD","items_purchased":["Metallicize","Whetstone","Intimidate","Shrug It Off","Orichalcum"],"campfire_rested":2,"item_purchase_floors":[25,25,25,28,28],"current_hp_per_floor":[65,59,48,48,73,55,55,40,40,40,21,21,32,38,38,7,58,60,75,72,65,42,26,26,26,26,48,48,48,33,36,58,11,59,62,71,74,0],"gold":219,"neow_bonus":"REMOVE_TWO","is_prod":false,"is_daily":false,"chose_seed":false,"campfire_upgraded":4,"win_rate":0,"timestamp":1557436118,"path_taken":["M","M","?","M","?","E","R","E","T","R","E","R","M","M","R","BOSS","M","M","M","M","M","E","?","$","T","R","$","M","E","M","R","BOSS","M","?","M","M"],"build_version":"2019-01-23","purchased_purges":2,"victory":false,"max_hp_per_floor":[75,75,75,75,75,75,75,75,75,75,75,75,75,75,75,75,75,75,75,75,75,75,75,75,75,75,75,75,75,75,75,75,75,75,75,75,75,75],"card_choices":[{"not_picked":["Perfected Strike","Anger"],"picked":"Spot Weakness","floor":1.0},{"not_picked":["Power Through","Perfected Strike"],"picked":"Entrench","floor":2.0},{"not_picked":["Pommel Strike","Havoc"],"picked":"Headbutt","floor":4.0},{"not_picked":["Shrug It Off","Iron Wave"],"picked":"Anger","floor":6.0},{"not_picked":["Sentinel","Hemokinesis"],"picked":"Reaper","floor":8.0},{"not_picked":["Sever Soul","Sword Boomerang"],"picked":"Body Slam","floor":11.0},{"not_picked":["Armaments","Pommel Strike"],"picked":"Whirlwind","floor":13.0},{"not_picked":["Hemokinesis","Clash"],"picked":"Cleave","floor":14.0},{"not_picked":["Reaper","Exhume"],"picked":"Impervious","floor":16.0},{"not_picked":["Headbutt+1","Perfected Strike"],"picked":"Evolve","floor":18.0},{"not_picked":["Heavy Blade","Uppercut"],"picked":"Carnage+1","floor":19.0},{"not_picked":["Sever Soul","Searing Blow"],"picked":"Sword Boomerang","floor":20.0},{"not_picked":["Warcry+1","Havoc"],"picked":"Reckless Charge+1","floor":21.0},{"not_picked":["Perfected Strike","Carnage"],"picked":"Armaments","floor":22.0},{"not_picked":["Headbutt","Warcry"],"picked":"Heavy Blade","floor":23.0},{"not_picked":["Carnage","Dual Wield","Dropkick"],"picked":"SKIP","floor":29.0},{"not_picked":["Searing Blow+1","Evolve"],"picked":"Immolate","floor":30},{"not_picked":["Heavy Blade","Twin Strike+1"],"picked":"Intimidate","floor":31},{"not_picked":["Offering","Reaper"],"picked":"Impervious","floor":33},{"not_picked":["Cleave+1","Seeing Red"],"picked":"Iron Wave","floor":35},{"not_picked":["Heavy Blade","Twin Strike"],"picked":"Flame Barrier","floor":36},{"not_picked":["Evolve","Anger","Sword Boomerang"],"picked":"SKIP","floor":37}],"player_experience":464276,"relics_obtained":[{"floor":6.0,"key":"Anchor"},{"floor":8.0,"key":"WingedGreaves"},{"floor":9.0,"key":"Letter Opener"},{"floor":11.0,"key":"Boot"},{"floor":23.0,"key":"Vajra"},{"floor":26.0,"key":"Lantern"},{"floor":30,"key":"Ancient Tea Set"}],"event_choices":[{"damage_healed":0.0,"max_hp_gain":0.0,"max_hp_loss":0.0,"gold_gain":75.0,"event_name":"World of Goop","player_choice":"Gather Gold","floor":3.0,"gold_loss":0.0,"damage_taken":11.0},{"damage_healed":25.0,"max_hp_gain":0.0,"max_hp_loss":0.0,"gold_gain":0.0,"event_name":"Big Fish","player_choice":"Banana","floor":5.0,"gold_loss":0.0,"damage_taken":0.0},{"damage_healed":0.0,"max_hp_gain":0.0,"max_hp_loss":0.0,"gold_gain":275.0,"event_name":"Golden Shrine","player_choice":"Desecrate","floor":24.0,"gold_loss":0.0,"damage_taken":0.0,"cards_obtained":["Regret"]}],"is_beta":false,"boss_relics":[{"not_picked":["Fusion Hammer","Black Star"],"picked":"Mark of Pain"},{"not_picked":["Tiny House","Pandora\u0027s Box"],"picked":"Black Blood"}],"items_purged_floors":[25,28],"is_endless":false,"potions_floor_spawned":[2,6,8,16,20,21,22,23,33,36],"killed_by":"Transient","ascension_level":17}