{"gold_per_floor":[111,122,122,197,197,197,213,213,240,257,271,271,271,283,283,283],"floor_reached":16,"playtime":522,"items_purged":[],"score":166,"play_id":"61bcff3f-aa7f-44c7-bff2-909a3012d595","local_time":"20190526223944","is_ascension_mode":true,"campfire_choices":[{"data":"Well Laid Plans","floor":6,"key":"SMITH"},{"floor":8,"key":"REST"},{"data":"Crippling Poison","floor":12,"key":"SMITH"},{"floor":15,"key":"REST"}],"neow_cost":"PERCENT_DAMAGE","seed_source_timestamp":899576270167344,"circlet_count":0,"master_deck":["AscendersBane","Defend_G","Defend_G","Defend_G+1","Defend_G","Defend_G","Strike_G","Strike_G","Strike_G","Strike_G+1","Strike_G","Survivor","Neutralize+1","Well Laid Plans+1","Crippling Poison+1","PiercingWail","PiercingWail"],"relics":["Ring of the Snake","Omamori"],"potions_floor_usage":[16],"damage_taken":[{"damage":1,"enemies":"Small Slimes","floor":1,"turns":6},{"damage":3,"enemies":"Cultist","floor":2,"turns":5},{"damage":0,"enemies":"2 Louse","floor":7,"turns":3},{"damage":4,"enemies":"2 Fungi Beasts","floor":10,"turns":4},{"damage":3,"enemies":"Blue Slaver","floor":11,"turns":4},{"damage":9,"enemies":"Large Slime","floor":14,"turns":9},{"damage":48,"enemies":"Slime Boss","floor":16,"turns":14}],"seed_played":"-8741641836291683847","potions_obtained":[{"floor":2,"key":"PowerPotion"},{"floor":10,"key":"GamblersBrew"}],"is_trial":false,"path_per_floor":["M","M","$","?","?","R","M","R","T","M","M","R","?","M","R","B"],"character_chosen":"THE_SILENT","items_purchased":[],"campfire_rested":2,"item_purchase_floors":[],"current_hp_per_floor":[55,52,52,41,41,41,41,64,64,60,57,57,34,25,48,0],"gold":283,"neow_bonus":"TWENTY_PERCENT_HP_BONUS","is_prod":false,"is_daily":false,"chose_seed":false,"campfire_upgraded":2,"win_rate":0,"timestamp":1558881584,"path_taken":["M","M","$","?","?","R","M","R","T","M","?","R","?","M","R","BOSS"],"build_version":"2019-01-23","purchased_purges":0,"victory":false,"max_hp_per_floor":[78,78,78,78,78,78,78,78,78,78,78,78,78,78,78,78],"card_choices":[{"not_picked":["Backflip","Riddle With Holes"],"picked":"Well Laid Plans","floor":1},{"not_picked":["Flying Knee","Caltrops","All Out Attack"],"picked":"SKIP","floor":2},{"not_picked":["Slice","Riddle With Holes","Prepared"],"picked":"SKIP","floor":7},{"not_picked":["Accuracy","Underhanded Strike"],"picked":"Crippling Poison","floor":10},{"not_picked":["Dodge and Roll","Prepared"],"picked":"PiercingWail","floor":11},{"not_picked":["Deflect","Expertise"],"picked":"PiercingWail","floor":14}],"player_experience":608856,"relics_obtained":[{"floor":9,"key":"Omamori"}],"event_choices":[{"damage_healed":0,"gold_gain":75,"player_choice":"Gather Gold","damage_taken":11,"max_hp_gain":0,"max_hp_loss":0,"event_name":"World of Goop","floor":4,"gold_loss":0},{"damage_healed":0,"gold_gain":0,"player_choice":"Upgraded","damage_taken":0,"max_hp_gain":0,"max_hp_loss":0,"event_name":"Upgrade Shrine","floor":5,"gold_loss":0,"cards_upgraded":["Neutralize"]},{"damage_healed":0,"gold_gain":0,"player_choice":"Entered Light","damage_taken":23,"max_hp_gain":0,"max_hp_loss":0,"event_name":"Shining Light","floor":13,"gold_loss":0,"cards_upgraded":["Defend_G","Strike_G"]}],"is_beta":false,"boss_relics":[],"items_purged_floors":[],"is_endless":false,"potions_floor_spawned":[2,10],"killed_by":"Slime Boss","ascension_level":16}