{"gold_per_floor":[119,129,129,129,144,144,10,10,36,64,64,64,64,97,97,174,174,193,206,218,218,218,218,218,244,244,67,67,117,117,148,148,220,220,233,144,144,124,142,142,42,42,42,42,42,57,76,96,96,96,96],"floor_reached":52,"playtime":3003,"items_purged":["Strike_B"],"score":1709,"play_id":"3736610d-0675-49ab-a106-d2f0aa03b82e","local_time":"20190526013425","is_ascension_mode":true,"campfire_choices":[{"data":"Zap","floor":6.0,"key":"SMITH"},{"data":"Sweeping Beam","floor":8.0,"key":"SMITH"},{"data":"Go for the Eyes","floor":12.0,"key":"SMITH"},{"data":"Biased Cognition","floor":15.0,"key":"SMITH"},{"data":"Static Discharge","floor":24.0,"key":"SMITH"},{"data":"Defragment","floor":28.0,"key":"SMITH"},{"floor":32.0,"key":"REST"},{"data":"Blizzard","floor":40.0,"key":"SMITH"},{"data":"Buffer","floor":42.0,"key":"SMITH"},{"data":"Enlightenment","floor":45.0,"key":"SMITH"},{"data":"Coolheaded","floor":49.0,"key":"SMITH"}],"neow_cost":"NONE","seed_source_timestamp":457271477438876,"circlet_count":0,"master_deck":["AscendersBane","Defend_B+1","Defend_B+1","Defend_B+1","Zap+1","Dualcast","Sweeping Beam+1","Go for the Eyes+1","Cold Snap","Biased Cognition+1","All For One","Thunder Strike+1","Undo+1","Coolheaded+1","Glacier","Static Discharge+1","Go for the Eyes","Defragment+1","FTL","Buffer+1","Blizzard+1","Enlightenment+1","Parasite","Reprogram"],"special_seed":0,"relics":["Cracked Core","Thread and Needle","Pen Nib","Vajra","Pantograph","Astrolabe","Bag of Preparation","Blue Candle","Torii","Busted Crown","Mercury Hourglass"],"potions_floor_usage":[51],"damage_taken":[{"damage":10.0,"enemies":"Small Slimes","floor":1.0,"turns":3.0},{"damage":1.0,"enemies":"2 Louse","floor":2.0,"turns":3.0},{"damage":0.0,"enemies":"Cultist","floor":5.0,"turns":3.0},{"damage":10.0,"enemies":"Gremlin Nob","floor":10.0,"turns":4.0},{"damage":1.0,"enemies":"3 Sentries","floor":14.0,"turns":4.0},{"damage":42.0,"enemies":"Slime Boss","floor":16.0,"turns":12.0},{"damage":5.0,"enemies":"Spheric Guardian","floor":18.0,"turns":3.0},{"damage":5.0,"enemies":"2 Thieves","floor":19.0,"turns":3.0},{"damage":3.0,"enemies":"Sentry and Sphere","floor":20.0,"turns":6.0},{"damage":8.0,"enemies":"Book of Stabbing","floor":25.0,"turns":7.0},{"damage":6.0,"enemies":"Colosseum Slavers","floor":30.0,"turns":4.0},{"damage":26.0,"enemies":"Slavers","floor":31.0,"turns":5.0},{"damage":11.0,"enemies":"Champ","floor":33.0,"turns":14.0},{"damage":1.0,"enemies":"3 Shapes","floor":35.0,"turns":3.0},{"damage":1.0,"enemies":"3 Darklings","floor":39.0,"turns":6.0},{"damage":7.0,"enemies":"Spire Growth","floor":46.0,"turns":6.0},{"damage":0.0,"enemies":"Maw","floor":47.0,"turns":7.0},{"damage":0.0,"enemies":"Writhing Mass","floor":48.0,"turns":8.0},{"damage":31.0,"enemies":"Time Eater","floor":50.0,"turns":13.0},{"damage":68,"enemies":"Donu and Deca","floor":51,"turns":8}],"seed_played":"-8464066712336004933","potions_obtained":[{"floor":0.0,"key":"PowerPotion"},{"floor":0.0,"key":"LiquidBronze"},{"floor":1.0,"key":"Fire Potion"},{"floor":10.0,"key":"SpeedPotion"},{"floor":19.0,"key":"Strength Potion"},{"floor":31.0,"key":"Dexterity Potion"},{"floor":35.0,"key":"Regen Potion"},{"floor":38.0,"key":"Swift Potion"},{"floor":48.0,"key":"Block Potion"}],"is_trial":false,"path_per_floor":["M","M","?","?","M","R","$","R","T","E","?","R","$","E","R","B",null,"M","M","M","?","?","?","R","E","T","$","R","?","?","E","R","B",null,"M","$","?","?","M","R","$","R","T","$","R","M","M","M","R","B","B",null],"character_chosen":"DEFECT","items_purchased":["Cold Snap","Defragment","FTL","Blizzard","Enlightenment"],"campfire_rested":1,"item_purchase_floors":[7,27,27,36,41],"current_hp_per_floor":[54,53,48,41,41,41,41,41,41,31,31,31,31,30,30,13,57,52,47,44,44,44,44,44,36,36,36,36,36,30,4,25,39,63,62,62,62,62,61,61,61,61,61,61,61,54,54,54,54,40,12],"gold":96,"neow_bonus":"THREE_SMALL_POTIONS","is_prod":false,"is_daily":false,"chose_seed":false,"campfire_upgraded":10,"win_rate":0,"timestamp":1558848865,"path_taken":["M","M","?","?","M","R","$","R","T","E","?","R","?","E","R","BOSS","M","M","M","?","?","?","R","E","T","$","R","?","?","E","R","BOSS","M","$","?","?","?","R","?","R","T","$","R","M","M","M","R","BOSS","BOSS"],"build_version":"2019-01-23","purchased_purges":1,"victory":true,"max_hp_per_floor":[71,71,71,71,71,71,71,71,71,71,71,71,71,71,71,71,71,71,71,71,71,71,71,71,71,71,71,71,71,71,71,71,71,71,71,71,71,71,71,71,71,71,71,71,71,71,71,71,71,71,71],"card_choices":[{"not_picked":["Streamline","Go for the Eyes"],"picked":"Sweeping Beam","floor":1.0},{"not_picked":["Rebound","Recycle","Leap"],"picked":"SKIP","floor":2.0},{"not_picked":["Aggregate","Sweeping Beam"],"picked":"Go for the Eyes","floor":5.0},{"not_picked":["Sweeping Beam","Force Field","Melter"],"picked":"SKIP","floor":10.0},{"not_picked":["Ball Lightning","Rebound"],"picked":"Biased Cognition","floor":14.0},{"not_picked":["Meteor Strike","Amplify"],"picked":"All For One","floor":16.0},{"not_picked":["Streamline","Rebound"],"picked":"Coolheaded","floor":18.0},{"not_picked":["Rainbow","Sweeping Beam"],"picked":"Glacier","floor":19.0},{"not_picked":["Double Energy","Sweeping Beam","Cold Snap"],"picked":"SKIP","floor":20.0},{"not_picked":["Undo","Skim"],"picked":"Go for the Eyes","floor":25.0},{"not_picked":["Rebound","Undo","Sweeping Beam"],"picked":"SKIP","floor":31.0},{"not_picked":["Machine Learning","Hyperbeam"],"picked":"Buffer","floor":33.0},{"not_picked":["Stack"],"picked":"SKIP","floor":35.0},{"not_picked":["Lockon"],"picked":"SKIP","floor":39.0},{"not_picked":["Chaos"],"picked":"SKIP","floor":46.0},{"not_picked":["Cold Snap"],"picked":"SKIP","floor":47.0},{"not_picked":[],"picked":"Reprogram","floor":48.0}],"player_experience":813612,"relics_obtained":[{"floor":9.0,"key":"Pen Nib"},{"floor":10.0,"key":"Vajra"},{"floor":14.0,"key":"Pantograph"},{"floor":25.0,"key":"Bag of Preparation"},{"floor":26.0,"key":"Blue Candle"},{"floor":31.0,"key":"Torii"},{"floor":43.0,"key":"Mercury Hourglass"}],"event_choices":[{"damage_healed":0.0,"max_hp_gain":0.0,"max_hp_loss":0.0,"gold_gain":0.0,"event_name":"Scrap Ooze","player_choice":"Success","floor":3.0,"gold_loss":0.0,"damage_taken":5.0,"relics_obtained":["Thread and Needle"]},{"cards_removed":["Strike_B"],"damage_healed":0.0,"max_hp_gain":0.0,"max_hp_loss":0.0,"gold_gain":0.0,"event_name":"Golden Wing","player_choice":"Card Removal","floor":4.0,"gold_loss":0.0,"damage_taken":7.0},{"damage_healed":0.0,"max_hp_gain":0.0,"max_hp_loss":0.0,"gold_gain":0.0,"event_name":"Liars Game","player_choice":"Ignored","floor":11.0,"gold_loss":0.0,"damage_taken":0.0},{"damage_healed":0.0,"max_hp_gain":0.0,"max_hp_loss":0.0,"gold_gain":0.0,"event_name":"Back to Basics","player_choice":"Simplicity","floor":21.0,"gold_loss":0.0,"damage_taken":0.0,"cards_upgraded":["Defend_B","Defend_B","Defend_B"]},{"damage_healed":0.0,"max_hp_gain":0.0,"max_hp_loss":0.0,"gold_gain":0.0,"event_name":"The Library","player_choice":"Read","floor":22.0,"gold_loss":0.0,"damage_taken":0.0,"cards_obtained":["Static Discharge"]},{"damage_healed":0.0,"max_hp_gain":0.0,"max_hp_loss":0.0,"gold_gain":0.0,"event_name":"The Mausoleum","player_choice":"Ignored","floor":23.0,"gold_loss":0.0,"damage_taken":0.0},{"damage_healed":0.0,"max_hp_gain":0.0,"max_hp_loss":0.0,"gold_gain":50.0,"event_name":"Nest","player_choice":"Stole From Cult","floor":29.0,"gold_loss":0.0,"damage_taken":0.0},{"damage_healed":0.0,"max_hp_gain":0.0,"max_hp_loss":0.0,"gold_gain":0.0,"event_name":"Colosseum","player_choice":"Fight","floor":30.0,"gold_loss":0.0,"damage_taken":0.0},{"damage_healed":0.0,"max_hp_gain":0.0,"max_hp_loss":0.0,"gold_gain":0.0,"event_name":"Colosseum","player_choice":"Fled From Nobs","floor":30.0,"gold_loss":0.0,"damage_taken":0.0},{"cards_removed":["Rebound"],"damage_healed":0.0,"max_hp_gain":0.0,"max_hp_loss":0.0,"gold_gain":0.0,"event_name":"Falling","player_choice":"Removed Attack","floor":37.0,"gold_loss":0.0,"damage_taken":0.0},{"damage_healed":0.0,"max_hp_gain":0.0,"max_hp_loss":0.0,"gold_gain":0.0,"event_name":"The Woman in Blue","player_choice":"Bought 1 Potion","floor":38.0,"gold_loss":0.0,"damage_taken":0.0}],"is_beta":false,"boss_relics":[{"not_picked":["Tiny House","Eternal Feather"],"picked":"Astrolabe"},{"not_picked":["Lizard Tail","Nuclear Battery"],"picked":"Busted Crown"}],"items_purged_floors":[7],"is_endless":false,"potions_floor_spawned":[1,10,19,31,35,46,48],"ascension_level":20}