{"gold_per_floor":[116,116,127,52,68,68,102,102,155,167,198,237,264,343,355,443,455,481,408,96,110,128,128,139,165,165,165],"floor_reached":27,"playtime":1834,"items_purged":["Strike_R"],"score":474,"play_id":"59c87f38-4315-4f21-9eb6-a42ff2340829","local_time":"20190510011431","is_ascension_mode":true,"campfire_choices":[{"data":"Bash","floor":6.0,"key":"SMITH"},{"floor":8.0,"key":"REST"},{"floor":15.0,"key":"REST"},{"floor":23,"key":"REST"}],"neow_cost":"NONE","seed_source_timestamp":457216404638179,"circlet_count":0,"master_deck":["AscendersBane","Strike_R","Strike_R","Strike_R","Defend_R","Defend_R","Defend_R","Defend_R","Bash+1","Juggernaut","Clothesline","Rage","Metallicize","Anger","Infernal Blade","Shockwave","Offering","Warcry","Shrug It Off","Warcry","Headbutt","Seeing Red","Combust+1"],"special_seed":0,"relics":["Burning Blood","Vajra","Ornamental Fan","MawBank","Lantern","Busted Crown","Omamori","Strange Spoon","Bag of Marbles","Gremlin Horn"],"potions_floor_usage":[16,16,25],"damage_taken":[{"damage":3.0,"enemies":"2 Louse","floor":1.0,"turns":4.0},{"damage":7.0,"enemies":"Small Slimes","floor":3.0,"turns":4.0},{"damage":7.0,"enemies":"Jaw Worm","floor":5.0,"turns":4.0},{"damage":57.0,"enemies":"3 Sentries","floor":7.0,"turns":10.0},{"damage":15.0,"enemies":"3 Louse","floor":11.0,"turns":5.0},{"damage":15.0,"enemies":"Lagavulin","floor":12.0,"turns":6.0},{"damage":12.0,"enemies":"Exordium Thugs","floor":13.0,"turns":6.0},{"damage":25,"enemies":"Slime Boss","floor":16,"turns":8},{"damage":13,"enemies":"3 Byrds","floor":18,"turns":5},{"damage":27,"enemies":"Spheric Guardian","floor":21,"turns":4},{"damage":19,"enemies":"Centurion and Healer","floor":22,"turns":6},{"damage":6,"enemies":"Snecko","floor":24,"turns":4},{"damage":31,"enemies":"Book of Stabbing","floor":25,"turns":5},{"damage":22,"enemies":"Masked Bandits","floor":27,"turns":2}],"seed_played":"-7921226540140237232","potions_obtained":[{"floor":7.0,"key":"BloodPotion"},{"floor":11.0,"key":"AttackPotion"},{"floor":12.0,"key":"Weak Potion"},{"floor":18,"key":"SpeedPotion"},{"floor":22,"key":"Strength Potion"}],"is_trial":false,"path_per_floor":["M","?","M","?","M","R","E","R","T","$","M","E","M","?","R","B",null,"M","?","$","M","M","R","M","E","T","?"],"character_chosen":"IRONCLAD","items_purchased":["Shrug It Off","Strange Spoon"],"campfire_rested":3,"item_purchase_floors":[20,20],"current_hp_per_floor":[71,66,65,65,64,64,13,35,35,35,33,24,18,18,40,21,62,55,55,55,34,21,43,43,18,18,0],"gold":165,"neow_bonus":"ONE_RANDOM_RARE_CARD","is_prod":false,"is_daily":false,"chose_seed":false,"campfire_upgraded":1,"win_rate":0,"timestamp":1557465271,"path_taken":["M","?","M","?","M","R","E","R","T","$","M","E","M","?","R","BOSS","M","?","$","M","M","R","M","E","T","?"],"build_version":"2019-01-23","purchased_purges":1,"victory":false,"max_hp_per_floor":[75,75,75,75,75,75,75,75,75,75,75,75,75,75,75,75,75,75,75,75,75,75,75,75,75,75,75],"card_choices":[{"not_picked":["Armaments","Thunderclap"],"picked":"Clothesline","floor":1.0},{"not_picked":["Blood for Blood","Thunderclap"],"picked":"Rage","floor":3.0},{"not_picked":["Fire Breathing","Warcry","Dual Wield"],"picked":"SKIP","floor":5.0},{"not_picked":["Burning Pact","Infernal Blade"],"picked":"Metallicize","floor":7.0},{"not_picked":["Body Slam","Shrug It Off"],"picked":"Anger","floor":11.0},{"not_picked":["Berserk","Second Wind"],"picked":"Infernal Blade","floor":12.0},{"not_picked":["Dropkick","Iron Wave"],"picked":"Shockwave","floor":13.0},{"not_picked":["Barricade","Feed"],"picked":"Offering","floor":16},{"not_picked":[],"picked":"Warcry","floor":18},{"not_picked":[],"picked":"Warcry","floor":21},{"not_picked":[],"picked":"Headbutt","floor":22},{"not_picked":[],"picked":"Seeing Red","floor":24},{"not_picked":[],"picked":"Combust+1","floor":25}],"player_experience":489235,"relics_obtained":[{"floor":7.0,"key":"Ornamental Fan"},{"floor":9.0,"key":"MawBank"},{"floor":12.0,"key":"Lantern"},{"floor":25,"key":"Bag of Marbles"},{"floor":26,"key":"Gremlin Horn"}],"event_choices":[{"damage_healed":0.0,"max_hp_gain":0.0,"max_hp_loss":0.0,"gold_gain":0.0,"event_name":"Scrap Ooze","player_choice":"Success","floor":2.0,"gold_loss":0.0,"damage_taken":5.0,"relics_obtained":["Vajra"]},{"cards_removed":["Strike_R"],"damage_healed":0.0,"max_hp_gain":0.0,"max_hp_loss":0.0,"gold_gain":0.0,"event_name":"The Cleric","player_choice":"Card Removal","floor":4.0,"gold_loss":75.0,"damage_taken":0.0},{"damage_healed":0.0,"max_hp_gain":0.0,"max_hp_loss":0.0,"gold_gain":67.0,"event_name":"Golden Wing","player_choice":"Gained Gold","floor":14.0,"gold_loss":0.0,"damage_taken":0.0},{"damage_healed":0,"gold_gain":0,"player_choice":"Obtained Relic","damage_taken":0,"relics_obtained":["Omamori"],"max_hp_gain":0,"max_hp_loss":0,"event_name":"Addict","floor":19,"gold_loss":85},{"damage_healed":0,"gold_gain":0,"player_choice":"Fought Bandits","damage_taken":0,"max_hp_gain":0,"max_hp_loss":0,"event_name":"Masked Bandits","floor":27,"gold_loss":0}],"is_beta":false,"boss_relics":[{"not_picked":["Runic Cube","Runic Pyramid"],"picked":"Busted Crown"}],"items_purged_floors":[20],"is_endless":false,"potions_floor_spawned":[7,11,12,18,22],"killed_by":"Masked Bandits","ascension_level":19}