{"gold_per_floor":[109,34,34,47,62,62,79,79,79,108,118,132,32,42,42,139,139,79,79,79,79,79,79,79,79,79,79,79,79],"floor_reached":29,"playtime":2724,"items_purged":["Bash","Strike_R"],"score":298,"play_id":"f079e0b7-8b46-4cd1-86ab-c842614f9138","local_time":"20190414193531","is_ascension_mode":true,"campfire_choices":[{"data":"Entrench","floor":6,"key":"SMITH"},{"data":"Inflame","floor":8,"key":"SMITH"},{"data":"Armaments","floor":15,"key":"SMITH"},{"data":"Uppercut","floor":25,"key":"SMITH"},{"data":"Pommel Strike","floor":27,"key":"SMITH"}],"neow_cost":"NONE","seed_source_timestamp":3477475972782666,"circlet_count":0,"master_deck":["Strike_R","Strike_R","Strike_R","Strike_R","Defend_R","Defend_R","Defend_R","Defend_R","Anger","Entrench+1","Inflame+1","Whirlwind","Shrug It Off","Uppercut+1","Armaments+1","Reaper","Pommel Strike+1","Rampage+1","Disarm","Pommel Strike","Heavy Blade+1","Spot Weakness"],"relics":["Burning Blood","Bottled Tornado","Darkstone Periapt","Ectoplasm","Question Card","Ancient Tea Set","Potion Belt"],"potions_floor_usage":[16,16,18,21,23,28,28],"damage_taken":[{"damage":9,"enemies":"Jaw Worm","floor":1,"turns":3},{"damage":1,"enemies":"Cultist","floor":4,"turns":3},{"damage":6,"enemies":"2 Louse","floor":5,"turns":4},{"damage":11,"enemies":"Large Slime","floor":7,"turns":5},{"damage":28,"enemies":"Gremlin Nob","floor":10,"turns":5},{"damage":7,"enemies":"Gremlin Gang","floor":11,"turns":3},{"damage":0,"enemies":"Lots of Slimes","floor":12,"turns":1},{"damage":9,"enemies":"Blue Slaver","floor":14,"turns":4},{"damage":32,"enemies":"Hexaghost","floor":16,"turns":9},{"damage":10,"enemies":"2 Thieves","floor":18,"turns":4},{"damage":23,"enemies":"Shell Parasite","floor":19,"turns":6},{"damage":0,"enemies":"Chosen and Byrds","floor":20,"turns":6},{"damage":20,"enemies":"Shelled Parasite and Fungi","floor":21,"turns":6},{"damage":27,"enemies":"3 Cultists","floor":22,"turns":6},{"damage":37,"enemies":"Book of Stabbing","floor":23,"turns":6},{"damage":24,"enemies":"Snake Plant","floor":24,"turns":4},{"damage":31,"enemies":"Slavers","floor":28,"turns":6},{"damage":31,"enemies":"Snecko","floor":29,"turns":5}],"seed_played":"4499674738830972836","potions_obtained":[{"floor":4,"key":"BloodPotion"},{"floor":5,"key":"EssenceOfSteel"},{"floor":7,"key":"Explosive Potion"},{"floor":14,"key":"SkillPotion"},{"floor":16,"key":"EssenceOfSteel"},{"floor":18,"key":"SkillPotion"},{"floor":20,"key":"Fire Potion"},{"floor":23,"key":"Dexterity Potion"},{"floor":28,"key":"Strength Potion"}],"is_trial":false,"path_per_floor":["M","$","?","M","M","R","M","R","T","E","M","M","$","M","R","B",null,"M","M","M","M","M","E","M","R","T","R","E","M"],"character_chosen":"IRONCLAD","items_purchased":[],"campfire_rested":0,"item_purchase_floors":[],"current_hp_per_floor":[85,85,77,82,82,82,77,77,77,55,54,60,60,57,57,39,88,84,74,80,66,59,35,22,22,22,22,18,0],"gold":79,"neow_bonus":"TEN_PERCENT_HP_BONUS","is_prod":false,"is_daily":false,"chose_seed":false,"campfire_upgraded":5,"win_rate":0,"timestamp":1555284931,"path_taken":["M","$","?","M","M","R","M","R","T","E","M","M","$","?","R","BOSS","M","M","M","M","M","E","M","R","T","R","E","M"],"build_version":"2019-01-23","purchased_purges":2,"victory":false,"max_hp_per_floor":[88,88,88,88,88,88,88,88,88,88,88,88,88,88,88,88,88,88,88,88,88,88,88,88,88,88,88,88,88],"card_choices":[{"not_picked":["Cleave","Perfected Strike"],"picked":"Anger","floor":1},{"not_picked":["Carnage","Evolve"],"picked":"Entrench","floor":4},{"not_picked":["Perfected Strike","Wild Strike"],"picked":"Inflame","floor":5},{"not_picked":["Cleave","Searing Blow"],"picked":"Whirlwind","floor":7},{"not_picked":["Immolate","Perfected Strike"],"picked":"Shrug It Off","floor":10},{"not_picked":["Thunderclap","Havoc","Searing Blow"],"picked":"SKIP","floor":11},{"not_picked":["Heavy Blade","Twin Strike"],"picked":"Uppercut","floor":12},{"not_picked":["Twin Strike","Shrug It Off"],"picked":"Armaments","floor":14},{"not_picked":["Brutality","Bludgeon"],"picked":"Reaper","floor":16},{"not_picked":["Seeing Red+1","Clothesline+1","Armaments"],"picked":"SKIP","floor":18},{"not_picked":["Shrug It Off+1","Entrench"],"picked":"Pommel Strike","floor":19},{"not_picked":["Burning Pact","Thunderclap+1"],"picked":"Rampage+1","floor":20},{"not_picked":["Burning Pact+1","Clothesline"],"picked":"Disarm","floor":21},{"not_picked":["Dark Embrace","Perfected Strike+1","True Grit+1"],"picked":"SKIP","floor":22},{"not_picked":["Infernal Blade","Rupture"],"picked":"Pommel Strike","floor":23},{"not_picked":["Havoc","Corruption+1","Disarm"],"picked":"Heavy Blade+1","floor":24},{"not_picked":["Rage+1","True Grit+1","Blood for Blood"],"picked":"Spot Weakness","floor":28}],"player_experience":73221,"relics_obtained":[{"floor":9,"key":"Bottled Tornado"},{"floor":10,"key":"Darkstone Periapt"},{"floor":23,"key":"Question Card"},{"floor":26,"key":"Ancient Tea Set"},{"floor":28,"key":"Potion Belt"}],"event_choices":[{"damage_healed":0,"gold_gain":0,"player_choice":"Damaged","damage_taken":8,"max_hp_gain":0,"max_hp_loss":0,"event_name":"Wheel of Change","floor":3,"gold_loss":0}],"is_beta":false,"boss_relics":[{"not_picked":["Orrery","Astrolabe"],"picked":"Ectoplasm"}],"items_purged_floors":[2,13],"is_endless":false,"potions_floor_spawned":[4,5,7,14,16,18,20,23,28],"killed_by":"Snecko","ascension_level":2}