{"gold_per_floor":[111,130,146,146,146,146,189,202,202,202,217,250,250,275,275,399,399,399,324,324,324,324,324,324,324,324,324,324,324,324,324,324,324,324,324,324,324,324,250,250,250,250,250,250,250,250,250,54,54,54],"floor_reached":51,"playtime":3946,"items_purged":["Pain"],"score":948,"play_id":"5188d586-86f2-4658-894c-e8824108fdd8","local_time":"20190526221012","is_ascension_mode":true,"campfire_choices":[{"data":"Neutralize","floor":6,"key":"SMITH"},{"data":"Footwork","floor":10,"key":"SMITH"},{"data":"Backflip","floor":13,"key":"SMITH"},{"data":"Noxious Fumes","floor":15,"key":"SMITH"},{"data":"Envenom","floor":23,"key":"SMITH"},{"data":"Footwork","floor":25,"key":"SMITH"},{"data":"Well Laid Plans","floor":29,"key":"SMITH"},{"data":"Survivor","floor":32,"key":"SMITH"},{"data":"Burst","floor":40,"key":"SMITH"},{"data":"Noxious Fumes","floor":42,"key":"SMITH"},{"floor":49,"key":"REST"}],"neow_cost":"NONE","seed_source_timestamp":0,"circlet_count":0,"master_deck":["Defend_G+1","Defend_G+1","Defend_G+1","Defend_G+1","Defend_G+1","Strike_G+1","Strike_G+1","Strike_G+1","Survivor+1","Neutralize+1","Deflect+1","Footwork+1","Corpse Explosion+1","Well Laid Plans+1","Backflip+1","Noxious Fumes+1","Envenom+1","Footwork+1","Burst+1","Deadly Poison+1","Backflip+1","Noxious Fumes+1","Regret","Footwork+1"],"special_seed":0,"relics":["Ring of the Snake","NeowsBlessing","Golden Idol","Mummified Hand","Dodecahedron","Dream Catcher","Ectoplasm","Gremlin Horn","War Paint","Orichalcum","Cursed Key","Juzu Bracelet","Pen Nib","Nunchaku","Bottled Tornado","PreservedInsect"],"potions_floor_usage":[12,12,12,28,38,38,47,50,50],"damage_taken":[{"damage":0.0,"enemies":"Cultist","floor":1.0,"turns":1.0},{"damage":0,"enemies":"Jaw Worm","floor":2,"turns":1},{"damage":0,"enemies":"2 Louse","floor":3,"turns":1},{"damage":16,"enemies":"3 Sentries","floor":7,"turns":6},{"damage":0,"enemies":"Blue Slaver","floor":8,"turns":5},{"damage":0,"enemies":"Large Slime","floor":11,"turns":8},{"damage":0,"enemies":"Gremlin Nob","floor":12,"turns":4},{"damage":0,"enemies":"2 Fungi Beasts","floor":14,"turns":3},{"damage":16,"enemies":"Slime Boss","floor":16,"turns":12},{"damage":0,"enemies":"Spheric Guardian","floor":18,"turns":5},{"damage":6,"enemies":"Chosen","floor":21,"turns":6},{"damage":0,"enemies":"Gremlin Leader","floor":24,"turns":7},{"damage":0,"enemies":"Shelled Parasite and Fungi","floor":27,"turns":6},{"damage":0,"enemies":"Slavers","floor":28,"turns":4},{"damage":0,"enemies":"Snecko","floor":30,"turns":5},{"damage":2,"enemies":"Cultist and Chosen","floor":31,"turns":6},{"damage":0,"enemies":"Automaton","floor":33,"turns":9},{"damage":0,"enemies":"3 Shapes","floor":35,"turns":3},{"damage":0,"enemies":"3 Darklings","floor":38,"turns":3},{"damage":0,"enemies":"Nemesis","floor":41,"turns":7},{"damage":22,"enemies":"2 Orb Walkers","floor":44,"turns":3},{"damage":1,"enemies":"Reptomancer","floor":45,"turns":6},{"damage":5,"enemies":"Transient","floor":47,"turns":5},{"damage":23,"enemies":"Time Eater","floor":50,"turns":12}],"seed_played":"3409382498163031413","potions_obtained":[{"floor":2,"key":"Swift Potion"},{"floor":8,"key":"FearPotion"},{"floor":11,"key":"SkillPotion"},{"floor":14,"key":"Explosive Potion"},{"floor":16,"key":"SpeedPotion"},{"floor":18,"key":"SteroidPotion"},{"floor":24,"key":"SkillPotion"},{"floor":41,"key":"SneckoOil"},{"floor":45,"key":"AttackPotion"},{"floor":47,"key":"SkillPotion"}],"is_trial":false,"path_per_floor":["M","M","M","?","?","R","E","M","T","R","M","E","R","M","R","B",null,"M","?","?","M","?","R","E","R","T","M","E","R","M","M","R","B",null,"M","?","?","M","$","R","E","R","T","?","E","T","M","$","R","B",null],"character_chosen":"THE_SILENT","items_purchased":["Noxious Fumes","Swift Potion","Ancient Potion"],"campfire_rested":1,"item_purchase_floors":[39,48,48],"current_hp_per_floor":[70,70,70,53,58,58,42,42,42,42,42,42,42,42,42,26,75,75,75,75,69,69,69,69,69,69,69,69,69,69,67,67,67,75,75,75,75,75,75,75,75,75,75,53,52,52,47,47,69,46],"gold":54,"neow_bonus":"THREE_ENEMY_KILL","is_prod":false,"is_daily":false,"chose_seed":false,"campfire_upgraded":10,"win_rate":1,"timestamp":1558930212,"path_taken":["M","?","?","?","?","R","E","M","T","R","M","E","R","M","R","BOSS","M","?","?","M","?","R","E","R","T","M","E","R","M","?","R","BOSS","M","?","?","M","$","R","E","R","T","?","E","?","M","$","R","BOSS"],"build_version":"2019-01-23","purchased_purges":1,"victory":true,"max_hp_per_floor":[70,70,70,70,75,75,75,75,75,75,75,75,75,75,75,75,75,75,75,75,75,75,75,75,75,75,75,75,75,75,75,75,75,75,75,75,75,75,75,75,75,75,75,75,75,75,75,75,75,75],"card_choices":[{"not_picked":["Bane","Underhanded Strike"],"picked":"Deflect","floor":1},{"not_picked":["Skewer","Deadly Poison"],"picked":"Footwork","floor":2},{"not_picked":["Blade Dance","PiercingWail"],"picked":"Corpse Explosion","floor":3},{"not_picked":["Poisoned Stab","Slice","Blade Dance"],"picked":"SKIP","floor":7},{"not_picked":["Outmaneuver","Sucker Punch"],"picked":"Well Laid Plans","floor":8},{"not_picked":["Eviscerate","All Out Attack","Slice"],"picked":"SKIP","floor":11},{"not_picked":["Dash","Slice"],"picked":"Backflip","floor":12},{"not_picked":["Heel Hook","Backflip"],"picked":"Noxious Fumes","floor":14},{"not_picked":["Venomology","Doppelganger"],"picked":"Envenom","floor":16},{"not_picked":["Dagger Throw","Poisoned Stab"],"picked":"Footwork","floor":18},{"not_picked":["Dagger Throw","Endless Agony","Quick Slash"],"picked":"SKIP","floor":21},{"not_picked":["Terror+1","PiercingWail","Outmaneuver+1"],"picked":"SKIP","floor":24},{"not_picked":["Crippling Poison","Deadly Poison","Choke+1"],"picked":"SKIP","floor":27},{"not_picked":["Slice+1","Deflect","Underhanded Strike"],"picked":"SKIP","floor":28},{"not_picked":["Dagger Spray+1","Underhanded Strike","Prepared"],"picked":"SKIP","floor":30},{"not_picked":["Dagger Spray+1","PiercingWail","Blade Dance"],"picked":"SKIP","floor":31},{"not_picked":["Envenom","Bullet Time"],"picked":"Burst","floor":33},{"not_picked":["Slice","Tactician"],"picked":"Deadly Poison+1","floor":35},{"not_picked":["Quick Slash+1","Dagger Throw+1"],"picked":"Backflip+1","floor":38},{"not_picked":["Prepared","Finisher","Predator+1"],"picked":"SKIP","floor":41},{"not_picked":["Quick Slash","Deflect+1","Poisoned Stab+1"],"picked":"SKIP","floor":45},{"not_picked":["Poisoned Stab+1","Backstab+1"],"picked":"Footwork+1","floor":47}],"player_experience":13913,"relics_obtained":[{"floor":7,"key":"Mummified Hand"},{"floor":9,"key":"Dodecahedron"},{"floor":12,"key":"Dream Catcher"},{"floor":24,"key":"Gremlin Horn"},{"floor":26,"key":"War Paint"},{"floor":28,"key":"Orichalcum"},{"floor":41,"key":"Juzu Bracelet"},{"floor":43,"key":"Pen Nib"},{"floor":44,"key":"Nunchaku"},{"floor":45,"key":"Bottled Tornado"},{"floor":46,"key":"PreservedInsect"}],"event_choices":[{"damage_healed":0,"gold_gain":0,"player_choice":"Take Damage","damage_taken":17,"relics_obtained":["Golden Idol"],"max_hp_gain":0,"max_hp_loss":0,"event_name":"Golden Idol","floor":4,"gold_loss":0},{"damage_healed":0,"gold_gain":0,"player_choice":"Donut","damage_taken":0,"max_hp_gain":5,"max_hp_loss":0,"event_name":"Big Fish","floor":5,"gold_loss":0},{"cards_removed":["Strike_G"],"damage_healed":0,"gold_gain":0,"player_choice":"Gave Gold","damage_taken":0,"max_hp_gain":0,"max_hp_loss":0,"event_name":"Beggar","floor":19,"gold_loss":75},{"damage_healed":0,"gold_gain":99,"player_choice":"Stole From Cult","damage_taken":0,"max_hp_gain":0,"max_hp_loss":0,"event_name":"Nest","floor":20,"gold_loss":0},{"damage_healed":0,"gold_gain":0,"player_choice":"Simplicity","damage_taken":0,"max_hp_gain":0,"max_hp_loss":0,"event_name":"Back to Basics","floor":22,"gold_loss":0,"cards_upgraded":["Defend_G","Defend_G","Defend_G","Defend_G","Defend_G","Strike_G","Strike_G","Strike_G","Strike_G"]},{"cards_removed":["Strike_G"],"damage_healed":0,"gold_gain":0,"player_choice":"Removed Attack","damage_taken":0,"max_hp_gain":0,"max_hp_loss":0,"event_name":"Falling","floor":36,"gold_loss":0},{"damage_healed":0,"gold_gain":0,"player_choice":"Ignored","damage_taken":0,"max_hp_gain":0,"max_hp_loss":0,"event_name":"The Moai Head","floor":37,"gold_loss":0},{"damage_healed":0,"gold_gain":0,"player_choice":"Fight","damage_taken":0,"max_hp_gain":0,"max_hp_loss":0,"event_name":"Mysterious Sphere","floor":44,"gold_loss":0}],"is_beta":false,"boss_relics":[{"not_picked":["White Beast Statue","Runic Pyramid"],"picked":"Ectoplasm"},{"not_picked":["Coffee Dripper","Fusion Hammer"],"picked":"Cursed Key"}],"items_purged_floors":[48],"is_endless":false,"potions_floor_spawned":[2,8,11,14,16,18,21,24,41,45,47],"ascension_level":1}