{"gold_per_floor":[119,119,119,194,208,208,248,248,274,274,288,313,349,374,374,374],"floor_reached":16,"playtime":404,"items_purged":[],"score":236,"play_id":"4c1bc47b-cfd7-4ed2-897f-90ff7b620d86","local_time":"20190524084955","is_ascension_mode":true,"campfire_choices":[{"data":"Bash","floor":6,"key":"SMITH"},{"data":"Clothesline","floor":8,"key":"SMITH"},{"data":"Body Slam","floor":15,"key":"SMITH"}],"neow_cost":"NONE","seed_source_timestamp":375113461972390,"circlet_count":0,"master_deck":["AscendersBane","Strike_R","Strike_R","Strike_R","Strike_R","Strike_R","Defend_R","Defend_R+1","Defend_R","Defend_R+1","Bash+1","Clothesline+1","Headbutt","Offering","Flame Barrier","Shrug It Off","Body Slam+1"],"relics":["Burning Blood","NeowsBlessing","Golden Idol","Bag of Marbles","Strawberry","Bottled Lightning"],"potions_floor_usage":[13],"damage_taken":[{"damage":0,"enemies":"2 Louse","floor":1,"turns":1},{"damage":0,"enemies":"Jaw Worm","floor":5,"turns":1},{"damage":0,"enemies":"3 Sentries","floor":7,"turns":2},{"damage":0,"enemies":"Small Slimes","floor":11,"turns":3},{"damage":7,"enemies":"2 Fungi Beasts","floor":12,"turns":3},{"damage":12,"enemies":"Gremlin Nob","floor":13,"turns":4},{"damage":6,"enemies":"Blue Slaver","floor":14,"turns":3},{"damage":47,"enemies":"Slime Boss","floor":16,"turns":6}],"seed_played":"-647127417956888191","potions_obtained":[{"floor":1,"key":"Ancient Potion"},{"floor":5,"key":"Block Potion"}],"is_trial":false,"path_per_floor":["M","?","?","?","M","R","E","R","T","?","M","M","E","M","R","B"],"character_chosen":"IRONCLAD","items_purchased":[],"campfire_rested":0,"item_purchase_floors":[],"current_hp_per_floor":[74,48,48,37,43,43,49,49,56,31,37,36,30,30,30,0],"gold":374,"neow_bonus":"THREE_ENEMY_KILL","is_prod":false,"is_daily":false,"chose_seed":false,"campfire_upgraded":3,"win_rate":0,"timestamp":1558702195,"path_taken":["M","?","?","?","M","R","E","R","T","?","M","M","E","M","R","BOSS"],"build_version":"2019-01-23","purchased_purges":0,"victory":false,"max_hp_per_floor":[75,75,75,75,75,75,75,75,82,82,82,82,82,82,82,82],"card_choices":[{"not_picked":["Carnage","Second Wind"],"picked":"Clothesline","floor":1},{"not_picked":["Twin Strike","Dual Wield"],"picked":"Headbutt","floor":5},{"not_picked":["Armaments","Iron Wave"],"picked":"Offering","floor":7},{"not_picked":["Intimidate","Body Slam","Flex"],"picked":"SKIP","floor":11},{"not_picked":["Bloodletting","Thunderclap"],"picked":"Flame Barrier","floor":12},{"not_picked":["Cleave","Clash"],"picked":"Shrug It Off","floor":13},{"not_picked":["Twin Strike","True Grit"],"picked":"Body Slam","floor":14}],"player_experience":1289709,"relics_obtained":[{"floor":7,"key":"Bag of Marbles"},{"floor":9,"key":"Strawberry"},{"floor":13,"key":"Bottled Lightning"}],"event_choices":[{"damage_healed":0,"gold_gain":0,"player_choice":"Take Damage","damage_taken":26,"relics_obtained":["Golden Idol"],"max_hp_gain":0,"max_hp_loss":0,"event_name":"Golden Idol","floor":2,"gold_loss":0},{"damage_healed":0,"gold_gain":0,"player_choice":"Ignored","damage_taken":0,"max_hp_gain":0,"max_hp_loss":0,"event_name":"Liars Game","floor":3,"gold_loss":0},{"damage_healed":0,"gold_gain":75,"player_choice":"Gather Gold","damage_taken":11,"max_hp_gain":0,"max_hp_loss":0,"event_name":"World of Goop","floor":4,"gold_loss":0},{"damage_healed":0,"gold_gain":0,"player_choice":"Entered Light","damage_taken":25,"max_hp_gain":0,"max_hp_loss":0,"event_name":"Shining Light","floor":10,"gold_loss":0,"cards_upgraded":["Defend_R","Defend_R"]}],"is_beta":false,"boss_relics":[],"items_purged_floors":[],"is_endless":false,"potions_floor_spawned":[1,5],"killed_by":"Slime Boss","ascension_level":15}