{"gold_per_floor":[111,123,48,68,83,83,115,190,190,190,190,6,25,43,43,147,147,160,171,204,204],"floor_reached":21,"playtime":1838,"items_purged":["Strike_B"],"score":199,"play_id":"8c0f4caf-d72d-47c8-baf3-86c4c9714702","local_time":"20190425182034","is_ascension_mode":true,"campfire_choices":[{"data":"Coolheaded","floor":6,"key":"SMITH"},{"data":"Multi-Cast","floor":11,"key":"SMITH"},{"data":"Apotheosis","floor":15,"key":"SMITH"}],"neow_cost":"NONE","seed_source_timestamp":4424261402656508,"circlet_count":0,"master_deck":["Strike_B","Strike_B","Defend_B","Defend_B","Defend_B","Zap","Dualcast","Capacitor","Ball Lightning","Coolheaded+1","Ball Lightning","Multi-Cast+1","Apotheosis+1","Self Repair","BootSequence","Machine Learning","Hologram+1"],"relics":["Cracked Core","Bag of Marbles","Meat on the Bone","Empty Cage","Red Mask"],"potions_floor_usage":[14,16,20,21],"damage_taken":[{"damage":6,"enemies":"Cultist","floor":1,"turns":3},{"damage":5,"enemies":"Small Slimes","floor":2,"turns":4},{"damage":8,"enemies":"2 Louse","floor":4,"turns":2},{"damage":9,"enemies":"Blue Slaver","floor":5,"turns":3},{"damage":24,"enemies":"3 Sentries","floor":7,"turns":8},{"damage":0,"enemies":"2 Fungi Beasts","floor":13,"turns":3},{"damage":22,"enemies":"Exordium Thugs","floor":14,"turns":4},{"damage":4,"enemies":"Slime Boss","floor":16,"turns":9},{"damage":16,"enemies":"Spheric Guardian","floor":18,"turns":4},{"damage":2,"enemies":"Chosen","floor":19,"turns":4},{"damage":37,"enemies":"Masked Bandits","floor":20,"turns":5},{"damage":47,"enemies":"Snecko","floor":21,"turns":5}],"seed_played":"-3454806215892932216","potions_obtained":[{"floor":5,"key":"Ancient Potion"},{"floor":13,"key":"LiquidBronze"},{"floor":14,"key":"Energy Potion"},{"floor":16,"key":"Swift Potion"},{"floor":18,"key":"FocusPotion"},{"floor":20,"key":"SteroidPotion"}],"is_trial":false,"path_per_floor":["M","M","$","M","M","R","E","?","T","?","R","$","M","M","R","B",null,"M","M","?","M"],"character_chosen":"DEFECT","items_purchased":["Apotheosis"],"campfire_rested":0,"item_purchase_floors":[12],"current_hp_per_floor":[69,64,64,56,47,47,23,12,12,12,12,12,24,24,24,32,75,69,75,48,1],"gold":204,"neow_bonus":"THREE_CARDS","is_prod":false,"is_daily":false,"chose_seed":false,"campfire_upgraded":3,"win_rate":0,"timestamp":1556230834,"path_taken":["M","M","$","M","?","R","E","?","T","?","R","$","M","M","R","BOSS","M","M","?","M"],"build_version":"2019-01-23","purchased_purges":1,"victory":false,"max_hp_per_floor":[75,75,75,75,75,75,75,75,75,75,75,75,75,75,75,75,75,75,75,75,75],"card_choices":[{"not_picked":["Steam","Hologram"],"picked":"Capacitor","floor":0},{"not_picked":["Rebound","Streamline","Doom and Gloom"],"picked":"SKIP","floor":1},{"not_picked":["Redo","Rip and Tear"],"picked":"Ball Lightning","floor":2},{"not_picked":["Hologram","Compile Driver"],"picked":"Coolheaded","floor":4},{"not_picked":["Undo","Stack"],"picked":"Ball Lightning","floor":5},{"not_picked":["Lockon","Force Field"],"picked":"Multi-Cast","floor":7},{"not_picked":["Chill","Turbo"],"picked":"Self Repair","floor":13},{"not_picked":["Redo","Coolheaded"],"picked":"BootSequence","floor":14},{"not_picked":["All For One","Hyperbeam"],"picked":"Machine Learning","floor":16},{"not_picked":["Gash","Sweeping Beam+1","Steam"],"picked":"SKIP","floor":18},{"not_picked":["Streamline","Lockon"],"picked":"Hologram+1","floor":19}],"player_experience":140085,"relics_obtained":[{"floor":7,"key":"Bag of Marbles"},{"floor":20,"key":"Red Mask"}],"event_choices":[{"damage_healed":0,"gold_gain":75,"player_choice":"Gather Gold","damage_taken":11,"max_hp_gain":0,"max_hp_loss":0,"event_name":"World of Goop","floor":8,"gold_loss":0},{"damage_healed":0,"gold_gain":0,"player_choice":"Searched \u00272\u0027 times","damage_taken":0,"relics_obtained":["Meat on the Bone"],"max_hp_gain":0,"max_hp_loss":0,"event_name":"Dead Adventurer","floor":10,"gold_loss":0},{"damage_healed":0,"gold_gain":0,"player_choice":"Fought Bandits","damage_taken":0,"max_hp_gain":0,"max_hp_loss":0,"event_name":"Masked Bandits","floor":20,"gold_loss":0}],"is_beta":false,"boss_relics":[{"not_picked":["Snecko Eye","White Beast Statue"],"picked":"Empty Cage"}],"items_purged_floors":[3],"is_endless":false,"potions_floor_spawned":[5,13,14,16,18,20],"killed_by":"Snecko","ascension_level":2}