{"gold_per_floor":[114,189,264,283,44,75,90,90,140,154,172,185,165,176,176,280,280,293,306,49,65,65,65,65,65,115,115,130,130,155,170,170,265,265,283,294,169,186,204,235,5,5,5,5,21,52,64,91,103,115],"floor_reached":50,"playtime":3875,"items_purged":["Defend_G","Strike_G","Decay","Defend_G"],"score":551,"play_id":"aad415a0-a5a8-4b1c-9e8c-f88ca3b870a5","local_time":"20190310105724","is_ascension_mode":false,"campfire_choices":[{"data":"Crippling Poison","floor":8,"key":"SMITH"},{"floor":15,"key":"REST"},{"data":"Crippling Poison","floor":23,"key":"SMITH"},{"data":"Cloak And Dagger","floor":27,"key":"SMITH"},{"floor":32,"key":"REST"},{"floor":42,"key":"REST"},{"floor":44,"key":"REST"},{"data":"Acrobatics","floor":47,"key":"SMITH"},{"floor":49,"key":"REST"}],"neow_cost":"NONE","seed_source_timestamp":1846076627760800,"circlet_count":0,"master_deck":["Defend_G","Defend_G","Defend_G","Strike_G","Strike_G","Strike_G","Survivor","Neutralize+1","Cloak And Dagger+1","Crippling Poison+1","Crippling Poison+1","Blade Dance","Noxious Fumes","Poisoned Stab","Poisoned Stab","Poisoned Stab","Acrobatics+1","Bullet Time","Bane","Backstab+1","Caltrops+1","Backflip","Tools of the Trade","Cloak And Dagger+1","Acrobatics","Blur","Bullet Time","Expertise+1"],"relics":["Ring of the Snake","Oddly Smooth Stone","Bag of Preparation","Philosopher\u0027s Stone","Snake Skull","MutagenicStrength","Pen Nib","Letter Opener","Busted Crown","Pear","Molten Egg 2","MawBank"],"potions_floor_usage":[16,19,33,33,33,46,50],"damage_taken":[{"damage":2,"enemies":"Jaw Worm","floor":1,"turns":7},{"damage":0,"enemies":"2 Louse","floor":4,"turns":3},{"damage":16,"enemies":"3 Sentries","floor":6,"turns":6},{"damage":0,"enemies":"Cultist","floor":7,"turns":3},{"damage":2,"enemies":"Blue Slaver","floor":10,"turns":3},{"damage":8,"enemies":"Gremlin Gang","floor":11,"turns":3},{"damage":0,"enemies":"Looter","floor":12,"turns":3},{"damage":2,"enemies":"Large Slime","floor":14,"turns":5},{"damage":24,"enemies":"The Guardian","floor":16,"turns":10},{"damage":8,"enemies":"2 Thieves","floor":18,"turns":4},{"damage":12,"enemies":"3 Byrds","floor":19,"turns":4},{"damage":2,"enemies":"Centurion and Healer","floor":21,"turns":4},{"damage":8,"enemies":"Snake Plant","floor":28,"turns":4},{"damage":24,"enemies":"Gremlin Leader","floor":30,"turns":4},{"damage":16,"enemies":"Shelled Parasite and Fungi","floor":31,"turns":3},{"damage":22,"enemies":"Automaton","floor":33,"turns":7},{"damage":8,"enemies":"3 Shapes","floor":35,"turns":3},{"damage":16,"enemies":"3 Darklings","floor":36,"turns":3},{"damage":8,"enemies":"Maw","floor":38,"turns":5},{"damage":0,"enemies":"Transient","floor":39,"turns":5},{"damage":21,"enemies":"Nemesis","floor":40,"turns":5},{"damage":4,"enemies":"Jaw Worm Horde","floor":45,"turns":4},{"damage":11,"enemies":"Giant Head","floor":46,"turns":7},{"damage":8,"enemies":"Spire Growth","floor":48,"turns":3},{"damage":85,"enemies":"Awakened One","floor":50,"turns":9}],"seed_played":"2464235687305130024","potions_obtained":[{"floor":1,"key":"Ancient Potion"},{"floor":4,"key":"GamblersBrew"},{"floor":6,"key":"Poison Potion"},{"floor":13,"key":"Ancient Potion"},{"floor":16,"key":"Fruit Juice"},{"floor":29,"key":"Swift Potion"},{"floor":29,"key":"Swift Potion"},{"floor":31,"key":"GhostInAJar"},{"floor":36,"key":"Strength Potion"},{"floor":38,"key":"AttackPotion"}],"is_trial":false,"path_per_floor":["M","?","?","M","$","E","M","R","T","M","M","M","?","M","R","B",null,"M","M","$","M","?","R","?","?","T","R","M","?","E","M","R","B",null,"M","M","$","M","M","E","$","R","T","R","M","E","R","M","R","B"],"character_chosen":"THE_SILENT","items_purchased":["Crippling Poison","Blade Dance","Noxious Fumes","Snake Skull","Blur"],"campfire_rested":5,"item_purchase_floors":[5,5,5,20,41],"current_hp_per_floor":[68,57,50,50,50,34,34,34,34,32,24,24,24,22,43,19,70,62,55,55,53,53,53,53,53,53,53,45,45,21,5,27,5,75,67,51,51,43,43,32,32,57,57,82,78,67,67,59,84,0],"gold":115,"neow_bonus":"UPGRADE_CARD","is_prod":false,"is_daily":false,"chose_seed":false,"campfire_upgraded":4,"win_rate":0,"timestamp":1552233444,"path_taken":["M","?","?","M","$","E","M","R","T","?","M","M","?","M","R","BOSS","M","?","$","M","?","R","?","?","T","R","?","?","E","M","R","BOSS","M","M","$","?","M","E","$","R","T","R","M","E","R","M","R","BOSS"],"build_version":"2019-01-23","purchased_purges":4,"victory":false,"max_hp_per_floor":[70,70,70,70,70,70,70,70,70,70,70,70,70,70,70,70,70,70,75,75,75,75,75,75,75,75,75,75,75,75,75,75,75,75,75,75,75,75,75,85,85,85,85,85,85,85,85,85,85,85],"card_choices":[{"not_picked":["Reflex","Slice"],"picked":"Cloak And Dagger","floor":1},{"not_picked":["Leg Sweep","Deadly Poison"],"picked":"Crippling Poison","floor":4},{"not_picked":["Infinite Blades","Quick Slash"],"picked":"Poisoned Stab","floor":6},{"not_picked":["Slice","Infinite Blades"],"picked":"Poisoned Stab","floor":7},{"not_picked":["Tactician","Dagger Spray","Dagger Throw"],"picked":"SKIP","floor":10},{"not_picked":["Grand Finale","Slice"],"picked":"Poisoned Stab","floor":11},{"not_picked":["Setup","Blade Dance","Deflect"],"picked":"SKIP","floor":12},{"not_picked":["PiercingWail","Infinite Blades"],"picked":"Acrobatics","floor":14},{"not_picked":["Die Die Die","Malaise"],"picked":"Bullet Time","floor":16},{"not_picked":["Acrobatics","Poisoned Stab","Cloak And Dagger"],"picked":"SKIP","floor":18},{"not_picked":["Acrobatics+1","Deadly Poison"],"picked":"Bane","floor":19},{"not_picked":["Cloak And Dagger","Infinite Blades","All Out Attack"],"picked":"SKIP","floor":21},{"not_picked":["Predator","Prepared"],"picked":"Backstab+1","floor":28},{"not_picked":["Escape Plan","Quick Slash"],"picked":"Caltrops+1","floor":30},{"not_picked":["Noxious Fumes","Caltrops"],"picked":"Backflip","floor":31},{"not_picked":["Glass Knife","A Thousand Cuts"],"picked":"Tools of the Trade","floor":33},{"not_picked":[],"picked":"Cloak And Dagger+1","floor":35},{"not_picked":["Slice"],"picked":"SKIP","floor":36},{"not_picked":["Slice"],"picked":"SKIP","floor":38},{"not_picked":["Dagger Throw"],"picked":"SKIP","floor":39},{"not_picked":[],"picked":"Acrobatics","floor":40},{"not_picked":["Eviscerate+1"],"picked":"SKIP","floor":45},{"not_picked":[],"picked":"Bullet Time","floor":46},{"not_picked":[],"picked":"Expertise+1","floor":48}],"player_experience":123365,"relics_obtained":[{"floor":6,"key":"Oddly Smooth Stone"},{"floor":9,"key":"Bag of Preparation"},{"floor":26,"key":"Pen Nib"},{"floor":30,"key":"Letter Opener"},{"floor":40,"key":"Pear"},{"floor":43,"key":"Molten Egg 2"},{"floor":46,"key":"MawBank"}],"event_choices":[{"damage_healed":0,"gold_gain":75,"player_choice":"Gather Gold","damage_taken":11,"max_hp_gain":0,"max_hp_loss":0,"event_name":"World of Goop","floor":2,"gold_loss":0},{"damage_healed":0,"gold_gain":75,"player_choice":"Touch","damage_taken":7,"max_hp_gain":0,"max_hp_loss":0,"event_name":"FaceTrader","floor":3,"gold_loss":0},{"damage_healed":0,"gold_gain":0,"player_choice":"Bought 1 Potion","damage_taken":0,"max_hp_gain":0,"max_hp_loss":0,"event_name":"The Woman in Blue","floor":13,"gold_loss":0},{"damage_healed":0,"gold_gain":0,"player_choice":"Smashed Altar","damage_taken":0,"max_hp_gain":0,"max_hp_loss":0,"event_name":"Forgotten Altar","floor":22,"gold_loss":0,"cards_obtained":["Decay"]},{"damage_healed":0,"gold_gain":0,"player_choice":"Inject Mutagens","damage_taken":0,"relics_obtained":["MutagenicStrength"],"max_hp_gain":0,"max_hp_loss":0,"event_name":"Drug Dealer","floor":24,"gold_loss":0},{"cards_removed":["Strike_G"],"damage_healed":0,"gold_gain":0,"player_choice":"Offered Basic","damage_taken":0,"max_hp_gain":0,"max_hp_loss":0,"event_name":"Bonfire Elementals","floor":25,"gold_loss":0},{"damage_healed":0,"gold_gain":0,"player_choice":"Got Potions","damage_taken":0,"max_hp_gain":0,"max_hp_loss":0,"event_name":"Lab","floor":29,"gold_loss":0}],"is_beta":false,"boss_relics":[{"not_picked":["WristBlade","Calling Bell"],"picked":"Philosopher\u0027s Stone"},{"not_picked":["Empty Cage","Fusion Hammer"],"picked":"Busted Crown"}],"items_purged_floors":[5,20,37,41],"is_endless":false,"potions_floor_spawned":[1,4,6,16,30,31,36,38],"killed_by":"Awakened One","ascension_level":0}