{"gold_per_floor":[13,26,37,53,53,53,66,94,94,94,94,94,16,30,30,126,126,107,107,67,67],"floor_reached":21,"playtime":1180,"items_purged":[],"score":358,"play_id":"d480765e-4be3-4c66-ace4-7a1c40c76da9","local_time":"20190516012821","is_ascension_mode":true,"campfire_choices":[{"data":"Zap","floor":6.0,"key":"SMITH"},{"data":"Creative AI","floor":10.0,"key":"SMITH"},{"floor":12.0,"key":"REST"},{"data":"Loop","floor":15.0,"key":"SMITH"}],"neow_cost":"NO_GOLD","seed_source_timestamp":124821143107698,"circlet_count":0,"master_deck":["AscendersBane","Strike_B","Strike_B","Strike_B","Strike_B","Defend_B","Defend_B","Defend_B","Defend_B","Zap+1","Dualcast","Creative AI+1","Lockon","Ball Lightning","Compile Driver","Loop+1","Coolheaded","Machine Learning+1","Capacitor+1","Seek","Glacier","Storm+1"],"special_seed":0,"relics":["Cracked Core","Frozen Egg 2","Sundial","Golden Idol","Sozu"],"potions_floor_usage":[],"damage_taken":[{"damage":0.0,"enemies":"2 Louse","floor":1.0,"turns":2.0},{"damage":0.0,"enemies":"Cultist","floor":2.0,"turns":3.0},{"damage":7.0,"enemies":"Jaw Worm","floor":3.0,"turns":2.0},{"damage":17.0,"enemies":"Exordium Wildlife","floor":4.0,"turns":4.0},{"damage":7.0,"enemies":"Exordium Thugs","floor":7.0,"turns":4.0},{"damage":13.0,"enemies":"Lagavulin","floor":8.0,"turns":5.0},{"damage":18.0,"enemies":"Large Slime","floor":14.0,"turns":4.0},{"damage":12.0,"enemies":"The Guardian","floor":16.0,"turns":12.0},{"damage":28,"enemies":"2 Thieves","floor":18,"turns":4},{"damage":25,"enemies":"Shell Parasite","floor":21,"turns":2}],"seed_played":"-3932333757935445221","potions_obtained":[{"floor":1.0,"key":"Dexterity Potion"},{"floor":4.0,"key":"GamblersBrew"},{"floor":5.0,"key":"Block Potion"},{"floor":5.0,"key":"EntropicBrew"},{"floor":8.0,"key":"EssenceOfSteel"}],"is_trial":false,"path_per_floor":["M","M","M","M","?","R","M","E","T","R","?","R","$","M","R","B",null,"M","?","$","M"],"character_chosen":"DEFECT","items_purchased":["Capacitor+1","Storm+1"],"campfire_rested":1,"item_purchase_floors":[13,20],"current_hp_per_floor":[64,64,57,40,40,40,33,20,20,20,20,39,39,21,21,9,50,22,22,22,0],"gold":67,"neow_bonus":"THREE_RARE_CARDS","is_prod":false,"is_daily":false,"chose_seed":false,"campfire_upgraded":3,"win_rate":0,"timestamp":1557984501,"path_taken":["M","M","M","M","?","R","?","E","T","R","?","R","?","M","R","BOSS","M","?","?","M"],"build_version":"2019-01-23","purchased_purges":0,"victory":false,"max_hp_per_floor":[71,71,71,71,71,71,71,71,71,71,64,64,64,64,64,64,64,64,64,64,64],"card_choices":[{"not_picked":["Seek","Rainbow"],"picked":"Creative AI","floor":0.0},{"not_picked":["Gash","Beam Cell"],"picked":"Lockon","floor":1.0},{"not_picked":["Double Energy","Consume"],"picked":"Ball Lightning","floor":2.0},{"not_picked":["Ball Lightning","Streamline"],"picked":"Compile Driver","floor":3.0},{"not_picked":["Rebound","Leap"],"picked":"Loop","floor":4.0},{"not_picked":["Go for the Eyes","Steam"],"picked":"Coolheaded","floor":7.0},{"not_picked":["Skim","Ball Lightning"],"picked":"Machine Learning","floor":8.0},{"not_picked":["Go for the Eyes","White Noise","Coolheaded"],"picked":"SKIP","floor":14.0},{"not_picked":["Echo Form+1","Creative AI+1"],"picked":"Seek","floor":16.0},{"not_picked":["Streamline","Recycle"],"picked":"Glacier","floor":18}],"player_experience":680073,"relics_obtained":[{"floor":8.0,"key":"Frozen Egg 2"},{"floor":9.0,"key":"Sundial"}],"event_choices":[{"damage_healed":0.0,"max_hp_gain":0.0,"max_hp_loss":0.0,"gold_gain":0.0,"event_name":"Lab","player_choice":"Got Potions","floor":5.0,"gold_loss":0.0,"damage_taken":0.0},{"damage_healed":0.0,"max_hp_gain":0.0,"max_hp_loss":7.0,"gold_gain":0.0,"event_name":"Golden Idol","player_choice":"Lose Max HP","floor":11.0,"gold_loss":0.0,"damage_taken":0.0,"relics_obtained":["Golden Idol"]},{"damage_healed":0,"gold_gain":0,"player_choice":"Ignored","damage_taken":0,"max_hp_gain":0,"max_hp_loss":0,"event_name":"N\u0027loth","floor":19,"gold_loss":0}],"is_beta":false,"boss_relics":[{"not_picked":["Tiny House","White Beast Statue"],"picked":"Sozu"}],"items_purged_floors":[],"is_endless":false,"potions_floor_spawned":[1,4,7,8],"killed_by":"Shell Parasite","ascension_level":20}