{"gold_per_floor":[116,126,126,126,126,126,151,151,231,245,27,41,41,70,70,168,168,187,102,9,9,9,41,60,89,89,116,116,116,128,143,143,239,239,249,324,337,337,164,192,79,96,96,96,111,111,111,122,122,122],"floor_reached":51,"playtime":4362,"items_purged":["Strike_G","Masterful Stab","Defend_G"],"score":816,"play_id":"5b170127-e59e-4d99-a053-e77edb628765","local_time":"20190310122229","is_ascension_mode":false,"campfire_choices":[{"data":"Crippling Poison","floor":6,"key":"SMITH"},{"floor":8,"key":"REST"},{"data":"Crippling Poison","floor":15,"key":"SMITH"},{"data":"Corpse Explosion","floor":28,"key":"SMITH"},{"data":"Bouncing Flask","floor":32,"key":"SMITH"},{"data":"Adrenaline","floor":46,"key":"SMITH"},{"data":"Catalyst","floor":49,"key":"SMITH"}],"neow_cost":"NONE","seed_source_timestamp":1850688016590200,"circlet_count":0,"master_deck":["Defend_G","Defend_G","Defend_G","Survivor","Neutralize","PiercingWail","Crippling Poison+1","Terror","Crippling Poison+1","Concentrate","Noxious Fumes","Die Die Die","Deadly Poison","Cloak And Dagger","Bane","Leg Sweep","Reflex","Backflip","Well Laid Plans","Bite","Bite","Bite","Bite","Bite","RitualDagger","Corpse Explosion+1","Bouncing Flask+1","Prepared","Poisoned Stab+1","Acrobatics","Adrenaline+1","Backflip+1","Backflip","The Bomb","Catalyst+1","Catalyst+1","Catalyst+1","Backflip+1","Backstab"],"relics":["Ring of the Snake","Matryoshka","Pocketwatch","Dodecahedron","Mercury Hourglass","Blood Vial","Lantern","Meat on the Bone","Ornamental Fan","Orrery","Paper Crane","Orichalcum","Happy Flower","Darkstone Periapt","Juzu Bracelet","Velvet Choker","MawBank","Pantograph"],"potions_floor_usage":[27,27,33],"damage_taken":[{"damage":2,"enemies":"Small Slimes","floor":1,"turns":4},{"damage":4,"enemies":"2 Louse","floor":2,"turns":3},{"damage":18,"enemies":"3 Sentries","floor":7,"turns":8},{"damage":0,"enemies":"Cultist","floor":10,"turns":2},{"damage":0,"enemies":"Exordium Thugs","floor":12,"turns":3},{"damage":3,"enemies":"Lagavulin","floor":14,"turns":5},{"damage":17,"enemies":"Hexaghost","floor":16,"turns":9},{"damage":6,"enemies":"2 Thieves","floor":18,"turns":3},{"damage":15,"enemies":"Book of Stabbing","floor":23,"turns":7},{"damage":0,"enemies":"Chosen","floor":24,"turns":4},{"damage":0,"enemies":"Gremlin Leader","floor":25,"turns":5},{"damage":12,"enemies":"Slavers","floor":27,"turns":3},{"damage":0,"enemies":"Shelled Parasite and Fungi","floor":30,"turns":4},{"damage":0,"enemies":"3 Cultists","floor":31,"turns":3},{"damage":20,"enemies":"Automaton","floor":33,"turns":9},{"damage":0,"enemies":"3 Shapes","floor":35,"turns":2},{"damage":8,"enemies":"3 Darklings","floor":37,"turns":2},{"damage":18,"enemies":"Giant Head","floor":40,"turns":7},{"damage":3,"enemies":"Writhing Mass","floor":42,"turns":3},{"damage":17,"enemies":"Jaw Worm Horde","floor":45,"turns":2},{"damage":4,"enemies":"Sphere and 2 Shapes","floor":48,"turns":3},{"damage":29,"enemies":"Donu and Deca","floor":50,"turns":4}],"seed_played":"5575271885639200487","potions_obtained":[{"floor":1,"key":"Ancient Potion"},{"floor":7,"key":"Block Potion"},{"floor":10,"key":"LiquidBronze"},{"floor":14,"key":"GamblersBrew"},{"floor":25,"key":"AttackPotion"},{"floor":27,"key":"Block Potion"},{"floor":30,"key":"EntropicBrew"},{"floor":33,"key":"EssenceOfSteel"}],"is_trial":false,"path_per_floor":["M","M","?","?","?","R","E","R","T","M","$","M","T","E","R","B",null,"M","?","$","?","?","E","M","E","T","E","R","?","M","M","R","B",null,"M","?","M","?","$","E","$","M","T","?","M","R","?","M","R","B",null],"character_chosen":"THE_SILENT","items_purchased":["Blood Vial","Backflip","Well Laid Plans","Catalyst"],"campfire_rested":1,"item_purchase_floors":[11,20,20,39],"current_hp_per_floor":[68,64,50,50,50,50,32,53,53,53,53,55,55,54,54,39,70,64,64,64,49,43,42,49,49,49,39,39,49,49,49,49,47,49,49,45,39,39,39,31,31,36,36,36,33,33,33,33,33,32],"gold":122,"neow_bonus":"THREE_CARDS","is_prod":false,"is_daily":false,"chose_seed":false,"campfire_upgraded":6,"win_rate":0,"timestamp":1552238549,"path_taken":["M","M","?","?","?","R","E","R","T","?","$","M","?","E","R","BOSS","M","?","$","?","?","E","?","E","T","E","R","?","M","M","R","BOSS","M","?","M","?","$","E","$","M","T","?","M","R","?","M","R","BOSS"],"build_version":"2019-01-23","purchased_purges":3,"victory":true,"max_hp_per_floor":[70,70,70,70,70,70,70,70,70,70,70,70,70,70,70,70,70,70,70,70,49,49,49,49,49,49,49,49,49,49,49,49,49,49,49,49,49,49,49,49,49,49,49,49,49,49,49,49,49,49],"card_choices":[{"not_picked":["Dodge and Roll","Deflect"],"picked":"PiercingWail","floor":0},{"not_picked":["Underhanded Strike","Reflex"],"picked":"Crippling Poison","floor":1},{"not_picked":["Deflect","Dagger Spray","Slice"],"picked":"SKIP","floor":2},{"not_picked":["Tactician","Footwork"],"picked":"Terror","floor":7},{"not_picked":["Choke","Predator"],"picked":"Crippling Poison","floor":10},{"not_picked":["Masterful Stab","Outmaneuver"],"picked":"Concentrate","floor":12},{"not_picked":["Accuracy","Tactician"],"picked":"Noxious Fumes","floor":14},{"not_picked":["Doppelganger","Night Terror"],"picked":"Die Die Die","floor":16},{"not_picked":["Tactician","Flying Knee"],"picked":"Deadly Poison","floor":17},{"not_picked":["Bane","Deflect"],"picked":"Cloak And Dagger","floor":17},{"not_picked":["Sucker Punch","Choke"],"picked":"Bane","floor":17},{"not_picked":["Skewer","All Out Attack"],"picked":"Leg Sweep","floor":17},{"not_picked":["Flying Knee","Blur"],"picked":"Reflex","floor":18},{"not_picked":["Caltrops","Storm of Steel"],"picked":"Corpse Explosion","floor":23},{"not_picked":["Infinite Blades+1","Concentrate"],"picked":"Bouncing Flask","floor":24},{"not_picked":["Backstab","Well Laid Plans"],"picked":"Prepared","floor":25},{"not_picked":["Venomology","Escape Plan+1"],"picked":"Poisoned Stab+1","floor":27},{"not_picked":["Dagger Throw","Deadly Poison"],"picked":"Acrobatics","floor":30},{"not_picked":["Setup","Eviscerate"],"picked":"Masterful Stab","floor":31},{"not_picked":["Malaise","A Thousand Cuts"],"picked":"Adrenaline","floor":33},{"not_picked":["Acrobatics","Blade Dance+1"],"picked":"Backflip+1","floor":35},{"not_picked":["Phantasmal Killer","Footwork"],"picked":"Backflip","floor":37},{"not_picked":["HandOfGreed","Purity"],"picked":"The Bomb","floor":38},{"not_picked":["Calculated Gamble","Quick Slash+1"],"picked":"Catalyst+1","floor":40},{"not_picked":["All Out Attack+1","Masterful Stab","Dagger Spray+1"],"picked":"SKIP","floor":42},{"not_picked":["Dagger Spray","Bane+1"],"picked":"Backflip+1","floor":45},{"not_picked":["Dagger Spray","Dagger Throw","Well Laid Plans"],"picked":"SKIP","floor":48}],"player_experience":127240,"relics_obtained":[{"floor":7,"key":"Pocketwatch"},{"floor":9,"key":"Dodecahedron"},{"floor":9,"key":"Mercury Hourglass"},{"floor":13,"key":"Lantern"},{"floor":13,"key":"Meat on the Bone"},{"floor":14,"key":"Ornamental Fan"},{"floor":23,"key":"Orichalcum"},{"floor":25,"key":"Happy Flower"},{"floor":26,"key":"Darkstone Periapt"},{"floor":27,"key":"Juzu Bracelet"},{"floor":40,"key":"MawBank"},{"floor":43,"key":"Pantograph"}],"event_choices":[{"damage_healed":0,"gold_gain":0,"player_choice":"Entered Light","damage_taken":14,"max_hp_gain":0,"max_hp_loss":0,"event_name":"Shining Light","floor":3,"gold_loss":0,"cards_upgraded":["Strike_G","Strike_G"]},{"damage_healed":0,"gold_gain":0,"player_choice":"Fled","damage_taken":0,"max_hp_gain":0,"max_hp_loss":0,"event_name":"Scrap Ooze","floor":4,"gold_loss":0},{"damage_healed":0,"gold_gain":0,"player_choice":"Gave Potion","damage_taken":0,"relics_obtained":["Matryoshka"],"max_hp_gain":0,"max_hp_loss":0,"event_name":"WeMeetAgain","floor":5,"gold_loss":0},{"damage_healed":0,"gold_gain":0,"player_choice":"Obtained Relic","damage_taken":0,"relics_obtained":["Paper Crane"],"max_hp_gain":0,"max_hp_loss":0,"event_name":"Addict","floor":19,"gold_loss":85},{"damage_healed":0,"gold_gain":0,"player_choice":"Became a vampire","damage_taken":0,"max_hp_gain":0,"max_hp_loss":21,"event_name":"Vampires","floor":21,"gold_loss":0,"cards_obtained":["Bite","Bite","Bite","Bite","Bite"]},{"damage_healed":0,"gold_gain":0,"player_choice":"Joined the Cult","damage_taken":6,"max_hp_gain":0,"max_hp_loss":0,"event_name":"Nest","floor":22,"gold_loss":0,"cards_obtained":["RitualDagger"]},{"damage_healed":16,"gold_gain":0,"player_choice":"Heal","damage_taken":0,"max_hp_gain":0,"max_hp_loss":0,"event_name":"The Library","floor":29,"gold_loss":0},{"damage_healed":0,"gold_gain":75,"player_choice":"Touch","damage_taken":4,"max_hp_gain":0,"max_hp_loss":0,"event_name":"FaceTrader","floor":36,"gold_loss":0},{"damage_healed":0,"gold_gain":0,"player_choice":"Memory 1","damage_taken":0,"max_hp_gain":0,"max_hp_loss":0,"event_name":"SensoryStone","floor":38,"gold_loss":0},{"damage_healed":0,"gold_gain":0,"player_choice":"Copied","damage_taken":0,"max_hp_gain":0,"max_hp_loss":0,"event_name":"Duplicator","floor":44,"gold_loss":0,"cards_obtained":["Catalyst"]},{"damage_healed":0,"gold_gain":0,"cards_transformed":["Defend_G"],"player_choice":"Transformed","damage_taken":0,"max_hp_gain":0,"max_hp_loss":0,"event_name":"Transmorgrifier","floor":47,"gold_loss":0,"cards_obtained":["Backstab"]}],"is_beta":false,"boss_relics":[{"not_picked":["Coffee Dripper","Runic Pyramid"],"picked":"Orrery"},{"not_picked":["Sozu","Fusion Hammer"],"picked":"Velvet Choker"}],"items_purged_floors":[11,39,41],"is_endless":false,"potions_floor_spawned":[1,7,10,14,25,27,30,33,37],"ascension_level":0}