{"gold_per_floor":[109,119,129,129,145,145,171,96,143,155,167,203,235,259,271,283],"floor_reached":16,"playtime":552,"items_purged":[],"score":179,"play_id":"24a48043-423f-4411-9b4e-70629a20c18f","local_time":"20190526171717","is_ascension_mode":true,"campfire_choices":[{"floor":6,"key":"REST"},{"floor":10,"key":"REST"},{"data":"Loop","floor":15,"key":"SMITH"}],"neow_cost":"NONE","seed_source_timestamp":578198810432956,"circlet_count":0,"master_deck":["AscendersBane","Strike_B","Strike_B","Strike_B","Defend_B","Defend_B","Defend_B","Defend_B","Zap","Dualcast","Ball Lightning","Cold Snap","Ball Lightning","Loop+1","Multi-Cast","Sunder"],"relics":["White Beast Statue","MawBank","Odd Mushroom"],"potions_floor_usage":[7,7,12,16],"damage_taken":[{"damage":7,"enemies":"Jaw Worm","floor":1,"turns":4},{"damage":1,"enemies":"Cultist","floor":2,"turns":3},{"damage":8,"enemies":"2 Louse","floor":3,"turns":2},{"damage":18,"enemies":"Large Slime","floor":5,"turns":4},{"damage":20,"enemies":"Gremlin Nob","floor":7,"turns":4},{"damage":26,"enemies":"The Mushroom Lair","floor":12,"turns":4},{"damage":0,"enemies":"2 Fungi Beasts","floor":13,"turns":4},{"damage":5,"enemies":"Exordium Wildlife","floor":14,"turns":3},{"damage":20,"enemies":"Hexaghost","floor":16,"turns":9}],"seed_played":"-4321127908234331201","potions_obtained":[{"floor":1,"key":"PowerPotion"},{"floor":2,"key":"Swift Potion"},{"floor":3,"key":"FocusPotion"},{"floor":7,"key":"EssenceOfSteel"},{"floor":12,"key":"Swift Potion"},{"floor":13,"key":"FairyPotion"}],"is_trial":false,"path_per_floor":["M","M","M","?","M","R","E","?","T","R","?","?","M","M","R","B"],"character_chosen":"DEFECT","items_purchased":[],"campfire_rested":2,"item_purchase_floors":[],"current_hp_per_floor":[57,56,48,38,20,41,21,21,21,42,42,16,16,11,11,0],"gold":283,"neow_bonus":"BOSS_RELIC","is_prod":false,"is_daily":false,"chose_seed":false,"campfire_upgraded":1,"win_rate":0,"timestamp":1558905437,"path_taken":["M","M","M","?","?","R","E","?","T","R","?","?","M","?","R","BOSS"],"build_version":"2019-01-23","purchased_purges":0,"victory":false,"max_hp_per_floor":[71,71,71,71,71,71,71,71,71,71,71,71,71,71,71,71],"card_choices":[{"not_picked":["Redo","Compile Driver"],"picked":"Ball Lightning","floor":1},{"not_picked":["Go for the Eyes","Rebound"],"picked":"Cold Snap","floor":2},{"not_picked":["Redo","Cold Snap"],"picked":"Ball Lightning","floor":3},{"not_picked":["Gash","Chill"],"picked":"Loop","floor":5},{"not_picked":["Reprogram","Ball Lightning","Hello World"],"picked":"SKIP","floor":7},{"not_picked":["Tempest","Reprogram"],"picked":"Multi-Cast","floor":12},{"not_picked":["Steam Power","Stack"],"picked":"Sunder","floor":13},{"not_picked":["Stack","Storm","Streamline"],"picked":"SKIP","floor":14}],"player_experience":1346354,"relics_obtained":[{"floor":9,"key":"MawBank"},{"floor":12,"key":"Odd Mushroom"}],"event_choices":[{"damage_healed":0,"gold_gain":0,"player_choice":"Damaged","damage_taken":10,"max_hp_gain":0,"max_hp_loss":0,"event_name":"Wheel of Change","floor":4,"gold_loss":0},{"cards_removed":["Strike_B"],"damage_healed":0,"gold_gain":0,"player_choice":"Card Removal","damage_taken":0,"max_hp_gain":0,"max_hp_loss":0,"event_name":"The Cleric","floor":8,"gold_loss":75},{"damage_healed":0,"gold_gain":0,"player_choice":"Fled","damage_taken":0,"max_hp_gain":0,"max_hp_loss":0,"event_name":"Scrap Ooze","floor":11,"gold_loss":0},{"damage_healed":0,"gold_gain":0,"player_choice":"Fought Mushrooms","damage_taken":0,"max_hp_gain":0,"max_hp_loss":0,"event_name":"Mushrooms","floor":12,"gold_loss":0}],"is_beta":false,"boss_relics":[],"items_purged_floors":[],"is_endless":false,"potions_floor_spawned":[1,2,3,5,7,12,13,14],"killed_by":"Hexaghost","ascension_level":15}