{"path_per_floor":["M","?","$","M","M","E","M","M","T","E","T","R","M","M","R","B",null,"M","M","M","M","M","R","E","R","T","M","$","E","M","M","R","B",null,"M","?","$","?","?","T","E","M","T"],"character_chosen":"THE_SILENT","items_purchased":["Slice","Toxic Egg 2"],"gold_per_floor":[110,110,35,49,61,88,99,111,111,146,172,172,184,203,203,308,308,325,341,356,375,385,385,420,420,445,461,311,344,364,374,374,478,478,495,495,256,256,256,281,311,324,324],"floor_reached":44,"campfire_rested":1,"playtime":6440,"current_hp_per_floor":[69,69,69,69,69,53,53,51,51,48,48,48,50,52,52,7,70,69,64,65,49,49,49,50,50,50,52,52,22,11,13,34,10,70,69,69,69,70,70,77,3,5,5],"items_purged":["Injury","Strike_G"],"gold":324,"score":444,"play_id":"8bdc4e49-023a-42ea-9cf8-3d496551ba42","is_prod":false,"is_daily":false,"is_ascension_mode":false,"campfire_upgraded":4,"path_taken":["M","?","$","M","M","E","M","M","T","E","?","R","M","M","R","BOSS","M","M","M","M","?","R","E","R","T","M","$","E","M","M","R","BOSS","M","?","$","?","?","?","E","?","T","E"],"build_version":"2018-02-08-PROD1","purchased_purges":4,"victory":false,"master_deck":["Defend_G","Defend_G","Defend_G","Strike_G","Strike_G","Strike_G","Survivor","Neutralize+1","Deflect+1","Acrobatics","Deflect","Prepared+1","Quick Slash","Heel Hook","Dagger Throw","Doppelganger+1","PiercingWail+1","Dagger Throw+1","Leg Sweep+1","Endless Agony","Prepared+1","Terror","Noxious Fumes","Deflect","Heel Hook+1","Slice","Backflip","Tactician","Noxious Fumes","Deadly Poison+1"],"max_hp_per_floor":[70,70,70,70,70,70,70,70,70,70,70,70,70,70,70,70,70,70,70,70,70,70,70,70,70,70,70,70,70,70,70,70,70,70,70,70,70,70,70,77,77,77,77],"relics":["Ring of the Snake","Torii","Ancient Tea Set","Toolbox","Omamori","Blood Vial","Astrolabe","Bag of Preparation","Anchor","Snake Skull","Black Star","Toxic Egg 2","Strawberry","Peace Pipe","Du-Vu Doll","Frozen Eye"],"card_choices":[{"not_picked":["Bouncing Flask","Skewer"],"picked":"Deflect"},{"not_picked":["Outmaneuver","Bane"],"picked":"Acrobatics"},{"not_picked":["Flying Knee","Dodge and Roll"],"picked":"Deflect"},{"not_picked":["Backflip","Deadly Poison"],"picked":"Prepared"},{"not_picked":["Underhanded Strike","Deadly Poison"],"picked":"Quick Slash"},{"not_picked":["Dagger Spray","Predator"],"picked":"Heel Hook"},{"not_picked":["Well Laid Plans","Outmaneuver"],"picked":"Dagger Throw"},{"not_picked":["Tools of the Trade","Tactician"],"picked":"Doppelganger"},{"not_picked":["Sucker Punch","Dagger Throw"],"picked":"Endless Agony"},{"not_picked":["Distraction","PiercingWail"],"picked":"Prepared"},{"not_picked":["Outmaneuver","Underhanded Strike"],"picked":"Terror"},{"not_picked":["Poisoned Stab","Riddle With Holes"],"picked":"Noxious Fumes"},{"not_picked":["Predator","Reflex"],"picked":"Deflect"},{"not_picked":["Calculated Gamble","Deflect"],"picked":"Heel Hook"},{"not_picked":["Catalyst","Wraith Form"],"picked":"Backflip"},{"not_picked":["All Out Attack","Deadly Poison"],"picked":"Expertise"},{"not_picked":["Bullet Time","Die Die Die"],"picked":"Tactician"},{"not_picked":["Acrobatics","Caltrops"],"picked":"Noxious Fumes"},{"not_picked":["Deflect","PiercingWail"],"picked":"Deadly Poison"}],"player_experience":58678,"potions_floor_usage":[6,6,30,30,33,33,35,44,44],"damage_taken":[{"damage":1,"enemies":"Small Slimes","floor":1,"turns":4},{"damage":0,"enemies":"Cultist","floor":4,"turns":5},{"damage":0,"enemies":"Blue Slaver","floor":5,"turns":5},{"damage":16,"enemies":"Lagavulin","floor":6,"turns":9},{"damage":0,"enemies":"3 Louse","floor":7,"turns":3},{"damage":2,"enemies":"Large Slime","floor":8,"turns":9},{"damage":3,"enemies":"3 Sentries","floor":10,"turns":12},{"damage":0,"enemies":"Exordium Thugs","floor":13,"turns":7},{"damage":0,"enemies":"Gremlin Gang","floor":14,"turns":6},{"damage":47,"enemies":"Slime Boss","floor":16,"turns":12},{"damage":1,"enemies":"Shell Parasite","floor":18,"turns":8},{"damage":6,"enemies":"2 Thieves","floor":19,"turns":5},{"damage":1,"enemies":"Centurion and Healer","floor":20,"turns":8},{"damage":18,"enemies":"Sentry and Sphere","floor":21,"turns":11},{"damage":2,"enemies":"Cultist and Chosen","floor":22,"turns":7},{"damage":1,"enemies":"Book of Stabbing","floor":24,"turns":6},{"damage":0,"enemies":"3 Cultists","floor":27,"turns":6},{"damage":32,"enemies":"Slavers","floor":29,"turns":7},{"damage":13,"enemies":"Snecko","floor":30,"turns":6},{"damage":0,"enemies":"Snake Plant","floor":31,"turns":5},{"damage":26,"enemies":"Champ","floor":33,"turns":13},{"damage":1,"enemies":"3 Shapes","floor":35,"turns":4},{"damage":74,"enemies":"Nemesis","floor":41,"turns":10},{"damage":0,"enemies":"Orb Walker","floor":42,"turns":4},{"damage":12,"enemies":"Giant Head","floor":44,"turns":7}],"event_choices":[{"event_name":"Upgrade Shrine","player_choice":"Upgraded","floor":2,"damage_taken":0},{"event_name":"Tomb of Lord Red Mask","player_choice":"Ignored","floor":36,"damage_taken":0},{"event_name":"Wheel of Change","player_choice":"Full Heal","floor":38,"damage_taken":0}],"boss_relics":[{"not_picked":["The Specimen","Ectoplasm"],"picked":"Astrolabe"},{"not_picked":["White Beast Statue","Philosopher\u0027s Stone"],"picked":"Black Star"}],"potions_floor_spawned":[4,5,10,13,18,21,22,27,30,33,35,41],"seed_played":"-2928130381701899680","killed_by":"Giant Head","ascension_level":0,"is_trial":false}