{"gold_per_floor":[111,123,123,123,71,71,146,179,179,208,208,222,236,270,270,372,372,386,386,586,601,614,641,656,656,656,656,676,689,174,188,188,188],"floor_reached":33,"playtime":1496,"items_purged":["Strike_R"],"score":437,"play_id":"8fd2ffe1-2fe2-47eb-9bc3-6723d4e13cb7","local_time":"20190514183206","is_ascension_mode":true,"campfire_choices":[{"data":"Armaments","floor":6.0,"key":"SMITH"},{"data":"Infernal Blade","floor":15.0,"key":"SMITH"},{"data":"Shrug It Off","floor":25.0,"key":"SMITH"},{"data":"Disarm","floor":32.0,"key":"SMITH"}],"neow_cost":"NONE","seed_source_timestamp":81953198118900,"circlet_count":0,"master_deck":["Defend_R","Defend_R","Defend_R","Bash","Infernal Blade+1","Armaments+1","Shrug It Off+1","Cleave","Impervious","Double Tap","Warcry+1","Headbutt+1","Carnage+1","Offering","True Grit+1","Secret Weapon","Disarm+1"],"special_seed":0,"relics":["Burning Blood","NeowsBlessing","Bag of Marbles","Meat on the Bone","Ancient Tea Set","Vajra","Empty Cage","Strawberry","Pen Nib","Matryoshka"],"potions_floor_usage":[33,33,33],"damage_taken":[{"damage":0.0,"enemies":"Cultist","floor":1.0,"turns":1.0},{"damage":0.0,"enemies":"Small Slimes","floor":2.0,"turns":1.0},{"damage":0.0,"enemies":"Lagavulin","floor":8.0,"turns":1.0},{"damage":32.0,"enemies":"3 Sentries","floor":10.0,"turns":11.0},{"damage":0.0,"enemies":"2 Louse","floor":12.0,"turns":1.0},{"damage":6.0,"enemies":"Exordium Wildlife","floor":13.0,"turns":3.0},{"damage":15.0,"enemies":"Lagavulin","floor":14.0,"turns":6.0},{"damage":53.0,"enemies":"Hexaghost","floor":16.0,"turns":12.0},{"damage":10.0,"enemies":"Chosen","floor":18.0,"turns":7.0},{"damage":36.0,"enemies":"3 Byrds","floor":21.0,"turns":5.0},{"damage":2.0,"enemies":"Snake Plant","floor":22.0,"turns":4.0},{"damage":34.0,"enemies":"Gremlin Leader","floor":23.0,"turns":7.0},{"damage":15.0,"enemies":"Centurion and Healer","floor":24.0,"turns":6.0},{"damage":0.0,"enemies":"3 Cultists","floor":28.0,"turns":4.0},{"damage":12.0,"enemies":"Sentry and Sphere","floor":29.0,"turns":3.0},{"damage":0.0,"enemies":"Snake Plant","floor":31.0,"turns":2.0},{"damage":80,"enemies":"Collector","floor":33,"turns":6}],"seed_played":"-840959067098789325","potions_obtained":[{"floor":2.0,"key":"Explosive Potion"},{"floor":8.0,"key":"SneckoOil"},{"floor":13.0,"key":"PowerPotion"},{"floor":14.0,"key":"PowerPotion"},{"floor":21.0,"key":"GamblersBrew"},{"floor":23.0,"key":"Ancient Potion"},{"floor":24.0,"key":"Regen Potion"},{"floor":31.0,"key":"AttackPotion"}],"is_trial":false,"path_per_floor":["M","M","?","?","$","R","?","E","T","E","?","M","M","E","R","B",null,"M","?","?","M","M","E","M","R","T","?","M","M","$","M","R","B"],"character_chosen":"IRONCLAD","items_purchased":["Armaments","Matryoshka","Secret Weapon"],"campfire_rested":0,"item_purchase_floors":[5,30,30],"current_hp_per_floor":[78,80,85,78,78,78,67,73,73,59,59,65,65,56,56,21,69,65,65,65,47,51,42,45,45,45,45,63,57,57,63,63,0],"gold":188,"neow_bonus":"THREE_ENEMY_KILL","is_prod":false,"is_daily":false,"chose_seed":false,"campfire_upgraded":4,"win_rate":0,"timestamp":1557876726,"path_taken":["M","M","?","?","$","R","?","E","T","E","?","M","?","E","R","BOSS","M","?","?","M","M","E","?","R","T","?","M","M","$","M","R","BOSS"],"build_version":"2019-01-23","purchased_purges":1,"victory":false,"max_hp_per_floor":[80,80,85,85,85,85,85,85,85,85,85,85,85,85,85,85,85,85,85,85,85,85,92,92,92,92,92,92,92,92,92,92,92],"card_choices":[{"not_picked":["Anger","True Grit","Clash"],"picked":"SKIP","floor":1.0},{"not_picked":["Wild Strike","Heavy Blade"],"picked":"Infernal Blade","floor":2.0},{"not_picked":["Evolve","Cleave"],"picked":"Shrug It Off","floor":8.0},{"not_picked":["Twin Strike","Wild Strike"],"picked":"Cleave","floor":10.0},{"not_picked":["Pommel Strike","Iron Wave","True Grit"],"picked":"SKIP","floor":12.0},{"not_picked":["Perfected Strike","Sword Boomerang","Reckless Charge"],"picked":"SKIP","floor":13.0},{"not_picked":["Seeing Red","Armaments"],"picked":"Impervious","floor":14.0},{"not_picked":["Exhume","Berserk"],"picked":"Double Tap","floor":16.0},{"not_picked":["Cleave","Shrug It Off"],"picked":"Warcry+1","floor":18.0},{"not_picked":["Body Slam","Iron Wave"],"picked":"Headbutt+1","floor":21.0},{"not_picked":["Armaments","Reckless Charge+1","Warcry"],"picked":"SKIP","floor":22.0},{"not_picked":["Thunderclap","Armaments","Feel No Pain+1"],"picked":"SKIP","floor":23.0},{"not_picked":["Pommel Strike","Spot Weakness+1"],"picked":"Carnage+1","floor":24.0},{"not_picked":["Inflame","Rupture+1"],"picked":"Offering","floor":28.0},{"not_picked":["Clash","Warcry"],"picked":"True Grit+1","floor":29.0},{"not_picked":["Flex","Havoc"],"picked":"Disarm","floor":31.0}],"player_experience":226043,"relics_obtained":[{"floor":8.0,"key":"Bag of Marbles"},{"floor":9.0,"key":"Meat on the Bone"},{"floor":10.0,"key":"Ancient Tea Set"},{"floor":14.0,"key":"Vajra"},{"floor":23.0,"key":"Strawberry"},{"floor":26.0,"key":"Pen Nib"}],"event_choices":[{"damage_healed":0.0,"max_hp_gain":5.0,"max_hp_loss":0.0,"gold_gain":0.0,"event_name":"Big Fish","player_choice":"Donut","floor":3.0,"gold_loss":0.0,"damage_taken":0.0},{"cards_removed":["Strike_R"],"damage_healed":0.0,"max_hp_gain":0.0,"max_hp_loss":0.0,"gold_gain":0.0,"event_name":"Golden Wing","player_choice":"Card Removal","floor":4.0,"gold_loss":0.0,"damage_taken":7.0},{"damage_healed":0.0,"max_hp_gain":0.0,"max_hp_loss":0.0,"gold_gain":75.0,"event_name":"World of Goop","player_choice":"Gather Gold","floor":7.0,"gold_loss":0.0,"damage_taken":11.0},{"cards_removed":["Strike_R"],"damage_healed":0.0,"max_hp_gain":0.0,"max_hp_loss":0.0,"gold_gain":0.0,"event_name":"Living Wall","player_choice":"Forget","floor":11.0,"gold_loss":0.0,"damage_taken":0.0},{"damage_healed":0.0,"max_hp_gain":0.0,"max_hp_loss":0.0,"gold_gain":0.0,"event_name":"The Mausoleum","player_choice":"Ignored","floor":19.0,"gold_loss":0.0,"damage_taken":0.0},{"damage_healed":0.0,"max_hp_gain":0.0,"max_hp_loss":0.0,"gold_gain":250.0,"event_name":"The Joust","player_choice":"Bet on Owner","floor":20.0,"gold_loss":50.0,"damage_taken":0.0},{"cards_removed":["Strike_R"],"damage_healed":0.0,"max_hp_gain":0.0,"max_hp_loss":0.0,"gold_gain":0.0,"event_name":"Purifier","player_choice":"Purged","floor":27.0,"gold_loss":0.0,"damage_taken":0.0}],"is_beta":false,"boss_relics":[{"not_picked":["Ectoplasm","Busted Crown"],"picked":"Empty Cage"}],"items_purged_floors":[30],"is_endless":false,"potions_floor_spawned":[2,8,13,14,21,23,24,31],"killed_by":"Collector","ascension_level":8}