{"gold_per_floor":[115,135,210,210,210,210,230,271,271,271,271,101,132,151,151,246,246,265,278,49,68,87,87,100,100],"floor_reached":25,"playtime":1218,"items_purged":["Strike_B"],"score":426,"play_id":"b0b18b42-7062-4fe4-9c28-d1e78d3424a8","local_time":"20190521220740","is_ascension_mode":true,"campfire_choices":[{"floor":6.0,"key":"REST"},{"floor":10.0,"key":"REST"},{"data":"Static Discharge","floor":15.0,"key":"SMITH"},{"floor":23,"key":"REST"}],"neow_cost":"NONE","seed_source_timestamp":102263320833511,"circlet_count":0,"master_deck":["AscendersBane","Strike_B","Strike_B","Strike_B","Defend_B","Defend_B","Defend_B","Defend_B","Zap","Dualcast","Melter","Conserve Battery","Compile Driver","Zap","Gash+1","Static Discharge+1","Streamline+1","Reboot","Self Repair","Echo Form","Steam","Barrage+1","Coolheaded","Beam Cell+1"],"special_seed":0,"relics":["Cracked Core","Omamori","Golden Idol","Orichalcum","Molten Egg 2","Shuriken","Busted Crown","Membership Card"],"potions_floor_usage":[24],"damage_taken":[{"damage":8.0,"enemies":"2 Louse","floor":1.0,"turns":2.0},{"damage":4.0,"enemies":"Small Slimes","floor":2.0,"turns":3.0},{"damage":1.0,"enemies":"Cultist","floor":7.0,"turns":3.0},{"damage":23.0,"enemies":"Lagavulin","floor":8.0,"turns":4.0},{"damage":20.0,"enemies":"Gremlin Nob","floor":13.0,"turns":4.0},{"damage":3.0,"enemies":"2 Fungi Beasts","floor":14.0,"turns":3.0},{"damage":17.0,"enemies":"The Guardian","floor":16.0,"turns":9.0},{"damage":5,"enemies":"3 Byrds","floor":18,"turns":4},{"damage":18,"enemies":"Shell Parasite","floor":19,"turns":5},{"damage":28,"enemies":"3 Cultists","floor":21,"turns":5},{"damage":27,"enemies":"Snecko","floor":22,"turns":5},{"damage":16,"enemies":"Centurion and Healer","floor":24,"turns":5},{"damage":46,"enemies":"Gremlin Leader","floor":25,"turns":2}],"seed_played":"1241498908042501063","potions_obtained":[{"floor":0.0,"key":"Strength Potion"},{"floor":0.0,"key":"FearPotion"},{"floor":7.0,"key":"AttackPotion"},{"floor":13.0,"key":"FairyPotion"},{"floor":18,"key":"SpeedPotion"}],"is_trial":false,"path_per_floor":["M","M","?","?","?","R","M","E","T","R","?","$","E","M","R","B",null,"M","M","$","M","M","R","M","E"],"character_chosen":"DEFECT","items_purchased":["Static Discharge","Streamline+1","Membership Card","Coolheaded"],"campfire_rested":3,"item_purchase_floors":[12,12,20,20],"current_hp_per_floor":[56,52,41,30,30,51,50,27,27,48,48,48,28,25,25,15,57,59,55,55,41,21,42,26,0],"gold":100,"neow_bonus":"THREE_SMALL_POTIONS","is_prod":false,"is_daily":false,"chose_seed":false,"campfire_upgraded":1,"win_rate":0,"timestamp":1558490860,"path_taken":["M","M","?","?","?","R","M","E","T","R","?","$","E","?","R","BOSS","M","M","$","M","M","R","M","E"],"build_version":"2019-01-23","purchased_purges":1,"victory":false,"max_hp_per_floor":[71,71,71,71,71,71,71,71,71,71,71,71,71,71,71,71,71,71,71,71,71,71,71,71,71],"card_choices":[{"not_picked":["Streamline","Leap"],"picked":"Melter","floor":1.0},{"not_picked":["Go for the Eyes","Stack"],"picked":"Conserve Battery","floor":2.0},{"not_picked":["Go for the Eyes","Streamline"],"picked":"Compile Driver","floor":7.0},{"not_picked":["Aggregate","Barrage","Turbo"],"picked":"SKIP","floor":8.0},{"not_picked":["Tempest","Turbo"],"picked":"Reboot","floor":13.0},{"not_picked":["Chaos","Compile Driver+1"],"picked":"Self Repair","floor":14.0},{"not_picked":["Creative AI","Reboot"],"picked":"Echo Form","floor":16.0},{"not_picked":[],"picked":"Steam","floor":18},{"not_picked":[],"picked":"Barrage+1","floor":19},{"not_picked":["Lockon+1"],"picked":"SKIP","floor":21},{"not_picked":["Conserve Battery"],"picked":"SKIP","floor":22},{"not_picked":[],"picked":"Beam Cell+1","floor":24}],"player_experience":725894,"relics_obtained":[{"floor":8.0,"key":"Orichalcum"},{"floor":9.0,"key":"Molten Egg 2"},{"floor":13.0,"key":"Shuriken"}],"event_choices":[{"damage_healed":0.0,"max_hp_gain":0.0,"max_hp_loss":0.0,"gold_gain":75.0,"event_name":"World of Goop","player_choice":"Gather Gold","floor":3.0,"gold_loss":0.0,"damage_taken":11.0},{"damage_healed":0.0,"max_hp_gain":0.0,"max_hp_loss":0.0,"gold_gain":0.0,"event_name":"Scrap Ooze","player_choice":"Success","floor":4.0,"gold_loss":0.0,"damage_taken":11.0,"relics_obtained":["Omamori"]},{"damage_healed":0.0,"max_hp_gain":0.0,"max_hp_loss":0.0,"gold_gain":0.0,"event_name":"Golden Idol","player_choice":"Take Wound","floor":5.0,"gold_loss":0.0,"damage_taken":0.0,"relics_obtained":["Golden Idol"],"cards_obtained":["Injury"]},{"damage_healed":0.0,"max_hp_gain":0.0,"max_hp_loss":0.0,"gold_gain":0.0,"event_name":"Match and Keep!","player_choice":"2 cards matched","floor":11.0,"gold_loss":0.0,"damage_taken":0.0,"cards_obtained":["Zap","Gash"]}],"is_beta":false,"boss_relics":[{"not_picked":["Philosopher\u0027s Stone","Orrery"],"picked":"Busted Crown"}],"items_purged_floors":[12],"is_endless":false,"potions_floor_spawned":[1,7,13,18,21],"killed_by":"Gremlin Leader","ascension_level":20}