{"gold_per_floor":[111,111,111,134,149,193,193,193,218,66,101,101,134,134,134,265,265,281,206,226,226,226,270,270,270,293,306,319,335,353,353],"floor_reached":31,"playtime":1347,"items_purged":[],"score":355,"play_id":"229262e0-1b26-451e-bbf1-965f78e324a4","local_time":"20190322174628","is_ascension_mode":true,"campfire_choices":[{"data":"Doom and Gloom","floor":8,"key":"SMITH"},{"floor":12,"key":"REST"},{"floor":15,"key":"REST"},{"floor":25,"key":"REST"}],"neow_cost":"NONE","seed_source_timestamp":155351628151930,"circlet_count":0,"master_deck":["Strike_B+1","Strike_B+1","Strike_B+1","Defend_B+1","Defend_B+1","Defend_B+1","Defend_B+1","Zap","Dualcast","Go for the Eyes","Sweeping Beam","Doom and Gloom+1","Defragment+1","Electrodynamics","Amplify+1","Hologram+1","Writhe","Rip and Tear","Redo+1"],"relics":["Cracked Core","NeowsBlessing","Golden Idol","WarpedTongs","Strawberry","Juzu Bracelet","Bag of Marbles","Toxic Egg 2","Busted Crown","Gremlin Horn","Happy Flower","Boot"],"potions_floor_usage":[18,28,28,30,31],"damage_taken":[{"damage":0,"enemies":"Small Slimes","floor":1,"turns":1},{"damage":0,"enemies":"Cultist","floor":4,"turns":1},{"damage":0,"enemies":"2 Louse","floor":5,"turns":1},{"damage":40,"enemies":"Gremlin Nob","floor":6,"turns":4},{"damage":20,"enemies":"Lagavulin","floor":11,"turns":5},{"damage":13,"enemies":"Gremlin Nob","floor":13,"turns":4},{"damage":14,"enemies":"Slime Boss","floor":16,"turns":7},{"damage":0,"enemies":"3 Byrds","floor":18,"turns":1},{"damage":3,"enemies":"Spheric Guardian","floor":20,"turns":3},{"damage":46,"enemies":"Slavers","floor":23,"turns":4},{"damage":5,"enemies":"Snecko","floor":27,"turns":3},{"damage":9,"enemies":"Centurion and Healer","floor":28,"turns":3},{"damage":20,"enemies":"Shelled Parasite and Fungi","floor":29,"turns":4},{"damage":0,"enemies":"Snake Plant","floor":30,"turns":3},{"damage":6,"enemies":"Cultist and Chosen","floor":31,"turns":1}],"seed_played":"1151777240835234523","potions_obtained":[{"floor":1,"key":"Swift Potion"},{"floor":4,"key":"SpeedPotion"},{"floor":6,"key":"FearPotion"},{"floor":11,"key":"Weak Potion"},{"floor":16,"key":"Poison Potion"},{"floor":20,"key":"Energy Potion"},{"floor":23,"key":"Fire Potion"},{"floor":29,"key":"Fire Potion"}],"is_trial":false,"path_per_floor":["M","?","?","M","M","E","?","R","T","$","E","R","E","?","R","B",null,"M","?","M","?","?","E","?","R","T","M","M","M","M","M"],"character_chosen":"DEFECT","items_purchased":["Bag of Marbles"],"campfire_rested":3,"item_purchase_floors":[10],"current_hp_per_floor":[68,68,68,68,68,35,35,35,35,35,15,37,24,24,46,32,65,65,65,62,62,62,16,16,38,38,33,24,4,4,0],"gold":353,"neow_bonus":"THREE_ENEMY_KILL","is_prod":false,"is_daily":false,"chose_seed":false,"campfire_upgraded":1,"win_rate":0,"timestamp":1553291188,"path_taken":["M","?","?","M","?","E","?","R","T","$","E","R","E","?","R","BOSS","M","?","M","?","?","E","?","R","T","M","M","M","M","M"],"build_version":"2019-01-23","purchased_purges":0,"victory":false,"max_hp_per_floor":[75,69,69,69,69,76,76,76,76,76,76,76,76,76,76,76,76,76,76,76,76,76,76,76,76,76,76,76,76,76,76],"card_choices":[{"not_picked":["Chaos","Recycle","Aggregate"],"picked":"SKIP","floor":1},{"not_picked":["Melter","Barrage"],"picked":"Go for the Eyes","floor":4},{"not_picked":["Storm","Go for the Eyes"],"picked":"Sweeping Beam","floor":5},{"not_picked":["All For One","Rip and Tear"],"picked":"Doom and Gloom","floor":6},{"not_picked":["Steam","Fission"],"picked":"Defragment","floor":11},{"not_picked":["Sweeping Beam","Multi-Cast+1"],"picked":"Electrodynamics","floor":13},{"not_picked":["Reboot+1","Machine Learning"],"picked":"Amplify+1","floor":16},{"not_picked":["Barrage"],"picked":"SKIP","floor":18},{"not_picked":[],"picked":"Hologram+1","floor":20},{"not_picked":["Sweeping Beam"],"picked":"SKIP","floor":23},{"not_picked":[],"picked":"Rip and Tear","floor":27},{"not_picked":["Turbo+1"],"picked":"SKIP","floor":28},{"not_picked":[],"picked":"Redo+1","floor":29},{"not_picked":["Recycle+1"],"picked":"SKIP","floor":30}],"player_experience":200594,"relics_obtained":[{"floor":6,"key":"Strawberry"},{"floor":9,"key":"Juzu Bracelet"},{"floor":11,"key":"Toxic Egg 2"},{"floor":23,"key":"Happy Flower"},{"floor":26,"key":"Boot"}],"event_choices":[{"damage_healed":0,"gold_gain":0,"player_choice":"Lose Max HP","damage_taken":0,"relics_obtained":["Golden Idol"],"max_hp_gain":0,"max_hp_loss":6,"event_name":"Golden Idol","floor":2,"gold_loss":0},{"damage_healed":0,"gold_gain":0,"player_choice":"Rummage","damage_taken":0,"relics_obtained":["WarpedTongs"],"max_hp_gain":0,"max_hp_loss":0,"event_name":"Accursed Blacksmith","floor":3,"gold_loss":0,"cards_obtained":["Pain"]},{"cards_removed":["Pain"],"damage_healed":0,"gold_gain":0,"player_choice":"Removed Curses","damage_taken":0,"max_hp_gain":0,"max_hp_loss":0,"event_name":"Fountain of Cleansing","floor":7,"gold_loss":0},{"damage_healed":0,"gold_gain":0,"player_choice":"Grow","damage_taken":0,"max_hp_gain":0,"max_hp_loss":0,"event_name":"Living Wall","floor":14,"gold_loss":0,"cards_upgraded":["Defragment"]},{"cards_removed":["Strike_B"],"damage_healed":0,"gold_gain":0,"player_choice":"Gave Gold","damage_taken":0,"max_hp_gain":0,"max_hp_loss":0,"event_name":"Beggar","floor":19,"gold_loss":75},{"damage_healed":0,"gold_gain":0,"player_choice":"Opened","damage_taken":0,"relics_obtained":["Gremlin Horn"],"max_hp_gain":0,"max_hp_loss":0,"event_name":"The Mausoleum","floor":21,"gold_loss":0,"cards_obtained":["Writhe"]},{"damage_healed":0,"gold_gain":0,"player_choice":"Ignored","damage_taken":0,"max_hp_gain":0,"max_hp_loss":0,"event_name":"Cursed Tome","floor":22,"gold_loss":0},{"damage_healed":0,"gold_gain":0,"player_choice":"Simplicity","damage_taken":0,"max_hp_gain":0,"max_hp_loss":0,"event_name":"Back to Basics","floor":24,"gold_loss":0,"cards_upgraded":["Strike_B","Strike_B","Strike_B","Defend_B","Defend_B","Defend_B","Defend_B"]}],"is_beta":false,"boss_relics":[{"not_picked":["Orrery","Nuclear Battery"],"picked":"Busted Crown"}],"items_purged_floors":[],"is_endless":false,"potions_floor_spawned":[1,4,6,11,16,20,23,29],"killed_by":"Cultist and Chosen","ascension_level":6}