{"gold_per_floor":[112,130,141,161,177,177,211,211,211,242,253,46,11,73,73,145,145,160,8,20,31,31,31],"floor_reached":23,"playtime":1176,"items_purged":["Strike_B"],"score":406,"play_id":"edb39929-f299-49ab-b7bb-9292bda2ab1a","local_time":"20190515211543","is_ascension_mode":true,"campfire_choices":[{"data":"Zap","floor":6.0,"key":"SMITH"},{"floor":8.0,"key":"REST"},{"floor":15.0,"key":"REST"}],"neow_cost":"NONE","seed_source_timestamp":109804949923738,"circlet_count":0,"master_deck":["AscendersBane","Strike_B","Strike_B","Strike_B","Defend_B","Defend_B","Defend_B","Defend_B","Zap+1","Dualcast","Rebound","Doom and Gloom","Beam Cell","Compile Driver","Sunder","Steam","Echo Form","Self Repair","Conserve Battery","Electrodynamics","Coolheaded","Genetic Algorithm","Ball Lightning+1","Go for the Eyes+1"],"special_seed":0,"relics":["FrozenCore","NeowsBlessing","Happy Flower","Girya","Thread and Needle","Regal Pillow","Shovel"],"potions_floor_usage":[21,22,22],"damage_taken":[{"damage":0.0,"enemies":"2 Louse","floor":1.0,"turns":1.0},{"damage":0.0,"enemies":"Small Slimes","floor":2.0,"turns":1.0},{"damage":0.0,"enemies":"Jaw Worm","floor":3.0,"turns":1.0},{"damage":8.0,"enemies":"Blue Slaver","floor":4.0,"turns":2.0},{"damage":12.0,"enemies":"Looter","floor":5.0,"turns":3.0},{"damage":30.0,"enemies":"Lagavulin","floor":7.0,"turns":4.0},{"damage":8.0,"enemies":"Gremlin Nob","floor":10.0,"turns":3.0},{"damage":2.0,"enemies":"Exordium Wildlife","floor":11.0,"turns":2.0},{"damage":25.0,"enemies":"Gremlin Nob","floor":14.0,"turns":4.0},{"damage":25.0,"enemies":"The Guardian","floor":16.0,"turns":10.0},{"damage":11.0,"enemies":"3 Byrds","floor":18.0,"turns":4.0},{"damage":30.0,"enemies":"2 Thieves","floor":20.0,"turns":4.0},{"damage":20,"enemies":"Chosen and Byrds","floor":21,"turns":6},{"damage":3,"enemies":"Colosseum Slavers","floor":22,"turns":3},{"damage":3,"enemies":"Book of Stabbing","floor":23,"turns":2}],"seed_played":"-8695914972435291892","potions_obtained":[{"floor":2.0,"key":"Poison Potion"},{"floor":3.0,"key":"FearPotion"},{"floor":14.0,"key":"Explosive Potion"},{"floor":16.0,"key":"Fruit Juice"},{"floor":18.0,"key":"Fire Potion"},{"floor":21,"key":"Block Potion"}],"is_trial":false,"path_per_floor":["M","M","M","M","M","R","E","R","T","E","M","$","?","?","R","B",null,"M","$","M","M","?","E"],"character_chosen":"DEFECT","items_purchased":["Regal Pillow","Self Repair","Genetic Algorithm"],"campfire_rested":2,"item_purchase_floors":[12,12,19],"current_hp_per_floor":[64,64,64,56,44,44,14,35,35,27,25,25,42,24,60,47,69,65,65,42,29,26,23],"gold":31,"neow_bonus":"THREE_ENEMY_KILL","is_prod":false,"is_daily":false,"chose_seed":false,"campfire_upgraded":1,"win_rate":0,"timestamp":1557969343,"path_taken":["M","M","M","M","M","R","E","R","T","E","M","$","?","?","R","BOSS","M","$","M","M","?","E"],"build_version":"2019-01-23","purchased_purges":1,"victory":false,"max_hp_per_floor":[71,71,71,71,71,71,71,71,71,71,71,71,71,71,71,76,76,76,76,76,76,76,76],"card_choices":[{"not_picked":["Barrage","Undo","Redo"],"picked":"SKIP","floor":1.0},{"not_picked":["Auto Shields","Conserve Battery"],"picked":"Rebound","floor":2.0},{"not_picked":["Leap","Stack"],"picked":"Doom and Gloom","floor":3.0},{"not_picked":["Streamline","Hologram"],"picked":"Beam Cell","floor":4.0},{"not_picked":["Force Field","Stack"],"picked":"Compile Driver","floor":5.0},{"not_picked":["Gash","Hologram"],"picked":"Sunder","floor":7.0},{"not_picked":["Go for the Eyes","Barrage"],"picked":"Steam","floor":10.0},{"not_picked":["Heatsinks","Conserve Battery"],"picked":"Echo Form","floor":11.0},{"not_picked":["Sweeping Beam","Gash"],"picked":"Conserve Battery","floor":14.0},{"not_picked":["All For One","Core Surge"],"picked":"Electrodynamics","floor":16.0},{"not_picked":["Beam Cell","Recycle+1"],"picked":"Coolheaded","floor":18.0},{"not_picked":["Capacitor","Gash"],"picked":"Ball Lightning+1","floor":20},{"not_picked":["Steam","Rebound"],"picked":"Go for the Eyes+1","floor":21}],"player_experience":667733,"relics_obtained":[{"floor":7.0,"key":"Happy Flower"},{"floor":9.0,"key":"Girya"},{"floor":10.0,"key":"Thread and Needle"},{"floor":14.0,"key":"Shovel"}],"event_choices":[{"damage_healed":17.0,"max_hp_gain":0.0,"max_hp_loss":0.0,"gold_gain":0.0,"event_name":"The Cleric","player_choice":"Healed","floor":13.0,"gold_loss":35.0,"damage_taken":0.0},{"damage_healed":0.0,"max_hp_gain":0.0,"max_hp_loss":0.0,"gold_gain":0.0,"event_name":"Dead Adventurer","player_choice":"Searched \u00272\u0027 times","floor":14.0,"gold_loss":0.0,"damage_taken":0.0},{"damage_healed":0,"gold_gain":0,"player_choice":"Fight","damage_taken":0,"max_hp_gain":0,"max_hp_loss":0,"event_name":"Colosseum","floor":22,"gold_loss":0},{"damage_healed":0,"gold_gain":0,"player_choice":"Fled From Nobs","damage_taken":0,"max_hp_gain":0,"max_hp_loss":0,"event_name":"Colosseum","floor":22,"gold_loss":0}],"is_beta":false,"boss_relics":[{"not_picked":["Lizard Tail","Black Star"],"picked":"FrozenCore"}],"items_purged_floors":[19],"is_endless":false,"potions_floor_spawned":[2,3,5,14,16,18,21],"killed_by":"Book of Stabbing","ascension_level":20}