{"gold_per_floor":[110,110,59,79,90,90,121,121,170,23,40,40,40,51,51,128,128,139,151,170,85,100,100,100,125,125,158,175,175,99,24,24,97,97,115,170,170,22,33,65,76,76,128,171,194,206,250,262,274,286,298,310,9,34,34],"floor_reached":56,"playtime":3137,"items_purged":["Strike_G","Strike_G"],"score":2293,"play_id":"eb1979ef-3f03-4aa4-a8fd-a23e0ddc29a1","local_time":"20190524144933","is_ascension_mode":true,"campfire_choices":[{"data":"Flying Knee","floor":6,"key":"SMITH"},{"data":"Noxious Fumes","floor":12,"key":"SMITH"},{"data":"Wraith Form v2","floor":15,"key":"SMITH"},{"data":"Neutralize","floor":23,"key":"SMITH"},{"data":"Deadly Poison","floor":29,"key":"SMITH"},{"data":"Noxious Fumes","floor":32,"key":"SMITH"},{"data":"Footwork","floor":42,"key":"SMITH"},{"floor":46,"key":"RECALL"},{"data":"Corpse Explosion","floor":49,"key":"SMITH"},{"data":"PiercingWail","floor":52,"key":"SMITH"}],"neow_cost":"NONE","seed_source_timestamp":393933962639631,"circlet_count":0,"master_deck":["AscendersBane","Defend_G+1","Defend_G","Defend_G+1","Defend_G","Survivor+1","Neutralize+1","Flying Knee+1","Flying Knee","Dash","Wraith Form v2+1","Noxious Fumes+1","Deadly Poison+1","Adrenaline+1","Crippling Poison+1","Backflip","Blur","Footwork+1","Noxious Fumes+1","Corpse Explosion+1","Footwork+1","PiercingWail+1","Dodge and Roll+1","Master of Strategy","Finesse"],"relics":["Ring of the Snake","Lantern","Oddly Smooth Stone","Runic Pyramid","Ancient Tea Set","Snake Skull","Mercury Hourglass","Gremlin Horn","Coffee Dripper","Turnip","Juzu Bracelet","MawBank","Orichalcum","Smiling Mask","War Paint"],"potions_floor_usage":[16],"damage_taken":[{"damage":0,"enemies":"2 Louse","floor":1,"turns":3},{"damage":0,"enemies":"Cultist","floor":4,"turns":4},{"damage":0,"enemies":"Jaw Worm","floor":5,"turns":3},{"damage":12,"enemies":"3 Sentries","floor":7,"turns":12},{"damage":0,"enemies":"Large Slime","floor":11,"turns":7},{"damage":0,"enemies":"Looter","floor":14,"turns":4},{"damage":24,"enemies":"The Guardian","floor":16,"turns":10},{"damage":1,"enemies":"Chosen","floor":18,"turns":5},{"damage":4,"enemies":"2 Thieves","floor":19,"turns":5},{"damage":1,"enemies":"Centurion and Healer","floor":20,"turns":7},{"damage":1,"enemies":"Snake Plant","floor":22,"turns":5},{"damage":0,"enemies":"Colosseum Slavers","floor":24,"turns":5},{"damage":5,"enemies":"Book of Stabbing","floor":27,"turns":7},{"damage":6,"enemies":"Chosen and Byrds","floor":28,"turns":5},{"damage":0,"enemies":"Champ","floor":33,"turns":12},{"damage":0,"enemies":"3 Darklings","floor":35,"turns":2},{"damage":6,"enemies":"2 Orb Walkers","floor":36,"turns":4},{"damage":0,"enemies":"Orb Walker","floor":39,"turns":4},{"damage":0,"enemies":"Giant Head","floor":40,"turns":10},{"damage":0,"enemies":"Writhing Mass","floor":41,"turns":7},{"damage":0,"enemies":"Reptomancer","floor":44,"turns":6},{"damage":0,"enemies":"4 Shapes","floor":45,"turns":2},{"damage":0,"enemies":"Nemesis","floor":47,"turns":9},{"damage":0,"enemies":"Awakened One","floor":50,"turns":15},{"damage":0,"enemies":"Shield and Spear","floor":54,"turns":7},{"damage":16,"enemies":"The Heart","floor":55,"turns":12}],"seed_played":"1406638484668658260","potions_obtained":[{"floor":1,"key":"Energy Potion"},{"floor":11,"key":"Dexterity Potion"},{"floor":16,"key":"Weak Potion"}],"is_trial":false,"path_per_floor":["M","?","$","M","M","R","E","?","T","$","M","R","?","M","R","B",null,"M","M","M","?","M","R","?","T","T","E","M","R","$","?","R","B",null,"M","?","T","$","M","E","M","R","T","E","M","R","E","?","R","B",null,"R","$","E","B",null],"character_chosen":"THE_SILENT","items_purchased":["PowerPotion","Noxious Fumes","Noxious Fumes","Footwork","Ancient Potion","Master of Strategy","Finesse"],"campfire_rested":0,"item_purchase_floors":[3,10,30,38,38,53,53],"current_hp_per_floor":[59,59,59,59,59,59,47,47,47,47,47,47,27,27,27,3,50,49,45,44,44,43,43,43,43,43,38,32,32,32,32,32,32,58,58,52,52,52,52,52,52,52,52,52,52,52,52,52,52,52,63,63,63,63,47],"gold":34,"neow_bonus":"REMOVE_CARD","is_prod":false,"is_daily":false,"chose_seed":false,"campfire_upgraded":9,"win_rate":0,"timestamp":1558723773,"path_taken":["M","?","$","?","M","R","E","?","T","$","M","R","?","M","R","BOSS","M","M","M","?","M","R","?","?","T","E","M","R","$","?","R","BOSS","M","?","?","$","?","E","M","R","T","E","M","R","E","?","R","BOSS","R","$","E","BOSS"],"build_version":"2019-01-23","purchased_purges":2,"victory":true,"max_hp_per_floor":[66,66,66,66,66,66,66,66,66,66,66,66,66,66,66,66,66,66,66,66,66,66,66,66,66,66,66,66,66,66,66,66,66,66,66,66,66,66,66,66,66,66,66,66,66,66,66,66,66,66,66,66,66,66,66],"card_choices":[{"not_picked":["Riddle With Holes","Cloak And Dagger"],"picked":"Flying Knee","floor":1},{"not_picked":["Blade Dance","Slice"],"picked":"Flying Knee","floor":4},{"not_picked":["Backflip","Crippling Poison"],"picked":"Dash","floor":5},{"not_picked":["Quick Slash","Flechettes"],"picked":"Wraith Form v2","floor":7},{"not_picked":["Tactician","Blade Dance","Infinite Blades"],"picked":"SKIP","floor":11},{"not_picked":["Bane","Leg Sweep"],"picked":"Deadly Poison","floor":14},{"not_picked":["Die Die Die","Grand Finale"],"picked":"Adrenaline","floor":16},{"not_picked":["Finisher","Acrobatics","Dagger Spray"],"picked":"SKIP","floor":18},{"not_picked":["Tactician","Noxious Fumes"],"picked":"Crippling Poison+1","floor":19},{"not_picked":["Deadly Poison","Sucker Punch"],"picked":"Backflip","floor":20},{"not_picked":["Acrobatics+1","Dodge and Roll"],"picked":"Blur","floor":22},{"not_picked":["Well Laid Plans","Deadly Poison"],"picked":"Footwork+1","floor":27},{"not_picked":["Grand Finale","Riddle With Holes","Sucker Punch"],"picked":"SKIP","floor":28},{"not_picked":["Burst","Storm of Steel"],"picked":"Corpse Explosion","floor":33},{"not_picked":["Prepared+1","Tactician","Sucker Punch"],"picked":"SKIP","floor":35},{"not_picked":["Dagger Spray+1","Reflex+1","Outmaneuver"],"picked":"SKIP","floor":39},{"not_picked":["Dagger Spray+1","Reflex+1","Outmaneuver"],"picked":"SKIP","floor":39},{"not_picked":["Tools of the Trade","Flying Knee","Blade Dance+1"],"picked":"SKIP","floor":40},{"not_picked":["Prepared","Blade Dance","Backflip"],"picked":"SKIP","floor":41},{"not_picked":["Prepared","Blade Dance","Backflip"],"picked":"SKIP","floor":41},{"not_picked":["Prepared","Riddle With Holes+1"],"picked":"PiercingWail","floor":44},{"not_picked":["Sucker Punch+1","Outmaneuver","Quick Slash"],"picked":"SKIP","floor":45},{"not_picked":["A Thousand Cuts","Escape Plan"],"picked":"Dodge and Roll+1","floor":47},{"not_picked":["Escape Plan+1","Cloak And Dagger+1","Dagger Throw"],"picked":"SKIP","floor":54}],"player_experience":1308443,"relics_obtained":[{"floor":7,"key":"Lantern"},{"floor":9,"key":"Oddly Smooth Stone"},{"floor":25,"key":"Snake Skull"},{"floor":26,"key":"Mercury Hourglass"},{"floor":27,"key":"Gremlin Horn"},{"floor":36,"key":"Turnip"},{"floor":40,"key":"Juzu Bracelet"},{"floor":43,"key":"MawBank"},{"floor":44,"key":"Orichalcum"},{"floor":47,"key":"Smiling Mask"},{"floor":54,"key":"War Paint"}],"event_choices":[{"cards_removed":["Strike_G"],"damage_healed":0,"gold_gain":0,"player_choice":"Offered Basic","damage_taken":0,"max_hp_gain":0,"max_hp_loss":0,"event_name":"Bonfire Elementals","floor":2,"gold_loss":0},{"damage_healed":0,"gold_gain":0,"player_choice":"Ignored","damage_taken":0,"max_hp_gain":0,"max_hp_loss":0,"event_name":"Golden Idol","floor":8,"gold_loss":0},{"damage_healed":0,"gold_gain":0,"player_choice":"Entered Light","damage_taken":20,"max_hp_gain":0,"max_hp_loss":0,"event_name":"Shining Light","floor":13,"gold_loss":0,"cards_upgraded":["Defend_G","Survivor"]},{"damage_healed":0,"gold_gain":0,"player_choice":"Obtained Relic","damage_taken":0,"relics_obtained":["Ancient Tea Set"],"max_hp_gain":0,"max_hp_loss":0,"event_name":"Addict","floor":21,"gold_loss":85},{"damage_healed":0,"gold_gain":0,"player_choice":"Fight","damage_taken":0,"max_hp_gain":0,"max_hp_loss":0,"event_name":"Colosseum","floor":24,"gold_loss":0},{"damage_healed":0,"gold_gain":0,"player_choice":"Fled From Nobs","damage_taken":0,"max_hp_gain":0,"max_hp_loss":0,"event_name":"Colosseum","floor":24,"gold_loss":0},{"cards_removed":["Strike_G"],"damage_healed":0,"gold_gain":0,"player_choice":"Gave Gold","damage_taken":0,"max_hp_gain":0,"max_hp_loss":0,"event_name":"Beggar","floor":31,"gold_loss":75},{"damage_healed":0,"gold_gain":0,"player_choice":"Fight","damage_taken":0,"max_hp_gain":0,"max_hp_loss":0,"event_name":"Mysterious Sphere","floor":36,"gold_loss":0},{"cards_removed":["Defend_G"],"damage_healed":0,"gold_gain":0,"player_choice":"Removed Skill","damage_taken":0,"max_hp_gain":0,"max_hp_loss":0,"event_name":"Falling","floor":48,"gold_loss":0}],"is_beta":false,"boss_relics":[{"not_picked":["Velvet Choker","Astrolabe"],"picked":"Runic Pyramid"},{"not_picked":["Eternal Feather","White Beast Statue"],"picked":"Coffee Dripper"}],"items_purged_floors":[10,53],"is_endless":false,"potions_floor_spawned":[1,7,11,16,19,22,24,27,36,40,45,47],"ascension_level":15}