{"gold_per_floor":[218,229,244,244,244,244,262,262,289,301,339,365,19,54,54,126,126,139,153,0,0,11,11,36,36,63,82,82,82,82,97,97,170,170,185,195,195,36,48,48,80,96,145,145,171,171,224,239,239,239,239],"floor_reached":52,"playtime":4021,"items_purged":["Strike_B"],"score":1905,"play_id":"30357a88-9d4b-4f4c-8a43-45c3a4a9640b","local_time":"20190523020429","is_ascension_mode":true,"campfire_choices":[{"data":"Streamline","floor":6.0,"key":"SMITH"},{"data":"Static Discharge","floor":8.0,"key":"SMITH"},{"data":"Coolheaded","floor":15.0,"key":"SMITH"},{"data":"Defragment","floor":23.0,"key":"SMITH"},{"floor":25.0,"key":"REST"},{"floor":29.0,"key":"REST"},{"floor":32.0,"key":"REST"},{"data":"Reinforced Body","floor":40.0,"key":"SMITH"},{"data":"Defragment","floor":44.0,"key":"SMITH"},{"data":"Dualcast","floor":46.0,"key":"SMITH"},{"floor":49.0,"key":"REST"}],"neow_cost":"NONE","seed_source_timestamp":198635216209794,"circlet_count":0,"master_deck":["AscendersBane","Strike_B+1","Strike_B+1","Strike_B+1","Defend_B+1","Defend_B+1","Defend_B+1","Defend_B+1","Zap","Dualcast+1","Streamline+1","Beam Cell","Chill","Zap","Static Discharge+1","Coolheaded+1","Seek","Defragment+1","Self Repair","Leap","Go for the Eyes","Echo Form","Steam+1","All For One","Reinforced Body+1","Seek","Electrodynamics","Doom and Gloom","Capacitor","Skim","Gash+1","Genetic Algorithm+1","Defragment+1","Hologram+1","Force Field+1","Loop+1"],"special_seed":0,"relics":["Cracked Core","MawBank","Happy Flower","DataDisk","FossilizedHelix","Sozu","Bag of Preparation","Ancient Tea Set","Enchiridion","Philosopher\u0027s Stone","Juzu Bracelet","Centennial Puzzle","Strawberry","Ginger"],"potions_floor_usage":[],"damage_taken":[{"damage":2.0,"enemies":"2 Louse","floor":1.0,"turns":3.0},{"damage":1.0,"enemies":"Cultist","floor":2.0,"turns":3.0},{"damage":9.0,"enemies":"Small Slimes","floor":3.0,"turns":3.0},{"damage":3.0,"enemies":"2 Fungi Beasts","floor":7.0,"turns":4.0},{"damage":26.0,"enemies":"3 Sentries","floor":11.0,"turns":5.0},{"damage":4.0,"enemies":"Exordium Wildlife","floor":12.0,"turns":4.0},{"damage":14.0,"enemies":"Gremlin Nob","floor":14.0,"turns":4.0},{"damage":9.0,"enemies":"The Guardian","floor":16.0,"turns":9.0},{"damage":0.0,"enemies":"Chosen","floor":18.0,"turns":4.0},{"damage":0.0,"enemies":"2 Thieves","floor":19.0,"turns":4.0},{"damage":18.0,"enemies":"Snake Plant","floor":22.0,"turns":4.0},{"damage":65.0,"enemies":"Gremlin Leader","floor":24.0,"turns":7.0},{"damage":0.0,"enemies":"Cultist and Chosen","floor":27.0,"turns":8.0},{"damage":0.0,"enemies":"Snecko","floor":31.0,"turns":4.0},{"damage":9.0,"enemies":"Automaton","floor":33.0,"turns":13.0},{"damage":0.0,"enemies":"3 Darklings","floor":35.0,"turns":3.0},{"damage":0.0,"enemies":"3 Shapes","floor":36.0,"turns":3.0},{"damage":11.0,"enemies":"Spire Growth","floor":39.0,"turns":6.0},{"damage":0.0,"enemies":"Giant Head","floor":41.0,"turns":7.0},{"damage":0.0,"enemies":"3 Darklings","floor":42.0,"turns":3.0},{"damage":6.0,"enemies":"Nemesis","floor":45.0,"turns":9.0},{"damage":17.0,"enemies":"2 Orb Walkers","floor":47.0,"turns":4.0},{"damage":0.0,"enemies":"Jaw Worm Horde","floor":48.0,"turns":3.0},{"damage":29.0,"enemies":"Time Eater","floor":50.0,"turns":7.0},{"damage":61,"enemies":"Awakened One","floor":51,"turns":18}],"seed_played":"-7592652150183100727","potions_obtained":[{"floor":7.0,"key":"Block Potion"},{"floor":11.0,"key":"Block Potion"},{"floor":14.0,"key":"SkillPotion"}],"is_trial":false,"path_per_floor":["M","M","M","?","?","R","M","R","T","?","E","M","$","E","R","B",null,"M","M","$","?","M","R","E","R","T","M","?","R","?","M","R","B",null,"M","M","?","$","M","R","E","M","T","R","E","R","?","M","R","B","B",null],"character_chosen":"DEFECT","items_purchased":["Self Repair","DataDisk","Leap","All For One","Capacitor","Skim"],"campfire_rested":4,"item_purchase_floors":[13,13,13,20,38,38],"current_hp_per_floor":[62,61,52,52,52,52,49,49,49,71,45,41,41,34,34,32,61,68,71,71,71,67,67,9,30,30,44,23,44,24,38,60,65,73,76,76,72,72,68,68,72,72,72,72,79,79,62,69,79,64,17],"gold":239,"neow_bonus":"HUNDRED_GOLD","is_prod":false,"is_daily":false,"chose_seed":false,"campfire_upgraded":7,"win_rate":0,"timestamp":1558591469,"path_taken":["M","M","M","?","?","R","?","R","T","?","E","M","$","E","R","BOSS","M","M","$","?","M","R","E","R","T","M","?","R","?","M","R","BOSS","M","M","?","$","M","R","E","M","T","R","E","R","?","M","R","BOSS","BOSS"],"build_version":"2019-01-23","purchased_purges":1,"victory":true,"max_hp_per_floor":[71,71,71,71,71,71,71,71,71,71,71,71,71,71,71,71,71,71,71,71,71,71,71,71,71,71,71,71,71,76,76,76,76,76,76,76,72,72,72,72,72,72,72,72,79,79,79,79,79,79,79],"card_choices":[{"not_picked":["Stack","Recycle"],"picked":"Streamline","floor":1.0},{"not_picked":["Lockon","Barrage"],"picked":"Beam Cell","floor":2.0},{"not_picked":["Compile Driver","Force Field"],"picked":"Chill","floor":3.0},{"not_picked":["Cold Snap","Lockon"],"picked":"Coolheaded","floor":7.0},{"not_picked":["Steam","Heatsinks"],"picked":"Seek","floor":11.0},{"not_picked":["Recycle","Hologram"],"picked":"Defragment","floor":12.0},{"not_picked":["Consume","Cold Snap"],"picked":"Go for the Eyes","floor":14.0},{"not_picked":["Reboot","Seek"],"picked":"Echo Form","floor":16.0},{"not_picked":["Storm","Rebound"],"picked":"Steam+1","floor":18.0},{"not_picked":["Lockon","Leap","Beam Cell"],"picked":"SKIP","floor":19.0},{"not_picked":["Go for the Eyes","Gash"],"picked":"Reinforced Body","floor":22.0},{"not_picked":["Hologram","Skim"],"picked":"Seek","floor":24.0},{"not_picked":["Stack","Rebound","Sweeping Beam"],"picked":"SKIP","floor":27.0},{"not_picked":["Redo","Go for the Eyes","Stack+1"],"picked":"SKIP","floor":31.0},{"not_picked":["Creative AI","All For One"],"picked":"Electrodynamics","floor":33.0},{"not_picked":["Beam Cell","Ball Lightning","Redo"],"picked":"SKIP","floor":35.0},{"not_picked":["Leap","Melter"],"picked":"Doom and Gloom","floor":36.0},{"not_picked":["Cold Snap+1","BootSequence"],"picked":"Gash+1","floor":39.0},{"not_picked":["Leap","Consume"],"picked":"Genetic Algorithm+1","floor":41.0},{"not_picked":["Sunder+1","Ball Lightning"],"picked":"Defragment","floor":42.0},{"not_picked":["Gash+1","Sweeping Beam"],"picked":"Hologram+1","floor":45.0},{"not_picked":["Creative AI","Conserve Battery"],"picked":"Force Field+1","floor":47.0},{"not_picked":["Melter","Reprogram"],"picked":"Loop+1","floor":48.0}],"player_experience":757500,"relics_obtained":[{"floor":9.0,"key":"MawBank"},{"floor":11.0,"key":"Happy Flower"},{"floor":14.0,"key":"FossilizedHelix"},{"floor":24.0,"key":"Bag of Preparation"},{"floor":26.0,"key":"Ancient Tea Set"},{"floor":28.0,"key":"Enchiridion"},{"floor":41.0,"key":"Juzu Bracelet"},{"floor":43.0,"key":"Centennial Puzzle"},{"floor":45.0,"key":"Strawberry"},{"floor":47.0,"key":"Ginger"}],"event_choices":[{"damage_healed":0.0,"max_hp_gain":0.0,"max_hp_loss":0.0,"gold_gain":0.0,"event_name":"Liars Game","player_choice":"Ignored","floor":4.0,"gold_loss":0.0,"damage_taken":0.0},{"damage_healed":0.0,"max_hp_gain":0.0,"max_hp_loss":0.0,"gold_gain":0.0,"event_name":"Match and Keep!","player_choice":"2 cards matched","floor":5.0,"gold_loss":0.0,"damage_taken":0.0,"cards_obtained":["Zap","Static Discharge"]},{"damage_healed":23.0,"max_hp_gain":0.0,"max_hp_loss":0.0,"gold_gain":0.0,"event_name":"Big Fish","player_choice":"Banana","floor":10.0,"gold_loss":0.0,"damage_taken":0.0},{"damage_healed":0.0,"max_hp_gain":0.0,"max_hp_loss":0.0,"gold_gain":0.0,"event_name":"Back to Basics","player_choice":"Simplicity","floor":21.0,"gold_loss":0.0,"damage_taken":0.0,"cards_upgraded":["Strike_B","Strike_B","Strike_B","Defend_B","Defend_B","Defend_B","Defend_B"]},{"damage_healed":0.0,"max_hp_gain":0.0,"max_hp_loss":0.0,"gold_gain":0.0,"event_name":"Cursed Tome","player_choice":"Obtained Book","floor":28.0,"gold_loss":0.0,"damage_taken":21.0},{"damage_healed":0.0,"max_hp_gain":5.0,"max_hp_loss":0.0,"gold_gain":0.0,"event_name":"Forgotten Altar","player_choice":"Shed Blood","floor":30.0,"gold_loss":0.0,"damage_taken":25.0},{"damage_healed":0.0,"max_hp_gain":0.0,"max_hp_loss":4.0,"gold_gain":0.0,"event_name":"Winding Halls","player_choice":"Max HP","floor":37.0,"gold_loss":0.0,"damage_taken":0.0},{"damage_healed":0.0,"max_hp_gain":0.0,"max_hp_loss":0.0,"gold_gain":0.0,"event_name":"Mysterious Sphere","player_choice":"Fight","floor":47.0,"gold_loss":0.0,"damage_taken":0.0}],"is_beta":false,"boss_relics":[{"not_picked":["FrozenCore","Runic Dome"],"picked":"Sozu"},{"not_picked":["Empty Cage","Calling Bell"],"picked":"Philosopher\u0027s Stone"}],"items_purged_floors":[13],"is_endless":false,"potions_floor_spawned":[7,11,14,16,18,19,33,35,41,42,48],"ascension_level":20}