{"gold_per_floor":[116,127,127,127,52,81,92,104,104,104],"floor_reached":10,"playtime":1115,"items_purged":["Strike_R"],"score":78,"play_id":"11934138-9c7b-4f54-bbb9-0d6f9639fb87","local_time":"20190415170710","is_ascension_mode":true,"campfire_choices":[],"neow_cost":"PERCENT_DAMAGE","seed_source_timestamp":3556603286866658,"circlet_count":0,"master_deck":["Strike_R","Strike_R","Strike_R+1","Strike_R","Defend_R","Defend_R","Defend_R","Defend_R","Bash","Double Tap+1","Metallicize","Iron Wave","Combust+1","Body Slam"],"relics":["Burning Blood","Frozen Egg 2","Ancient Tea Set","Letter Opener"],"potions_floor_usage":[10,10],"damage_taken":[{"damage":7,"enemies":"2 Louse","floor":1,"turns":3},{"damage":1,"enemies":"Small Slimes","floor":2,"turns":4},{"damage":20,"enemies":"Gremlin Nob","floor":6,"turns":4},{"damage":0,"enemies":"Cultist","floor":7,"turns":3},{"damage":17,"enemies":"Exordium Thugs","floor":8,"turns":4},{"damage":17,"enemies":"Lagavulin","floor":10,"turns":6}],"seed_played":"-1236080782736568674","potions_obtained":[{"floor":1,"key":"GamblersBrew"},{"floor":2,"key":"SpeedPotion"},{"floor":8,"key":"SteroidPotion"}],"is_trial":false,"path_per_floor":["M","M","?","?","$","E","M","M","T","E"],"character_chosen":"IRONCLAD","items_purchased":[],"campfire_rested":0,"item_purchase_floors":[],"current_hp_per_floor":[55,60,44,44,44,30,36,25,25,8],"gold":104,"neow_bonus":"THREE_RARE_CARDS","is_prod":false,"is_daily":false,"chose_seed":false,"campfire_upgraded":0,"win_rate":0,"timestamp":1555362430,"path_taken":["M","M","?","?","$","E","?","M","T","E"],"build_version":"2019-01-23","purchased_purges":1,"victory":false,"max_hp_per_floor":[80,80,80,80,80,80,80,80,80,80],"card_choices":[{"not_picked":["Brutality","Exhume"],"picked":"Double Tap","floor":0},{"not_picked":["True Grit","Second Wind"],"picked":"Metallicize","floor":1},{"not_picked":["Sword Boomerang","Warcry","Anger"],"picked":"SKIP","floor":2},{"not_picked":["Sentinel","Clothesline"],"picked":"Iron Wave","floor":6},{"not_picked":["Heavy Blade","Burning Pact"],"picked":"Combust+1","floor":7},{"not_picked":["Pummel","Searing Blow"],"picked":"Body Slam","floor":8}],"player_experience":95111,"relics_obtained":[{"floor":6,"key":"Ancient Tea Set"},{"floor":9,"key":"Letter Opener"}],"event_choices":[{"damage_healed":0,"gold_gain":0,"player_choice":"Entered Light","damage_taken":16,"max_hp_gain":0,"max_hp_loss":0,"event_name":"Shining Light","floor":3,"gold_loss":0,"cards_upgraded":["Strike_R","Double Tap"]},{"damage_healed":0,"gold_gain":0,"player_choice":"Gave Potion","damage_taken":0,"relics_obtained":["Frozen Egg 2"],"max_hp_gain":0,"max_hp_loss":0,"event_name":"WeMeetAgain","floor":4,"gold_loss":0}],"is_beta":false,"boss_relics":[],"items_purged_floors":[5],"is_endless":false,"potions_floor_spawned":[1,2,8],"killed_by":"Lagavulin","ascension_level":3}