{"gold_per_floor":[112,127,10,21,33,33,33,33,59,77,105,105,118,152,152,251,251,176,176,28,28],"floor_reached":21,"playtime":1805,"items_purged":["Strike_B"],"score":370,"play_id":"3efbb431-a1d0-480c-8a30-b497d9ae4e66","local_time":"20190513140022","is_ascension_mode":true,"campfire_choices":[{"data":"Buffer","floor":6.0,"key":"SMITH"},{"data":"Fission","floor":8.0,"key":"SMITH"},{"data":"Zap","floor":12.0,"key":"SMITH"},{"data":"Defragment","floor":15.0,"key":"SMITH"}],"neow_cost":"NONE","seed_source_timestamp":762346293617508,"circlet_count":0,"master_deck":["AscendersBane","Strike_B","Strike_B","Strike_B","Defend_B","Defend_B","Defend_B","Defend_B","Zap+1","Dualcast","Fission+1","Cold Snap","Chill","Defragment+1","Go for the Eyes","Static Discharge","Buffer+1","Capacitor","Conserve Battery","Steam","Thunder Strike","Reinforced Body","Loop"],"special_seed":0,"relics":["Cracked Core","Oddly Smooth Stone","Juzu Bracelet","Gremlin Horn","Ectoplasm"],"potions_floor_usage":[],"damage_taken":[{"damage":1.0,"enemies":"Cultist","floor":1.0,"turns":4.0},{"damage":12.0,"enemies":"Jaw Worm","floor":2.0,"turns":3.0},{"damage":0.0,"enemies":"2 Louse","floor":4.0,"turns":3.0},{"damage":8.0,"enemies":"Blue Slaver","floor":5.0,"turns":5.0},{"damage":0.0,"enemies":"Exordium Wildlife","floor":10.0,"turns":3.0},{"damage":0.0,"enemies":"Gremlin Nob","floor":11.0,"turns":5.0},{"damage":5.0,"enemies":"Gremlin Gang","floor":13.0,"turns":6.0},{"damage":0.0,"enemies":"3 Sentries","floor":14.0,"turns":11.0},{"damage":18.0,"enemies":"Hexaghost","floor":16.0,"turns":12.0},{"damage":20.0,"enemies":"2 Thieves","floor":18.0,"turns":5.0},{"damage":0,"enemies":"3 Byrds","floor":21,"turns":1}],"seed_played":"-4209152970135972665","potions_obtained":[{"floor":2.0,"key":"GamblersBrew"},{"floor":5.0,"key":"SteroidPotion"},{"floor":10.0,"key":"Block Potion"},{"floor":13.0,"key":"Strength Potion"},{"floor":14.0,"key":"Energy Potion"}],"is_trial":false,"path_per_floor":["M","M","$","M","M","R","$","R","T","M","E","R","M","E","R","B",null,"M","?","$","M"],"character_chosen":"DEFECT","items_purchased":["Defragment","Go for the Eyes","Loop"],"campfire_rested":0,"item_purchase_floors":[3,3,20],"current_hp_per_floor":[67,55,55,55,47,47,47,47,47,47,47,47,42,42,42,24,62,42,42,42,42],"gold":28,"neow_bonus":"ONE_RANDOM_RARE_CARD","is_prod":false,"is_daily":false,"chose_seed":false,"campfire_upgraded":4,"win_rate":0,"timestamp":1557770422,"path_taken":["M","?","?","M","M","R","$","R","T","?","E","R","M","E","R","BOSS","M","?","$","M"],"build_version":"2019-01-23","purchased_purges":1,"victory":false,"max_hp_per_floor":[75,75,75,75,75,75,75,75,75,75,75,75,75,75,75,75,75,75,75,75,75],"card_choices":[{"not_picked":["Turbo","Redo"],"picked":"Cold Snap","floor":1.0},{"not_picked":["Conserve Battery","Leap"],"picked":"Chill","floor":2.0},{"not_picked":["Chaos","Force Field"],"picked":"Static Discharge","floor":4.0},{"not_picked":["Hologram","Chaos"],"picked":"Buffer","floor":5.0},{"not_picked":["Gash","Rebound"],"picked":"Capacitor","floor":10.0},{"not_picked":["Redo","Aggregate"],"picked":"Conserve Battery","floor":11.0},{"not_picked":["Beam Cell","Conserve Battery","Cold Snap"],"picked":"SKIP","floor":13.0},{"not_picked":["Chill","Go for the Eyes"],"picked":"Steam","floor":14.0},{"not_picked":["Reboot","Rainbow"],"picked":"Thunder Strike","floor":16.0},{"not_picked":["White Noise","Go for the Eyes"],"picked":"Reinforced Body","floor":18.0}],"player_experience":579941,"relics_obtained":[{"floor":9.0,"key":"Oddly Smooth Stone"},{"floor":11.0,"key":"Juzu Bracelet"},{"floor":14.0,"key":"Gremlin Horn"}],"event_choices":[{"damage_healed":0.0,"max_hp_gain":0.0,"max_hp_loss":0.0,"gold_gain":200.0,"event_name":"Wheel of Change","player_choice":"Gold","floor":19.0,"gold_loss":0.0,"damage_taken":0.0}],"is_beta":false,"boss_relics":[{"not_picked":["Eternal Feather","Velvet Choker"],"picked":"Ectoplasm"}],"items_purged_floors":[20],"is_endless":false,"potions_floor_spawned":[2,5,10,13,14],"killed_by":"3 Byrds","ascension_level":11}