{"gold_per_floor":[110,127,137,212,18,51,74,74,129,147,173,173,173,207,207,303,303,323,137,153,168,181,215,234,234,234,247,257,304,317,350,350,450,450,467,467,542,274,292,325,325,345,397,397,413,430,462,480,480,480,480,480,37,70,70],"floor_reached":55,"playtime":6159,"items_purged":["Pain","Strike_B","Strike_B"],"score":771,"play_id":"8c9a8133-9552-49f3-ab6e-79b51d1f245b","local_time":"20190503141250","is_ascension_mode":false,"campfire_choices":[{"data":"Sunder","floor":8.0,"key":"SMITH"},{"data":"Capacitor","floor":15.0,"key":"SMITH"},{"data":"Seek","floor":25.0,"key":"SMITH"},{"floor":32.0,"key":"REST"},{"data":"Echo Form","floor":41.0,"key":"SMITH"},{"floor":44.0,"key":"RECALL"},{"data":"Creative AI","floor":49.0,"key":"SMITH"},{"data":"Leap","floor":52.0,"key":"SMITH"}],"neow_cost":"NONE","seed_source_timestamp":0,"circlet_count":0,"master_deck":["Defend_B","Defend_B","Defend_B+1","Defend_B","Zap+1","Dualcast","Ball Lightning","Steam","Sunder+1","Sweeping Beam","Genetic Algorithm","Creative AI+1","Capacitor+1","Seek+1","Coolheaded+1","Conserve Battery","Ball Lightning+1","Leap+1","Tempest","Hologram","Chaos+1","Echo Form+1","Cold Snap","Leap+1","Core Surge","Conserve Battery+1","Self Repair+1","Coolheaded+1","Capacitor+1","Jack Of All Trades","Go for the Eyes+1"],"special_seed":0,"relics":["Cracked Core","Membership Card","Bronze Scales","Odd Mushroom","Bag of Marbles","Gremlin Horn","WarpedTongs","Mango","Nuclear Battery","Lee\u0027s Waffle","Tiny Chest","Art of War","Potion Belt","Red Mask","Empty Cage","Centennial Puzzle","Smiling Mask","PreservedInsect","Peace Pipe","Frozen Eye","War Paint","Blood Vial","Nunchaku"],"potions_floor_usage":[54,54,55,55,55],"damage_taken":[{"damage":0.0,"enemies":"Small Slimes","floor":1.0,"turns":2.0},{"damage":0.0,"enemies":"2 Louse","floor":2.0,"turns":1.0},{"damage":0.0,"enemies":"Cultist","floor":3.0,"turns":3.0},{"damage":18.0,"enemies":"Gremlin Nob","floor":6.0,"turns":4.0},{"damage":5.0,"enemies":"The Mushroom Lair","floor":7.0,"turns":3.0},{"damage":0.0,"enemies":"3 Louse","floor":10.0,"turns":2.0},{"damage":28.0,"enemies":"3 Sentries","floor":11.0,"turns":5.0},{"damage":13.0,"enemies":"Lagavulin","floor":14.0,"turns":7.0},{"damage":59.0,"enemies":"The Guardian","floor":16.0,"turns":9.0},{"damage":5.0,"enemies":"3 Byrds","floor":18.0,"turns":3.0},{"damage":4.0,"enemies":"2 Thieves","floor":20.0,"turns":2.0},{"damage":18.0,"enemies":"Sentry and Sphere","floor":21.0,"turns":6.0},{"damage":26.0,"enemies":"Snake Plant","floor":22.0,"turns":5.0},{"damage":18.0,"enemies":"Gremlin Leader","floor":23.0,"turns":7.0},{"damage":5.0,"enemies":"Snecko","floor":24.0,"turns":5.0},{"damage":1.0,"enemies":"Cultist and Chosen","floor":27.0,"turns":4.0},{"damage":15.0,"enemies":"Snake Plant","floor":28.0,"turns":3.0},{"damage":0.0,"enemies":"3 Cultists","floor":30.0,"turns":3.0},{"damage":3.0,"enemies":"Masked Bandits","floor":31.0,"turns":3.0},{"damage":13.0,"enemies":"Champ","floor":33.0,"turns":10.0},{"damage":0.0,"enemies":"3 Shapes","floor":35.0,"turns":3.0},{"damage":0.0,"enemies":"Orb Walker","floor":39.0,"turns":3.0},{"damage":46.0,"enemies":"Giant Head","floor":40.0,"turns":11.0},{"damage":26.0,"enemies":"Writhing Mass","floor":42.0,"turns":7.0},{"damage":9.0,"enemies":"Transient","floor":45.0,"turns":5.0},{"damage":18.0,"enemies":"Sphere and 2 Shapes","floor":46.0,"turns":6.0},{"damage":8.0,"enemies":"Nemesis","floor":47.0,"turns":9.0},{"damage":0.0,"enemies":"4 Shapes","floor":48.0,"turns":4.0},{"damage":69.0,"enemies":"Awakened One","floor":50.0,"turns":19.0},{"damage":27,"enemies":"Shield and Spear","floor":54,"turns":7},{"damage":82,"enemies":"The Heart","floor":55,"turns":11}],"seed_played":"-2679486401961794544","potions_obtained":[{"floor":6.0,"key":"FocusPotion"},{"floor":10.0,"key":"SteroidPotion"},{"floor":11.0,"key":"SkillPotion"},{"floor":14.0,"key":"Regen Potion"},{"floor":18.0,"key":"Weak Potion"},{"floor":20.0,"key":"SteroidPotion"},{"floor":30.0,"key":"Swift Potion"},{"floor":33.0,"key":"FearPotion"},{"floor":39.0,"key":"FearPotion"},{"floor":45.0,"key":"Regen Potion"},{"floor":46.0,"key":"Dexterity Potion"},{"floor":47.0,"key":"Explosive Potion"},{"floor":54,"key":"Swift Potion"}],"is_trial":false,"path_per_floor":["M","M","M","?","$","E","?","R","T","M","E","?","?","E","R","B",null,"M","$","M","M","M","E","M","R","T","M","M","T","M","?","R","B",null,"M","?","?","$","M","E","R","M","T","R","M","M","E","M","R","B",null,"R","$","E","B"],"character_chosen":"DEFECT","items_purchased":["Membership Card","Lee\u0027s Waffle","Tiny Chest","Leap","Centennial Puzzle","Core Surge","GamblersBrew","Poison Potion","Frozen Eye","War Paint","AttackPotion","EssenceOfSteel","Jack Of All Trades","Ancient Potion","Blood Vial"],"campfire_rested":1,"item_purchase_floors":[5,19,19,38,38,38,38,38,53,53,53,53,53,53,53],"current_hp_per_floor":[82,82,82,71,71,53,48,48,48,48,20,47,47,48,48,4,96,91,103,99,81,55,37,32,32,32,31,16,16,16,13,43,30,103,103,103,93,93,93,47,47,41,41,41,52,54,81,91,91,32,103,103,103,76,0],"gold":70,"neow_bonus":"TEN_PERCENT_HP_BONUS","is_prod":false,"is_daily":false,"chose_seed":false,"campfire_upgraded":6,"win_rate":0,"timestamp":1556907170,"path_taken":["M","M","M","?","$","E","?","R","T","M","E","?","?","E","R","BOSS","M","$","M","M","M","E","M","R","T","M","M","?","M","?","R","BOSS","M","?","?","$","M","E","R","M","T","R","M","?","E","M","R","BOSS","R","$","E","BOSS"],"build_version":"2019-01-23","purchased_purges":3,"victory":false,"max_hp_per_floor":[82,82,82,82,82,82,82,82,82,82,82,82,82,96,96,96,96,96,103,103,103,103,103,103,103,103,103,103,103,103,103,103,103,103,103,103,103,103,103,103,103,103,103,103,103,103,103,103,103,103,103,103,103,103,103],"card_choices":[{"not_picked":["Beam Cell","Barrage"],"picked":"Ball Lightning","floor":1.0},{"not_picked":["Fusion","Turbo"],"picked":"Steam","floor":2.0},{"not_picked":["Stack","Aggregate","Gash"],"picked":"SKIP","floor":3.0},{"not_picked":["Undo","Core Surge"],"picked":"Sunder","floor":6.0},{"not_picked":["Lockon","Hologram"],"picked":"Sweeping Beam","floor":7.0},{"not_picked":["Go for the Eyes","Stack"],"picked":"Genetic Algorithm","floor":10.0},{"not_picked":["Streamline","Leap"],"picked":"Creative AI","floor":11.0},{"not_picked":["Gash","Reboot"],"picked":"Capacitor","floor":14.0},{"not_picked":["Buffer","Machine Learning"],"picked":"Seek","floor":16.0},{"not_picked":["Beam Cell","Compile Driver"],"picked":"Coolheaded+1","floor":18.0},{"not_picked":["Coolheaded+1","Turbo"],"picked":"Conserve Battery","floor":20.0},{"not_picked":["Rebound","Double Energy"],"picked":"Ball Lightning+1","floor":21.0},{"not_picked":["Ball Lightning","Streamline"],"picked":"Leap+1","floor":22.0},{"not_picked":["Redo","Hello World"],"picked":"Tempest","floor":23.0},{"not_picked":["Stack","Undo"],"picked":"Ball Lightning+1","floor":24.0},{"not_picked":["Storm","Amplify"],"picked":"Hologram","floor":27.0},{"not_picked":["Redo+1","Steam Power+1","Compile Driver"],"picked":"SKIP","floor":28.0},{"not_picked":["FTL","Coolheaded","Redo"],"picked":"SKIP","floor":30.0},{"not_picked":["Streamline+1","Hologram"],"picked":"Chaos+1","floor":31.0},{"not_picked":["Core Surge","Meteor Strike"],"picked":"Echo Form","floor":33.0},{"not_picked":["Stack","Go for the Eyes"],"picked":"Cold Snap","floor":35.0},{"not_picked":["Ball Lightning","Coolheaded"],"picked":"Conserve Battery+1","floor":39.0},{"not_picked":["FTL+1","Stack"],"picked":"Self Repair+1","floor":40.0},{"not_picked":["White Noise","Fission","Go for the Eyes"],"picked":"SKIP","floor":42.0},{"not_picked":["Steam","Darkness","Streamline"],"picked":"SKIP","floor":45.0},{"not_picked":["Redo","Compile Driver","Ball Lightning"],"picked":"SKIP","floor":46.0},{"not_picked":["Rebound","Redo"],"picked":"Coolheaded+1","floor":47.0},{"not_picked":["Compile Driver+1","Go for the Eyes+1"],"picked":"Capacitor+1","floor":48.0},{"not_picked":["Skim","Rebound+1"],"picked":"Go for the Eyes+1","floor":54}],"player_experience":247330,"relics_obtained":[{"floor":6.0,"key":"Bronze Scales"},{"floor":7.0,"key":"Odd Mushroom"},{"floor":9.0,"key":"Bag of Marbles"},{"floor":11.0,"key":"Gremlin Horn"},{"floor":14.0,"key":"Mango"},{"floor":23.0,"key":"Art of War"},{"floor":29.0,"key":"Potion Belt"},{"floor":31.0,"key":"Red Mask"},{"floor":40.0,"key":"Smiling Mask"},{"floor":43.0,"key":"PreservedInsect"},{"floor":47.0,"key":"Peace Pipe"},{"floor":54,"key":"Nunchaku"}],"event_choices":[{"damage_healed":0.0,"max_hp_gain":0.0,"max_hp_loss":0.0,"gold_gain":75.0,"event_name":"World of Goop","player_choice":"Gather Gold","floor":4.0,"gold_loss":0.0,"damage_taken":11.0},{"damage_healed":0.0,"max_hp_gain":0.0,"max_hp_loss":0.0,"gold_gain":0.0,"event_name":"Mushrooms","player_choice":"Fought Mushrooms","floor":7.0,"gold_loss":0.0,"damage_taken":0.0},{"damage_healed":27.0,"max_hp_gain":0.0,"max_hp_loss":0.0,"gold_gain":0.0,"event_name":"Big Fish","player_choice":"Banana","floor":12.0,"gold_loss":0.0,"damage_taken":0.0},{"damage_healed":0.0,"max_hp_gain":0.0,"max_hp_loss":0.0,"gold_gain":0.0,"event_name":"Accursed Blacksmith","player_choice":"Rummage","floor":13.0,"gold_loss":0.0,"damage_taken":0.0,"relics_obtained":["WarpedTongs"],"cards_obtained":["Pain"]},{"damage_healed":0.0,"max_hp_gain":0.0,"max_hp_loss":0.0,"gold_gain":0.0,"event_name":"Masked Bandits","player_choice":"Fought Bandits","floor":31.0,"gold_loss":0.0,"damage_taken":0.0},{"cards_removed":["Ball Lightning"],"damage_healed":0.0,"max_hp_gain":0.0,"max_hp_loss":0.0,"gold_gain":0.0,"event_name":"Falling","player_choice":"Removed Attack","floor":36.0,"gold_loss":0.0,"damage_taken":0.0},{"damage_healed":0.0,"max_hp_gain":0.0,"max_hp_loss":0.0,"gold_gain":75.0,"event_name":"FaceTrader","player_choice":"Touch","floor":37.0,"gold_loss":0.0,"damage_taken":10.0}],"is_beta":false,"boss_relics":[{"not_picked":["Orrery","Calling Bell"],"picked":"Nuclear Battery"},{"not_picked":["Eternal Feather","Snecko Eye"],"picked":"Empty Cage"}],"items_purged_floors":[19,38,53],"is_endless":false,"potions_floor_spawned":[6,10,11,14,18,20,30,33,39,45,46,47,54],"killed_by":"The Heart","ascension_level":0}