{"gold_per_floor":[12,12,28,42,54,88,106,125,125,125,160,160,174,16,16,113,113,132,44,61,71,71,96,113,138,138,138,38,54,70,98,98,197,247,265,284,297,105,65,65,100,100,181,199,199,234,509,10,10,10],"floor_reached":51,"playtime":3922,"items_purged":["Strike_R","Strike_R","Strike_R","Regret"],"score":1269,"play_id":"ce5969d5-67dd-4711-89b5-5793402a7ed1","local_time":"20190508175527","is_ascension_mode":true,"campfire_choices":[{"data":"Armaments","floor":10.0,"key":"SMITH"},{"data":"Clothesline","floor":12.0,"key":"SMITH"},{"data":"Heavy Blade","floor":15.0,"key":"SMITH"},{"floor":27.0,"key":"REST"},{"floor":32.0,"key":"REST"},{"floor":40.0,"key":"REST"},{"floor":42.0,"key":"REST"},{"floor":49,"key":"REST"}],"neow_cost":"NO_GOLD","seed_source_timestamp":342393189277371,"circlet_count":0,"master_deck":["AscendersBane","Strike_R+1","Strike_R+1","Defend_R+1","Defend_R+1","Defend_R+1","Defend_R+1","Bash+1","Juggernaut+1","Pummel+1","Iron Wave+1","Iron Wave+1","Sword Boomerang+1","Clothesline+1","Armaments+1","Headbutt+1","Shrug It Off+1","Reaper+1","Inflame+1","Heavy Blade+1","Demon Form+1","Corruption+1","Inflame+1","Shrug It Off+1","Rage+1","Twin Strike+1","Warcry+1","Anger+1","Uppercut+1","Feel No Pain+1","Inflame+1","Double Tap+1","Flex+1","Dropkick+1","Shrug It Off+1","Inflame+1","Dual Wield+1","Warcry+1","Sword Boomerang+1"],"special_seed":0,"relics":["Burning Blood","Boot","Gremlin Horn","PreservedInsect","Fusion Hammer","Whetstone","Thread and Needle","Sundial","FossilizedHelix","Tiny House","Strawberry","Mummified Hand","Mark of the Bloom","Potion Belt","Shuriken"],"potions_floor_usage":[46,46,50,50,50,50],"damage_taken":[{"damage":6.0,"enemies":"Cultist","floor":1.0,"turns":4.0},{"damage":6.0,"enemies":"2 Louse","floor":3.0,"turns":3.0},{"damage":2.0,"enemies":"Jaw Worm","floor":4.0,"turns":3.0},{"damage":13.0,"enemies":"Exordium Thugs","floor":5.0,"turns":4.0},{"damage":30.0,"enemies":"Lagavulin","floor":6.0,"turns":7.0},{"damage":3.0,"enemies":"3 Louse","floor":7.0,"turns":3.0},{"damage":0.0,"enemies":"2 Fungi Beasts","floor":8.0,"turns":2.0},{"damage":16.0,"enemies":"Gremlin Nob","floor":11.0,"turns":4.0},{"damage":6.0,"enemies":"Red Slaver","floor":13.0,"turns":3.0},{"damage":36.0,"enemies":"The Guardian","floor":16.0,"turns":14.0},{"damage":32.0,"enemies":"Chosen","floor":18.0,"turns":7.0},{"damage":14.0,"enemies":"Shell Parasite","floor":20.0,"turns":5.0},{"damage":9.0,"enemies":"Sentry and Sphere","floor":21.0,"turns":5.0},{"damage":13.0,"enemies":"Gremlin Leader","floor":23.0,"turns":4.0},{"damage":11.0,"enemies":"Cultist and Chosen","floor":24.0,"turns":5.0},{"damage":52.0,"enemies":"Slavers","floor":25.0,"turns":6.0},{"damage":18.0,"enemies":"Snecko","floor":29.0,"turns":5.0},{"damage":23.0,"enemies":"3 Cultists","floor":30.0,"turns":5.0},{"damage":41.0,"enemies":"Gremlin Leader","floor":31.0,"turns":5.0},{"damage":42.0,"enemies":"Automaton","floor":33.0,"turns":7.0},{"damage":0.0,"enemies":"3 Darklings","floor":35.0,"turns":4.0},{"damage":13.0,"enemies":"3 Shapes","floor":36.0,"turns":4.0},{"damage":59.0,"enemies":"3 Darklings","floor":37.0,"turns":7.0},{"damage":7.0,"enemies":"Nemesis","floor":41.0,"turns":5.0},{"damage":17.0,"enemies":"Sphere and 2 Shapes","floor":44.0,"turns":7.0},{"damage":0,"enemies":"Reptomancer","floor":46,"turns":2},{"damage":25,"enemies":"Time Eater","floor":50,"turns":4}],"seed_played":"7258236776835227223","potions_obtained":[{"floor":1.0,"key":"Strength Potion"},{"floor":4.0,"key":"Explosive Potion"},{"floor":11.0,"key":"BloodPotion"},{"floor":13.0,"key":"SkillPotion"},{"floor":16.0,"key":"Fruit Juice"},{"floor":18.0,"key":"Regen Potion"},{"floor":21.0,"key":"Energy Potion"},{"floor":24.0,"key":"EssenceOfSteel"},{"floor":25.0,"key":"Swift Potion"},{"floor":31.0,"key":"Fire Potion"},{"floor":33.0,"key":"BloodPotion"},{"floor":34.0,"key":"SkillPotion"},{"floor":35.0,"key":"PowerPotion"},{"floor":36.0,"key":"Strength Potion"},{"floor":41.0,"key":"SteroidPotion"},{"floor":46,"key":"LiquidBronze"}],"is_trial":false,"path_per_floor":["M","?","M","M","M","E","M","M","T","R","E","R","M","$","R","B",null,"M","$","M","M","?","E","M","E","T","R","$","M","M","E","R","B",null,"M","M","M","$","?","R","E","R","T","M","?","E","?","$","R","B",null],"character_chosen":"IRONCLAD","items_purchased":["Inflame","Heavy Blade","Inflame","Shrug It Off","Inflame","Shuriken","AttackPotion","Explosive Potion"],"campfire_rested":5,"item_purchase_floors":[14,14,19,19,38,48,48,48],"current_hp_per_floor":[72,72,72,76,69,45,48,54,54,54,44,44,52,52,52,29,67,51,51,57,54,54,61,66,51,51,76,76,76,85,65,85,49,81,87,80,37,37,37,64,84,97,97,86,86,86,86,86,86,61],"gold":10,"neow_bonus":"THREE_RARE_CARDS","is_prod":false,"is_daily":false,"chose_seed":false,"campfire_upgraded":3,"win_rate":0,"timestamp":1557352527,"path_taken":["M","?","M","M","M","E","M","M","T","R","E","R","M","$","R","BOSS","M","?","M","M","?","E","M","E","T","R","$","M","M","E","R","BOSS","M","M","?","$","?","R","E","R","T","?","?","E","?","$","R","BOSS"],"build_version":"2019-01-23","purchased_purges":4,"victory":true,"max_hp_per_floor":[80,80,80,80,80,80,80,80,80,80,80,80,80,80,80,80,80,85,85,85,85,85,85,85,85,85,85,85,85,85,85,85,85,90,90,90,90,90,90,90,97,97,97,97,97,97,97,97,97,97],"card_choices":[{"not_picked":["Berserk","Offering"],"picked":"Juggernaut","floor":0.0},{"not_picked":["Feel No Pain","Warcry"],"picked":"Pummel","floor":1.0},{"not_picked":["Thunderclap","Flex"],"picked":"Iron Wave","floor":3.0},{"not_picked":["Flex","Juggernaut"],"picked":"Iron Wave","floor":4.0},{"not_picked":["Infernal Blade","Flex"],"picked":"Sword Boomerang","floor":5.0},{"not_picked":["Wild Strike","Flex"],"picked":"Clothesline","floor":6.0},{"not_picked":["Wild Strike","Rampage"],"picked":"Armaments","floor":7.0},{"not_picked":["Sword Boomerang","Dual Wield"],"picked":"Headbutt","floor":8.0},{"not_picked":["Twin Strike","Havoc"],"picked":"Shrug It Off","floor":11.0},{"not_picked":["Evolve","Clothesline"],"picked":"Reaper","floor":13.0},{"not_picked":["Limit Break","Feed"],"picked":"Demon Form","floor":16.0},{"not_picked":["Sword Boomerang","Fire Breathing+1"],"picked":"Corruption","floor":18.0},{"not_picked":["Hemokinesis","Sword Boomerang+1"],"picked":"Rage+1","floor":20.0},{"not_picked":["Sword Boomerang","Flex","Heavy Blade"],"picked":"SKIP","floor":21.0},{"not_picked":["Infernal Blade","Body Slam"],"picked":"Warcry","floor":23.0},{"not_picked":["Second Wind","Ghostly Armor+1"],"picked":"Anger","floor":24.0},{"not_picked":["Wild Strike+1","Sword Boomerang","Body Slam"],"picked":"SKIP","floor":25.0},{"not_picked":["Bloodletting+1","Heavy Blade"],"picked":"Uppercut+1","floor":29.0},{"not_picked":["Juggernaut","Wild Strike+1"],"picked":"Feel No Pain","floor":30.0},{"not_picked":["Warcry","Flame Barrier"],"picked":"Inflame","floor":31.0},{"not_picked":["Fiend Fire","Exhume"],"picked":"Double Tap","floor":33.0},{"not_picked":["Bloodletting+1","Clothesline+1"],"picked":"Flex+1","floor":35.0},{"not_picked":["Evolve","Juggernaut"],"picked":"Dropkick+1","floor":36.0},{"not_picked":["Seeing Red+1","Sword Boomerang+1"],"picked":"Shrug It Off","floor":37.0},{"not_picked":["Rampage","Warcry"],"picked":"Dual Wield","floor":41.0},{"not_picked":["Reckless Charge","Searing Blow"],"picked":"Warcry+1","floor":44.0},{"not_picked":["Twin Strike","Searing Blow"],"picked":"Sword Boomerang+1","floor":46}],"player_experience":421409,"relics_obtained":[{"floor":6.0,"key":"Boot"},{"floor":9.0,"key":"Gremlin Horn"},{"floor":11.0,"key":"PreservedInsect"},{"floor":23.0,"key":"Whetstone"},{"floor":25.0,"key":"Thread and Needle"},{"floor":26.0,"key":"Sundial"},{"floor":31.0,"key":"FossilizedHelix"},{"floor":41.0,"key":"Strawberry"},{"floor":43.0,"key":"Mummified Hand"},{"floor":46,"key":"Potion Belt"}],"event_choices":[{"damage_healed":0.0,"max_hp_gain":0.0,"max_hp_loss":0.0,"gold_gain":0.0,"event_name":"Upgrade Shrine","player_choice":"Upgraded","floor":2.0,"gold_loss":0.0,"damage_taken":0.0,"cards_upgraded":["Bash"]},{"damage_healed":0.0,"max_hp_gain":0.0,"max_hp_loss":0.0,"gold_gain":0.0,"event_name":"Match and Keep!","player_choice":"1 cards matched","floor":22.0,"gold_loss":0.0,"damage_taken":0.0,"cards_obtained":["Twin Strike"]},{"damage_healed":0.0,"max_hp_gain":0.0,"max_hp_loss":0.0,"gold_gain":0.0,"event_name":"Designer","player_choice":"Upgraded Two","floor":39.0,"gold_loss":40.0,"damage_taken":0.0,"cards_upgraded":["Sword Boomerang","Anger"]},{"damage_healed":0.0,"max_hp_gain":0.0,"max_hp_loss":0.0,"gold_gain":0.0,"event_name":"MindBloom","player_choice":"Upgrade","floor":45.0,"gold_loss":0.0,"damage_taken":0.0,"cards_upgraded":["Defend_R","Defend_R","Defend_R","Defend_R","Juggernaut","Pummel","Iron Wave","Iron Wave","Headbutt","Shrug It Off","Inflame","Demon Form","Corruption","Inflame","Shrug It Off","Twin Strike","Warcry","Feel No Pain","Inflame","Double Tap","Shrug It Off","Inflame","Dual Wield"],"relics_obtained":["Mark of the Bloom"]},{"damage_healed":0,"gold_gain":275,"player_choice":"Desecrate","damage_taken":0,"max_hp_gain":0,"max_hp_loss":0,"event_name":"Golden Shrine","floor":47,"gold_loss":0,"cards_obtained":["Regret"]}],"is_beta":false,"boss_relics":[{"not_picked":["Empty Cage","White Beast Statue"],"picked":"Fusion Hammer"},{"not_picked":["Runic Dome","Lizard Tail"],"picked":"Tiny House"}],"items_purged_floors":[14,28,38,48],"is_endless":false,"potions_floor_spawned":[1,4,11,13,16,18,21,24,25,31,33,35,36,41,46],"ascension_level":10}