{"gold_per_floor":[219,219,219,63,88,128,128,28,28,28,68,18,38,82,82,205,205,218,242,258,258,13,47,47,91,91,132,132,132,173,173,173,302,302,315,336,130,146,70,113,113,153,179,179,220,220,235,5,5,5,5,5,5,38,38],"floor_reached":55,"playtime":6035,"items_purged":["Strike_B","Defend_B","Defend_B"],"score":1016,"play_id":"c25b3a03-26d2-4021-82cb-3132f413369f","local_time":"20190425003237","is_ascension_mode":true,"campfire_choices":[{"data":"Loop","floor":7,"key":"SMITH"},{"floor":10,"key":"REST"},{"data":"Coolheaded","floor":15,"key":"SMITH"},{"data":"Machine Learning","floor":24,"key":"SMITH"},{"data":"Electrodynamics","floor":29,"key":"SMITH"},{"data":"Hello World","floor":32,"key":"SMITH"},{"floor":41,"key":"RECALL"},{"floor":44,"key":"REST"},{"floor":49,"key":"REST"},{"floor":52,"key":"REST"}],"neow_cost":"NONE","seed_source_timestamp":4355924873119903,"circlet_count":0,"master_deck":["Strike_B","Strike_B+1","Zap+1","Dualcast+1","Coolheaded+1","Loop+1","Electrodynamics+1","Hello World+1","Conserve Battery+1","Tempest+1","Machine Learning+1","Ball Lightning","Conserve Battery+1","Genetic Algorithm+1","Reboot+1","Blizzard","Conserve Battery+1","Hologram+1","Coolheaded+1","Rainbow+1","Coolheaded+1","Defragment+1","Defragment+1","Conserve Battery+1","White Noise+1","White Noise+1","Seek+1","FTL+1","Rainbow+1","Ball Lightning+1","Glacier+1","BootSequence+1"],"relics":["Cracked Core","Golden Idol","Lantern","Toxic Egg 2","Mango","FossilizedHelix","Sozu","Frozen Egg 2","Bottled Lightning","Orichalcum","Molten Egg 2","Juzu Bracelet","Thread and Needle","Fusion Hammer","Blood Vial","Letter Opener","War Paint","Shuriken","Bronze Scales","Dead Branch"],"potions_floor_usage":[16],"damage_taken":[{"damage":0,"enemies":"Small Slimes","floor":1,"turns":3},{"damage":2,"enemies":"2 Louse","floor":5,"turns":3},{"damage":17,"enemies":"Lagavulin","floor":6,"turns":6},{"damage":29,"enemies":"Gremlin Nob","floor":11,"turns":4},{"damage":0,"enemies":"Cultist","floor":13,"turns":3},{"damage":8,"enemies":"3 Sentries","floor":14,"turns":3},{"damage":0,"enemies":"Hexaghost","floor":16,"turns":9},{"damage":0,"enemies":"2 Thieves","floor":18,"turns":3},{"damage":4,"enemies":"3 Byrds","floor":19,"turns":2},{"damage":3,"enemies":"Cultist and Chosen","floor":20,"turns":5},{"damage":17,"enemies":"Book of Stabbing","floor":23,"turns":4},{"damage":27,"enemies":"Gremlin Leader","floor":25,"turns":5},{"damage":3,"enemies":"Book of Stabbing","floor":27,"turns":5},{"damage":0,"enemies":"Slavers","floor":30,"turns":4},{"damage":13,"enemies":"Champ","floor":33,"turns":12},{"damage":0,"enemies":"3 Shapes","floor":35,"turns":3},{"damage":0,"enemies":"Orb Walker","floor":36,"turns":3},{"damage":0,"enemies":"Jaw Worm Horde","floor":38,"turns":3},{"damage":25,"enemies":"Reptomancer","floor":40,"turns":5},{"damage":4,"enemies":"Nemesis","floor":42,"turns":5},{"damage":0,"enemies":"Reptomancer","floor":45,"turns":6},{"damage":0,"enemies":"Sphere and 2 Shapes","floor":47,"turns":5},{"damage":11,"enemies":"Awakened One","floor":50,"turns":12},{"damage":0,"enemies":"Shield and Spear","floor":54,"turns":5},{"damage":94,"enemies":"The Heart","floor":55,"turns":8}],"seed_played":"4608734221186266963","potions_obtained":[{"floor":11,"key":"Poison Potion"},{"floor":16,"key":"EntropicBrew"}],"is_trial":false,"path_per_floor":["M","?","?","$","M","E","R","$","T","R","E","?","M","E","R","B",null,"M","M","M","?","$","E","R","E","T","E","?","R","E","?","R","B",null,"M","M","$","M","$","E","R","E","T","R","E","?","M","$","R","B",null,"R","$","E","B"],"character_chosen":"DEFECT","items_purchased":["Loop","Frozen Egg 2","Defragment+1","Conserve Battery+1","White Noise+1","Glacier+1","Bronze Scales"],"campfire_rested":4,"item_purchase_floors":[4,22,37,37,39,48,48],"current_hp_per_floor":[75,57,42,42,40,23,23,23,23,45,30,30,30,22,22,22,89,89,85,82,82,82,65,65,38,38,35,64,64,64,64,64,51,89,89,89,89,89,89,64,64,62,62,88,89,89,89,89,89,78,89,89,89,89,0],"gold":38,"neow_bonus":"HUNDRED_GOLD","is_prod":false,"is_daily":false,"chose_seed":false,"campfire_upgraded":5,"win_rate":0,"timestamp":1556166757,"path_taken":["M","?","?","$","M","E","R","$","T","R","E","?","M","E","R","BOSS","M","M","M","?","$","E","R","E","T","E","?","R","E","?","R","BOSS","M","M","$","M","?","E","R","E","T","R","E","?","M","$","R","BOSS","R","$","E","BOSS"],"build_version":"2019-01-23","purchased_purges":3,"victory":false,"max_hp_per_floor":[75,75,75,75,75,75,75,75,75,75,89,89,89,89,89,89,89,89,89,89,89,89,89,89,89,89,89,89,89,89,89,89,89,89,89,89,89,89,89,89,89,89,89,89,89,89,89,89,89,89,89,89,89,89,89],"card_choices":[{"not_picked":["Ball Lightning","Compile Driver"],"picked":"Coolheaded","floor":1},{"not_picked":["Stack","Aggregate","Compile Driver"],"picked":"SKIP","floor":5},{"not_picked":["Self Repair","Coolheaded"],"picked":"Electrodynamics","floor":6},{"not_picked":["Darkness+1","Lockon"],"picked":"Hello World","floor":11},{"not_picked":["Leap+1","Sweeping Beam"],"picked":"Conserve Battery+1","floor":13},{"not_picked":["Skim+1","Melter"],"picked":"Tempest+1","floor":14},{"not_picked":["Multi-Cast+1","Rainbow+1"],"picked":"Machine Learning","floor":16},{"not_picked":["Sweeping Beam+1","Compile Driver"],"picked":"Ball Lightning","floor":18},{"not_picked":["Steam+1","Tempest+1"],"picked":"Conserve Battery+1","floor":19},{"not_picked":["Tempest+1","Cold Snap"],"picked":"Genetic Algorithm+1","floor":20},{"not_picked":["Ball Lightning","Steam+1","Streamline"],"picked":"SKIP","floor":23},{"not_picked":["Go for the Eyes","Barrage"],"picked":"Conserve Battery+1","floor":25},{"not_picked":["Chaos+1","Steam+1"],"picked":"Hologram+1","floor":27},{"not_picked":["Doom and Gloom+1","Fusion+1"],"picked":"Coolheaded+1","floor":30},{"not_picked":["Amplify+1","All For One+1"],"picked":"Rainbow+1","floor":33},{"not_picked":["Leap+1","Undo+1"],"picked":"Coolheaded+1","floor":35},{"not_picked":["Barrage+1","Reprogram+1"],"picked":"Defragment+1","floor":36},{"not_picked":["Darkness+1","Leap+1"],"picked":"White Noise+1","floor":38},{"not_picked":["Beam Cell+1","Rebound+1"],"picked":"Seek+1","floor":40},{"not_picked":["Redo+1","Static Discharge+1"],"picked":"FTL+1","floor":42},{"not_picked":["Scrape+1","FTL+1"],"picked":"Rainbow+1","floor":45},{"not_picked":["Steam+1","Compile Driver+1"],"picked":"Ball Lightning+1","floor":47},{"not_picked":["Self Repair+1","Melter+1"],"picked":"BootSequence+1","floor":54}],"player_experience":131246,"relics_obtained":[{"floor":6,"key":"Lantern"},{"floor":9,"key":"Toxic Egg 2"},{"floor":11,"key":"Mango"},{"floor":14,"key":"FossilizedHelix"},{"floor":23,"key":"Bottled Lightning"},{"floor":25,"key":"Orichalcum"},{"floor":26,"key":"Molten Egg 2"},{"floor":27,"key":"Juzu Bracelet"},{"floor":30,"key":"Thread and Needle"},{"floor":40,"key":"Blood Vial"},{"floor":42,"key":"Letter Opener"},{"floor":45,"key":"War Paint"},{"floor":54,"key":"Dead Branch"}],"event_choices":[{"damage_healed":0,"gold_gain":0,"player_choice":"Take Damage","damage_taken":18,"relics_obtained":["Golden Idol"],"max_hp_gain":0,"max_hp_loss":0,"event_name":"Golden Idol","floor":2,"gold_loss":0},{"damage_healed":0,"gold_gain":0,"player_choice":"Entered Light","damage_taken":15,"max_hp_gain":0,"max_hp_loss":0,"event_name":"Shining Light","floor":3,"gold_loss":0,"cards_upgraded":["Strike_B","Zap"]},{"cards_removed":["Strike_B"],"damage_healed":0,"gold_gain":0,"player_choice":"Card Removal","damage_taken":0,"max_hp_gain":0,"max_hp_loss":0,"event_name":"The Cleric","floor":12,"gold_loss":50},{"damage_healed":0,"gold_gain":0,"cards_transformed":["Defend_B","Defend_B"],"player_choice":"Became Test Subject","damage_taken":0,"max_hp_gain":0,"max_hp_loss":0,"event_name":"Drug Dealer","floor":21,"gold_loss":0,"cards_obtained":["Reboot","Blizzard"]},{"damage_healed":29,"gold_gain":0,"player_choice":"Heal","damage_taken":0,"max_hp_gain":0,"max_hp_loss":0,"event_name":"The Library","floor":28,"gold_loss":0},{"damage_healed":0,"gold_gain":0,"player_choice":"Ignored","damage_taken":0,"max_hp_gain":0,"max_hp_loss":0,"event_name":"N\u0027loth","floor":31,"gold_loss":0},{"damage_healed":0,"gold_gain":0,"player_choice":"Gave Potion","damage_taken":0,"relics_obtained":["Shuriken"],"max_hp_gain":0,"max_hp_loss":0,"event_name":"WeMeetAgain","floor":46,"gold_loss":0}],"is_beta":false,"boss_relics":[{"not_picked":["Busted Crown","Astrolabe"],"picked":"Sozu"},{"not_picked":["Coffee Dripper","Tiny House"],"picked":"Fusion Hammer"}],"items_purged_floors":[4,8,37],"is_endless":false,"potions_floor_spawned":[11,16,20,25,27,30,35,38,42,45],"killed_by":"The Heart","ascension_level":1}