{"gold_per_floor":[112,62,75,86,99,125,140,140,221,3,3,38,38,72,72,172,172,183,39,39,39,56,56,67,93,93,23,23,23,37,68,68,173,173,192,1191,511,527,541,566,577,577,577,590,615,6,40,40,40,40],"floor_reached":51,"playtime":4794,"items_purged":["Defend_G","Strike_G","Writhe"],"score":1098,"play_id":"fad193c7-486f-44cd-b519-8653eea2a014","local_time":"20190428151415","is_ascension_mode":true,"campfire_choices":[{"floor":8,"key":"REST"},{"data":"Leg Sweep","floor":11,"key":"SMITH"},{"data":"Bane","floor":15,"key":"SMITH"},{"data":"Footwork","floor":23,"key":"SMITH"},{"data":"Caltrops","floor":29,"key":"SMITH"},{"data":"Noxious Fumes","floor":32,"key":"SMITH"},{"floor":49,"key":"REST"}],"neow_cost":"NONE","seed_source_timestamp":4669318438370429,"circlet_count":0,"master_deck":["Defend_G","Defend_G","Defend_G","Strike_G","Strike_G","Strike_G","Strike_G","Survivor","Neutralize+1","Dodge and Roll","Blur","Leg Sweep+1","Deadly Poison","Blur","Noxious Fumes+1","Bane+1","Burst","Bouncing Flask","Well Laid Plans","Backstab","Cloak And Dagger","Tools of the Trade","Footwork+1","Footwork+1","Escape Plan+1","Caltrops+1","Concentrate","Night Terror","Deflect+1","Bandage Up","Bouncing Flask+1","Prepared","Flying Knee+1","Backstab","Outmaneuver+1","Footwork","Footwork","Cloak And Dagger"],"relics":["Ring of the Snake","Letter Opener","Pantograph","PreservedInsect","Incense Burner","Bronze Scales","Orrery","Omamori","Ancient Tea Set","Bag of Marbles","Nilry\u0027s Codex","Mercury Hourglass","Sozu","TwistedFunnel","Calipers","Vajra","Mummified Hand","Bottled Flame","Bottled Tornado","Centennial Puzzle","Blood Vial"],"potions_floor_usage":[12,14,16,25,33,33,35],"damage_taken":[{"damage":0,"enemies":"2 Louse","floor":1,"turns":3},{"damage":1,"enemies":"Jaw Worm","floor":3,"turns":6},{"damage":0,"enemies":"Cultist","floor":4,"turns":3},{"damage":3,"enemies":"Exordium Wildlife","floor":5,"turns":12},{"damage":37,"enemies":"Lagavulin","floor":6,"turns":11},{"damage":0,"enemies":"3 Louse","floor":7,"turns":5},{"damage":0,"enemies":"3 Sentries","floor":12,"turns":6},{"damage":0,"enemies":"Gremlin Nob","floor":14,"turns":5},{"damage":38,"enemies":"Hexaghost","floor":16,"turns":10},{"damage":20,"enemies":"2 Thieves","floor":18,"turns":4},{"damage":2,"enemies":"Shell Parasite","floor":22,"turns":6},{"damage":4,"enemies":"Centurion and Healer","floor":24,"turns":10},{"damage":3,"enemies":"Slavers","floor":25,"turns":5},{"damage":1,"enemies":"Snecko","floor":30,"turns":5},{"damage":18,"enemies":"Book of Stabbing","floor":31,"turns":4},{"damage":31,"enemies":"Automaton","floor":33,"turns":12},{"damage":12,"enemies":"3 Darklings","floor":35,"turns":3},{"damage":0,"enemies":"Orb Walker","floor":38,"turns":4},{"damage":16,"enemies":"Sphere and 2 Shapes","floor":39,"turns":6},{"damage":0,"enemies":"Giant Head","floor":40,"turns":7},{"damage":0,"enemies":"Maw","floor":41,"turns":7},{"damage":9,"enemies":"Spire Growth","floor":44,"turns":5},{"damage":31,"enemies":"Nemesis","floor":45,"turns":5},{"damage":10,"enemies":"Reptomancer","floor":47,"turns":5},{"damage":31,"enemies":"Time Eater","floor":50,"turns":12}],"seed_played":"-9121880788667590586","potions_obtained":[{"floor":1,"key":"Block Potion"},{"floor":5,"key":"FearPotion"},{"floor":7,"key":"AttackPotion"},{"floor":14,"key":"SpeedPotion"},{"floor":24,"key":"Fire Potion"},{"floor":25,"key":"Weak Potion"},{"floor":33,"key":"FearPotion"}],"is_trial":false,"path_per_floor":["M","?","M","M","M","E","M","R","T","$","R","E","?","E","R","B",null,"M","$","?","?","M","R","M","E","T","$","?","R","M","E","R","B",null,"M","?","$","M","M","E","M","?","T","M","E","$","E","?","R","B",null],"character_chosen":"THE_SILENT","items_purchased":["PreservedInsect","Noxious Fumes","Footwork","Caltrops","TwistedFunnel","Calipers","Bandage Up","Footwork","Bottled Tornado","Centennial Puzzle","Cloak And Dagger"],"campfire_rested":2,"item_purchase_floors":[10,10,19,27,37,37,37,46,46,46,46],"current_hp_per_floor":[70,70,69,69,66,29,29,50,50,50,50,50,55,55,55,37,66,46,46,71,71,69,69,65,62,62,62,46,46,45,27,27,21,62,50,50,50,50,38,42,46,65,65,60,33,33,27,27,49,48],"gold":40,"neow_bonus":"UPGRADE_CARD","is_prod":false,"is_daily":false,"chose_seed":false,"campfire_upgraded":5,"win_rate":0,"timestamp":1556478855,"path_taken":["M","?","M","M","M","E","M","R","T","$","R","E","?","E","R","BOSS","M","$","?","?","M","R","?","E","T","$","?","R","M","E","R","BOSS","M","?","$","M","M","E","M","?","T","M","E","$","E","?","R","BOSS"],"build_version":"2019-01-23","purchased_purges":3,"victory":true,"max_hp_per_floor":[70,70,70,70,70,70,70,70,70,70,70,70,75,75,75,75,75,75,75,75,75,75,75,75,75,75,75,75,75,75,75,75,75,75,75,75,75,75,75,75,75,75,75,75,75,75,75,75,75,75],"card_choices":[{"not_picked":["Tactician","Blade Dance"],"picked":"Dodge and Roll","floor":1},{"not_picked":["Endless Agony","Calculated Gamble"],"picked":"Blur","floor":3},{"not_picked":["Underhanded Strike","Flying Knee"],"picked":"Leg Sweep","floor":4},{"not_picked":["Dagger Spray","Underhanded Strike"],"picked":"Deadly Poison","floor":5},{"not_picked":["Expertise","Underhanded Strike"],"picked":"Blur","floor":6},{"not_picked":["Sucker Punch","Underhanded Strike","Dagger Spray"],"picked":"SKIP","floor":7},{"not_picked":["Sucker Punch","Distraction","Dodge and Roll"],"picked":"SKIP","floor":12},{"not_picked":["Dagger Throw","Outmaneuver"],"picked":"Bane","floor":14},{"not_picked":["Unload","Storm of Steel"],"picked":"Burst","floor":16},{"not_picked":["Reflex","Masterful Stab"],"picked":"Bouncing Flask","floor":17},{"not_picked":["Deadly Poison","Bane"],"picked":"Well Laid Plans","floor":17},{"not_picked":["Cloak And Dagger","Deflect"],"picked":"Backstab","floor":17},{"not_picked":["Flying Knee","Underhanded Strike"],"picked":"Cloak And Dagger","floor":17},{"not_picked":["Backstab","Blade Dance+1"],"picked":"Tools of the Trade","floor":18},{"not_picked":["Bane","Deadly Poison+1"],"picked":"Footwork+1","floor":22},{"not_picked":["Sucker Punch","Flechettes","Finisher"],"picked":"SKIP","floor":24},{"not_picked":["Acrobatics","Slice"],"picked":"Escape Plan+1","floor":25},{"not_picked":["Skewer","Heel Hook","Poisoned Stab"],"picked":"SKIP","floor":30},{"not_picked":["Storm of Steel","Predator"],"picked":"Concentrate","floor":31},{"not_picked":["Unload","Die Die Die"],"picked":"Night Terror","floor":33},{"not_picked":["Slice+1","Backflip"],"picked":"Deflect+1","floor":35},{"not_picked":["Cloak And Dagger","Poisoned Stab"],"picked":"Bouncing Flask+1","floor":38},{"not_picked":["Backflip","Flechettes"],"picked":"Prepared","floor":39},{"not_picked":["Calculated Gamble","Wraith Form v2"],"picked":"Flying Knee+1","floor":40},{"not_picked":["Underhanded Strike","Acrobatics+1"],"picked":"Backstab","floor":41},{"not_picked":["Quick Slash","Leg Sweep"],"picked":"Outmaneuver+1","floor":44},{"not_picked":["Riddle With Holes+1","Concentrate+1"],"picked":"Footwork","floor":45},{"not_picked":["Leg Sweep","Dagger Throw","Dagger Spray"],"picked":"SKIP","floor":47}],"player_experience":192737,"relics_obtained":[{"floor":6,"key":"Letter Opener"},{"floor":9,"key":"Pantograph"},{"floor":12,"key":"Incense Burner"},{"floor":14,"key":"Bronze Scales"},{"floor":21,"key":"Omamori"},{"floor":25,"key":"Ancient Tea Set"},{"floor":26,"key":"Bag of Marbles"},{"floor":28,"key":"Nilry\u0027s Codex"},{"floor":31,"key":"Mercury Hourglass"},{"floor":40,"key":"Vajra"},{"floor":43,"key":"Mummified Hand"},{"floor":45,"key":"Bottled Flame"},{"floor":47,"key":"Blood Vial"}],"event_choices":[{"cards_removed":["Defend_G"],"damage_healed":0,"gold_gain":0,"player_choice":"Card Removal","damage_taken":0,"max_hp_gain":0,"max_hp_loss":0,"event_name":"The Cleric","floor":2,"gold_loss":50},{"damage_healed":0,"gold_gain":0,"player_choice":"Donut","damage_taken":0,"max_hp_gain":5,"max_hp_loss":0,"event_name":"Big Fish","floor":13,"gold_loss":0},{"damage_healed":25,"gold_gain":0,"player_choice":"Heal","damage_taken":0,"max_hp_gain":0,"max_hp_loss":0,"event_name":"The Library","floor":20,"gold_loss":0},{"damage_healed":0,"gold_gain":0,"player_choice":"Relic","damage_taken":0,"max_hp_gain":0,"max_hp_loss":0,"event_name":"Wheel of Change","floor":21,"gold_loss":0},{"damage_healed":0,"gold_gain":0,"player_choice":"Obtained Book","damage_taken":16,"max_hp_gain":0,"max_hp_loss":0,"event_name":"Cursed Tome","floor":28,"gold_loss":0},{"damage_healed":0,"gold_gain":999,"player_choice":"Gold","damage_taken":0,"max_hp_gain":0,"max_hp_loss":0,"event_name":"MindBloom","floor":36,"gold_loss":0,"cards_obtained":["Normality","Normality"]},{"damage_healed":19,"gold_gain":0,"player_choice":"Writhe","damage_taken":0,"max_hp_gain":0,"max_hp_loss":0,"event_name":"Winding Halls","floor":42,"gold_loss":0,"cards_obtained":["Writhe"]},{"damage_healed":0,"gold_gain":0,"player_choice":"Ignored","damage_taken":0,"max_hp_gain":0,"max_hp_loss":0,"event_name":"Mysterious Sphere","floor":48,"gold_loss":0}],"is_beta":false,"boss_relics":[{"not_picked":["Runic Dome","Calling Bell"],"picked":"Orrery"},{"not_picked":["Coffee Dripper","WristBlade"],"picked":"Sozu"}],"items_purged_floors":[19,37,46],"is_endless":false,"potions_floor_spawned":[1,5,7,14,24,25,33,41,45],"ascension_level":5}