{"gold_per_floor":[115,126,13,13,27,27,102,121,121,155,168,168,181,211,211,308,308,308,308,10,10,10,10,10,10,10,10,10,10,10,10,10,10,10,10,10,10,10,10,10,10,10,10,10,10,10,10,10,10,10],"floor_reached":51,"playtime":4084,"items_purged":["Strike_B"],"score":1105,"play_id":"41607944-bd92-4b67-901a-9fd61712680b","local_time":"20190513211701","is_ascension_mode":true,"campfire_choices":[{"data":"Zap","floor":6,"key":"SMITH"},{"data":"Sunder","floor":12,"key":"SMITH"},{"floor":15,"key":"REST"},{"data":"Buffer","floor":23,"key":"SMITH"},{"floor":25,"key":"REST"},{"data":"Defragment","floor":28,"key":"SMITH"},{"floor":32,"key":"REST"},{"data":"Capacitor","floor":40,"key":"SMITH"},{"data":"Heatsinks","floor":42,"key":"SMITH"},{"data":"Defend_B","floor":45,"key":"SMITH"},{"data":"Defend_B","floor":49,"key":"SMITH"}],"neow_cost":"NONE","seed_source_timestamp":786357024221758,"circlet_count":0,"master_deck":["AscendersBane","Defend_B+1","Defend_B+1","Defend_B","Defend_B","Zap+1","Dualcast","Buffer+1","Gash","Ball Lightning","Doom and Gloom","Compile Driver","Capacitor+1","Defragment+1","Sunder+1","Stack+1","Stack+1","All For One","Streamline","Apotheosis+1","Blind+1","Self Repair","Steam+1","Heatsinks+1","Stack+1","Beam Cell","Core Surge","Double Energy+1","BootSequence+1","All For One","Rebound+1","Cold Snap+1","Turbo+1","Darkness+1","Glacier+1","Self Repair+1","Streamline","Defragment+1","Capacitor+1","Reprogram+1","Loop+1","Leap+1"],"relics":["FrozenCore","Blue Candle","Toxic Egg 2","Mercury Hourglass","Ectoplasm","Gremlin Horn","Frozen Egg 2","Prayer Wheel","Unceasing Top","Lantern","Mummified Hand"],"potions_floor_usage":[10,10,14,31,50,50],"damage_taken":[{"damage":0,"enemies":"2 Louse","floor":1,"turns":3},{"damage":0,"enemies":"Cultist","floor":2,"turns":3},{"damage":12,"enemies":"Small Slimes","floor":5,"turns":2},{"damage":8,"enemies":"3 Louse","floor":8,"turns":2},{"damage":15,"enemies":"Lagavulin","floor":10,"turns":5},{"damage":0,"enemies":"Large Slime","floor":11,"turns":6},{"damage":12,"enemies":"Gremlin Gang","floor":13,"turns":3},{"damage":25,"enemies":"3 Sentries","floor":14,"turns":4},{"damage":23,"enemies":"The Guardian","floor":16,"turns":12},{"damage":6,"enemies":"Spheric Guardian","floor":18,"turns":3},{"damage":9,"enemies":"Shell Parasite","floor":22,"turns":4},{"damage":0,"enemies":"3 Cultists","floor":27,"turns":3},{"damage":17,"enemies":"Book of Stabbing","floor":29,"turns":5},{"damage":17,"enemies":"Sentry and Sphere","floor":30,"turns":6},{"damage":7,"enemies":"Gremlin Leader","floor":31,"turns":5},{"damage":28,"enemies":"Automaton","floor":33,"turns":9},{"damage":0,"enemies":"3 Shapes","floor":35,"turns":6},{"damage":9,"enemies":"3 Darklings","floor":36,"turns":4},{"damage":0,"enemies":"Mind Bloom Boss Battle","floor":37,"turns":9},{"damage":6,"enemies":"Jaw Worm Horde","floor":39,"turns":5},{"damage":19,"enemies":"Giant Head","floor":41,"turns":11},{"damage":16,"enemies":"Maw","floor":44,"turns":9},{"damage":0,"enemies":"4 Shapes","floor":47,"turns":7},{"damage":5,"enemies":"Time Eater","floor":50,"turns":16}],"seed_played":"-2768555448850979894","potions_obtained":[{"floor":2,"key":"Regen Potion"},{"floor":8,"key":"FearPotion"},{"floor":11,"key":"Energy Potion"},{"floor":16,"key":"SpeedPotion"},{"floor":18,"key":"SkillPotion"},{"floor":22,"key":"Block Potion"},{"floor":33,"key":"FocusPotion"},{"floor":35,"key":"Dexterity Potion"}],"is_trial":false,"path_per_floor":["M","M","$","?","M","R","?","M","T","E","M","R","M","E","R","B",null,"M","?","$","?","M","R","?","R","T","M","R","E","M","E","R","B",null,"M","M","?","?","M","R","E","R","T","M","R","?","M","$","R","B",null],"character_chosen":"DEFECT","items_purchased":["Doom and Gloom","Apotheosis+1","Blind+1","Self Repair"],"campfire_rested":3,"item_purchase_floors":[3,20,20,20],"current_hp_per_floor":[68,68,68,73,61,61,50,42,42,39,39,39,27,2,26,3,61,55,55,55,55,56,56,56,80,80,80,80,73,63,63,80,62,76,80,71,80,80,80,80,80,80,80,80,80,80,80,80,80,80],"gold":10,"neow_bonus":"ONE_RANDOM_RARE_CARD","is_prod":false,"is_daily":false,"chose_seed":false,"campfire_upgraded":8,"win_rate":0,"timestamp":1557796621,"path_taken":["M","M","$","?","M","R","?","M","T","E","M","R","M","E","R","BOSS","M","?","$","?","?","R","?","R","T","M","R","E","M","E","R","BOSS","M","M","?","?","?","R","E","R","T","M","R","?","?","?","R","BOSS"],"build_version":"2019-01-23","purchased_purges":1,"victory":true,"max_hp_per_floor":[75,75,75,80,80,80,80,80,80,80,80,80,80,80,80,80,80,80,80,80,80,80,80,80,80,80,80,80,80,80,80,80,80,80,80,80,80,80,80,80,80,80,80,80,80,80,80,80,80,80],"card_choices":[{"not_picked":["Leap","Redo"],"picked":"Gash","floor":1},{"not_picked":["Barrage","Leap"],"picked":"Ball Lightning","floor":2},{"not_picked":["Darkness","Steam"],"picked":"Compile Driver","floor":5},{"not_picked":["Barrage","Conserve Battery"],"picked":"Capacitor","floor":8},{"not_picked":["Go for the Eyes","Conserve Battery"],"picked":"Defragment","floor":10},{"not_picked":["Recycle+1","Streamline"],"picked":"Sunder","floor":11},{"not_picked":["Sweeping Beam","Leap+1"],"picked":"Stack+1","floor":13},{"not_picked":["Sweeping Beam","Doom and Gloom"],"picked":"Stack+1","floor":14},{"not_picked":["Multi-Cast+1","Rainbow+1"],"picked":"All For One","floor":16},{"not_picked":["Sweeping Beam","Ball Lightning"],"picked":"Streamline","floor":18},{"not_picked":["Conserve Battery+1","Skim+1"],"picked":"Steam+1","floor":22},{"not_picked":["Ball Lightning","Compile Driver"],"picked":"Beam Cell","floor":27},{"not_picked":["Cold Snap","Redo+1"],"picked":"Core Surge","floor":29},{"not_picked":["Redo+1","Rebound"],"picked":"Double Energy+1","floor":30},{"not_picked":["Aggregate+1","Turbo+1"],"picked":"BootSequence+1","floor":31},{"not_picked":["Electrodynamics+1","Multi-Cast+1"],"picked":"All For One","floor":33},{"not_picked":["Stack+1","Storm+1"],"picked":"Rebound+1","floor":35},{"not_picked":["Redo+1","Static Discharge+1"],"picked":"Cold Snap+1","floor":35},{"not_picked":["Skim+1","Streamline"],"picked":"Turbo+1","floor":36},{"not_picked":["Rebound","Streamline"],"picked":"Darkness+1","floor":36},{"not_picked":["Hologram+1","Coolheaded+1"],"picked":"Glacier+1","floor":37},{"not_picked":["Sweeping Beam+1","Rebound"],"picked":"Streamline","floor":39},{"not_picked":["Streamline","Barrage","Cold Snap"],"picked":"SKIP","floor":39},{"not_picked":["Turbo+1","Hologram+1"],"picked":"Defragment+1","floor":41},{"not_picked":["Barrage","Ball Lightning"],"picked":"Capacitor+1","floor":44},{"not_picked":["Rainbow+1","Undo+1"],"picked":"Reprogram+1","floor":44},{"not_picked":["Ball Lightning","Beam Cell"],"picked":"Loop+1","floor":47},{"not_picked":["Rebound","Barrage"],"picked":"Leap+1","floor":47}],"player_experience":592051,"relics_obtained":[{"floor":9,"key":"Blue Candle"},{"floor":10,"key":"Toxic Egg 2"},{"floor":14,"key":"Mercury Hourglass"},{"floor":26,"key":"Gremlin Horn"},{"floor":29,"key":"Frozen Egg 2"},{"floor":31,"key":"Prayer Wheel"},{"floor":37,"key":"Unceasing Top"},{"floor":41,"key":"Lantern"},{"floor":43,"key":"Mummified Hand"}],"event_choices":[{"damage_healed":0,"gold_gain":0,"player_choice":"Donut","damage_taken":0,"max_hp_gain":5,"max_hp_loss":0,"event_name":"Big Fish","floor":4,"gold_loss":0},{"damage_healed":0,"gold_gain":75,"player_choice":"Gather Gold","damage_taken":11,"max_hp_gain":0,"max_hp_loss":0,"event_name":"World of Goop","floor":7,"gold_loss":0},{"damage_healed":0,"gold_gain":0,"player_choice":"Ignored","damage_taken":0,"max_hp_gain":0,"max_hp_loss":0,"event_name":"Beggar","floor":19,"gold_loss":0},{"cards_removed":["Strike_B"],"damage_healed":0,"gold_gain":0,"player_choice":"Offered Basic","damage_taken":0,"max_hp_gain":0,"max_hp_loss":0,"event_name":"Bonfire Elementals","floor":21,"gold_loss":0},{"damage_healed":0,"gold_gain":0,"cards_transformed":["Strike_B","Strike_B"],"player_choice":"Became Test Subject","damage_taken":0,"max_hp_gain":0,"max_hp_loss":0,"event_name":"Drug Dealer","floor":24,"gold_loss":0,"cards_obtained":["Heatsinks","Stack"]},{"damage_healed":0,"gold_gain":0,"player_choice":"Fight","damage_taken":0,"max_hp_gain":0,"max_hp_loss":0,"event_name":"MindBloom","floor":37,"gold_loss":0},{"damage_healed":0,"gold_gain":0,"player_choice":"1 cards matched","damage_taken":0,"max_hp_gain":0,"max_hp_loss":0,"event_name":"Match and Keep!","floor":38,"gold_loss":0,"cards_obtained":["Self Repair"]},{"damage_healed":0,"gold_gain":100,"player_choice":"Pray","damage_taken":0,"max_hp_gain":0,"max_hp_loss":0,"event_name":"Golden Shrine","floor":46,"gold_loss":0}],"is_beta":false,"boss_relics":[{"not_picked":["Eternal Feather","Empty Cage"],"picked":"Ectoplasm"},{"not_picked":["Runic Dome","Black Star"],"picked":"FrozenCore"}],"items_purged_floors":[3],"is_endless":false,"potions_floor_spawned":[2,8,11,16,18,22,33,35,39,41],"ascension_level":12}