{"gold_per_floor":[119,133,32,207,11,70,33,67,94,94,169,182,195,227,227,326,326,337,337,61,47,61,61,76,111,111,128,128,153,153,163,163,265,265,281,81,41,41,58,58,77,77,102,102,117,117,137,150,150,150],"floor_reached":51,"playtime":6139,"items_purged":["Strike_B","Doubt"],"score":1005,"play_id":"9ee9140d-2f8f-426f-8932-81b1ba5bfe53","local_time":"20190512030744","is_ascension_mode":true,"campfire_choices":[{"data":"Zap","floor":10.0,"key":"SMITH"},{"floor":15.0,"key":"REST"},{"data":"Hologram","floor":23.0,"key":"SMITH"},{"floor":28.0,"key":"REST"},{"floor":32,"key":"DIG"},{"floor":40,"key":"DIG"},{"floor":42,"key":"REST"},{"floor":49,"key":"DIG"}],"neow_cost":"NONE","seed_source_timestamp":632136416210380,"circlet_count":0,"master_deck":["Defend_B","Defend_B","Defend_B","Defend_B","Zap+1","Dualcast","Go for the Eyes+1","Ball Lightning","Coolheaded","Compile Driver+1","Doom and Gloom","Self Repair","Steam","Stack","Echo Form+1","Conserve Battery","Bite","Bite","Bite+1","Bite","Bite+1","Hologram+1","Echo Form+1","Defragment+1","Capacitor+1","Stack","FTL","FTL","Glacier","Seek","Loop+1","Static Discharge+1","Sweeping Beam+1","Ball Lightning","White Noise+1","BootSequence+1","Parasite","Coolheaded+1","Biased Cognition+1","Coolheaded+1"],"special_seed":0,"relics":["Cracked Core","Tiny Chest","Cables","Lantern","Frozen Egg 2","Lizard Tail","Whetstone","Pantograph","Shovel","Blue Candle","Happy Flower","Orrery","Bag of Preparation","Art of War","Juzu Bracelet","Bottled Flame"],"potions_floor_usage":[29,33,50],"damage_taken":[{"damage":1.0,"enemies":"Cultist","floor":1.0,"turns":3.0},{"damage":8.0,"enemies":"Small Slimes","floor":2.0,"turns":3.0},{"damage":13.0,"enemies":"Gremlin Nob","floor":6.0,"turns":3.0},{"damage":13.0,"enemies":"Lagavulin","floor":8.0,"turns":7.0},{"damage":5.0,"enemies":"Jaw Worm","floor":12.0,"turns":3.0},{"damage":1.0,"enemies":"Looter","floor":13.0,"turns":2.0},{"damage":6.0,"enemies":"3 Sentries","floor":14.0,"turns":5.0},{"damage":8.0,"enemies":"The Guardian","floor":16.0,"turns":12.0},{"damage":13.0,"enemies":"Shell Parasite","floor":18.0,"turns":6.0},{"damage":22.0,"enemies":"2 Thieves","floor":21.0,"turns":4.0},{"damage":21.0,"enemies":"Centurion and Healer","floor":22.0,"turns":7.0},{"damage":20.0,"enemies":"Snecko","floor":24.0,"turns":6.0},{"damage":38.0,"enemies":"Book of Stabbing","floor":25.0,"turns":7.0},{"damage":46.0,"enemies":"Chosen and Byrds","floor":27.0,"turns":7.0},{"damage":47,"enemies":"Slavers","floor":29,"turns":10},{"damage":16,"enemies":"Shelled Parasite and Fungi","floor":31,"turns":21},{"damage":63,"enemies":"Champ","floor":33,"turns":12},{"damage":42,"enemies":"3 Darklings","floor":35,"turns":6},{"damage":4,"enemies":"3 Shapes","floor":39,"turns":10},{"damage":39,"enemies":"Writhing Mass","floor":41,"turns":8},{"damage":20,"enemies":"Spire Growth","floor":45,"turns":8},{"damage":24,"enemies":"4 Shapes","floor":47,"turns":7},{"damage":9,"enemies":"Sphere and 2 Shapes","floor":48,"turns":8},{"damage":15,"enemies":"Donu and Deca","floor":50,"turns":16}],"seed_played":"9206966561845727281","potions_obtained":[{"floor":0.0,"key":"Fruit Juice"},{"floor":0.0,"key":"SmokeBomb"},{"floor":0.0,"key":"Energy Potion"},{"floor":1.0,"key":"SteroidPotion"},{"floor":13.0,"key":"EntropicBrew"},{"floor":14.0,"key":"SteroidPotion"},{"floor":27.0,"key":"Regen Potion"},{"floor":31,"key":"LiquidBronze"}],"is_trial":false,"path_per_floor":["M","M","$","?","$","E","$","E","T","R","?","M","M","E","R","B",null,"M","?","$","M","M","R","M","E","T","M","R","E","?","M","R","B",null,"M","$","?","$","M","R","M","R","T","?","M","?","M","M","R","B",null],"character_chosen":"DEFECT","items_purchased":["Sweeping Beam","Coolheaded","Compile Driver","Self Repair","Whetstone","Hologram","Echo Form+1","Bag of Preparation","Dexterity Potion"],"campfire_rested":3,"item_purchase_floors":[3,5,5,7,20,20,20,36,36],"current_hp_per_floor":[72,64,64,64,64,51,51,45,45,45,34,36,35,29,53,52,73,74,56,56,46,52,52,41,28,28,35,51,50,41,61,61,31,54,18,18,18,18,44,44,32,50,50,50,61,61,61,61,61,61],"gold":150,"neow_bonus":"THREE_SMALL_POTIONS","is_prod":false,"is_daily":false,"chose_seed":false,"campfire_upgraded":2,"win_rate":0,"timestamp":1557644864,"path_taken":["M","?","$","?","$","E","?","E","T","R","?","M","?","E","R","BOSS","M","?","$","M","M","R","M","E","T","M","R","E","?","M","R","BOSS","M","$","?","?","M","R","M","R","T","?","M","?","M","M","R","BOSS"],"build_version":"2019-01-23","purchased_purges":2,"victory":true,"max_hp_per_floor":[80,80,80,80,80,80,80,80,80,80,80,80,80,80,80,80,80,80,56,56,56,56,56,56,56,56,56,56,56,61,61,61,61,61,61,61,61,61,61,61,61,61,61,61,61,61,61,61,61,61],"card_choices":[{"not_picked":["Streamline","White Noise"],"picked":"Go for the Eyes","floor":1.0},{"not_picked":["Heatsinks","Coolheaded"],"picked":"Ball Lightning","floor":2.0},{"not_picked":["Gash","Coolheaded"],"picked":"Doom and Gloom","floor":6.0},{"not_picked":["Meteor Strike","Steam","Compile Driver"],"picked":"SKIP","floor":8.0},{"not_picked":["Double Energy","Static Discharge"],"picked":"Steam","floor":12.0},{"not_picked":["Go for the Eyes","Cold Snap"],"picked":"Stack","floor":13.0},{"not_picked":["Beam Cell","Storm","Ball Lightning"],"picked":"SKIP","floor":14.0},{"not_picked":["Amplify","Core Surge"],"picked":"Echo Form+1","floor":16.0},{"not_picked":["Redo","Sweeping Beam"],"picked":"Conserve Battery","floor":18.0},{"not_picked":["Reprogram","Streamline"],"picked":"Defragment+1","floor":21.0},{"not_picked":["Undo","Melter+1"],"picked":"Capacitor+1","floor":22.0},{"not_picked":["Meteor Strike","Barrage"],"picked":"Stack","floor":24.0},{"not_picked":["Streamline","Compile Driver"],"picked":"FTL","floor":25.0},{"not_picked":["Tempest","Turbo+1","Leap"],"picked":"SKIP","floor":27.0},{"not_picked":["Coolheaded","Beam Cell"],"picked":"FTL","floor":29},{"not_picked":["Leap","Turbo+1"],"picked":"Glacier","floor":31},{"not_picked":["Hyperbeam","Thunder Strike"],"picked":"Seek","floor":33},{"not_picked":["Hologram","Leap"],"picked":"Loop+1","floor":34},{"not_picked":["Hello World+1","Hologram"],"picked":"Static Discharge+1","floor":34},{"not_picked":["Barrage","Ball Lightning"],"picked":"Sweeping Beam+1","floor":34},{"not_picked":["Sweeping Beam","Barrage"],"picked":"Ball Lightning","floor":34},{"not_picked":["Tempest","Streamline+1"],"picked":"White Noise+1","floor":35},{"not_picked":["Cold Snap+1","Conserve Battery+1"],"picked":"BootSequence+1","floor":39},{"not_picked":["FTL","Barrage","Steam"],"picked":"SKIP","floor":41},{"not_picked":["Cold Snap","Conserve Battery+1"],"picked":"Coolheaded+1","floor":45},{"not_picked":["Self Repair+1","Redo"],"picked":"Biased Cognition+1","floor":47},{"not_picked":["Turbo","Cold Snap"],"picked":"Coolheaded+1","floor":48}],"player_experience":553775,"relics_obtained":[{"floor":6.0,"key":"Tiny Chest"},{"floor":8.0,"key":"Cables"},{"floor":9.0,"key":"Lantern"},{"floor":14.0,"key":"Frozen Egg 2"},{"floor":25.0,"key":"Pantograph"},{"floor":26.0,"key":"Shovel"},{"floor":29,"key":"Blue Candle"},{"floor":32,"key":"Happy Flower"},{"floor":40,"key":"Art of War"},{"floor":43,"key":"Juzu Bracelet"},{"floor":49,"key":"Bottled Flame"}],"event_choices":[{"damage_healed":0.0,"max_hp_gain":0.0,"max_hp_loss":0.0,"gold_gain":175.0,"event_name":"Liars Game","player_choice":"AGREE","floor":4.0,"gold_loss":0.0,"damage_taken":0.0,"cards_obtained":["Doubt"]},{"damage_healed":0.0,"max_hp_gain":0.0,"max_hp_loss":0.0,"gold_gain":75.0,"event_name":"World of Goop","player_choice":"Gather Gold","floor":11.0,"gold_loss":0.0,"damage_taken":11.0},{"damage_healed":0.0,"max_hp_gain":0.0,"max_hp_loss":24.0,"gold_gain":0.0,"event_name":"Vampires","player_choice":"Became a vampire","floor":19.0,"gold_loss":0.0,"damage_taken":0.0,"cards_obtained":["Bite","Bite","Bite","Bite","Bite"]},{"damage_healed":0,"gold_gain":0,"player_choice":"Shed Blood","damage_taken":14,"max_hp_gain":5,"max_hp_loss":0,"event_name":"Forgotten Altar","floor":30,"gold_loss":0},{"damage_healed":0,"gold_gain":0,"player_choice":"Upgraded Two","damage_taken":0,"max_hp_gain":0,"max_hp_loss":0,"event_name":"Designer","floor":37,"gold_loss":40,"cards_upgraded":["Bite","Compile Driver"]},{"cards_removed":["Sweeping Beam"],"damage_healed":0,"gold_gain":0,"player_choice":"Removed Attack","damage_taken":0,"max_hp_gain":0,"max_hp_loss":0,"event_name":"Falling","floor":44,"gold_loss":0},{"damage_healed":0,"gold_gain":0,"player_choice":"Bought 0 Potions","damage_taken":0,"max_hp_gain":0,"max_hp_loss":0,"event_name":"The Woman in Blue","floor":46,"gold_loss":0}],"is_beta":false,"boss_relics":[{"not_picked":["Pandora\u0027s Box","Snecko Eye"],"picked":"Lizard Tail"},{"not_picked":["FrozenCore","Coffee Dripper"],"picked":"Orrery"}],"items_purged_floors":[3,5],"is_endless":false,"potions_floor_spawned":[1,13,14,22,25,27,31,41],"ascension_level":8}