{"gold_per_floor":[118,128,143,116,116,146,146,178,178,192,227,243,261,295,295,392,392,403,421,421,521,19,44,44,71,95,128,142,242,257,27,27,130,130,141,141,158,178,193,223,223,223],"floor_reached":42,"playtime":3270,"items_purged":[],"score":597,"play_id":"16fe4dad-0c2a-46fc-a173-c377d5456972","local_time":"20190503162801","is_ascension_mode":true,"campfire_choices":[{"data":"True Grit","floor":7.0,"key":"SMITH"},{"data":"Infernal Blade","floor":15.0,"key":"SMITH"},{"data":"Body Slam","floor":24.0,"key":"SMITH"},{"data":"Rage","floor":32.0,"key":"SMITH"},{"floor":41,"key":"REST"}],"neow_cost":"NONE","seed_source_timestamp":59396931622700,"circlet_count":0,"master_deck":["Strike_R","Strike_R","Strike_R","Strike_R","Defend_R","Defend_R","Defend_R","Defend_R","Bash","Rage+1","Body Slam+1","Infernal Blade+1","True Grit+1","Perfected Strike","Twin Strike","Disarm","Shockwave","Rage","Power Through+1","Exhume+1","True Grit+1","Armaments+1","Shrug It Off+1","Combust","Intimidate+1","Impervious+1","Disarm+1","Shrug It Off+1","Battle Trance+1","Shrug It Off+1","Wild Strike+1","Evolve+1","Blood for Blood+1","True Grit+1"],"special_seed":0,"relics":["Burning Blood","NeowsBlessing","Sundial","PreservedInsect","Bottled Lightning","Blood Vial","Toxic Egg 2","Mark of Pain","Self Forming Clay","Lantern","Strawberry","Vajra","Ancient Tea Set","Art of War","Pocketwatch","Bottled Flame","ClockworkSouvenir","Velvet Choker","Peace Pipe"],"potions_floor_usage":[39,40,42],"damage_taken":[{"damage":0.0,"enemies":"Cultist","floor":1.0,"turns":1.0},{"damage":0.0,"enemies":"Small Slimes","floor":2.0,"turns":1.0},{"damage":0.0,"enemies":"2 Louse","floor":3.0,"turns":1.0},{"damage":29.0,"enemies":"Lagavulin","floor":6.0,"turns":5.0},{"damage":15.0,"enemies":"Gremlin Nob","floor":8.0,"turns":4.0},{"damage":11.0,"enemies":"Exordium Wildlife","floor":10.0,"turns":5.0},{"damage":12.0,"enemies":"Lagavulin","floor":11.0,"turns":5.0},{"damage":20.0,"enemies":"Gremlin Gang","floor":12.0,"turns":8.0},{"damage":6.0,"enemies":"Looter","floor":13.0,"turns":4.0},{"damage":0.0,"enemies":"3 Sentries","floor":14.0,"turns":3.0},{"damage":32.0,"enemies":"The Guardian","floor":16.0,"turns":13.0},{"damage":14.0,"enemies":"Chosen","floor":18.0,"turns":6.0},{"damage":28.0,"enemies":"Spheric Guardian","floor":19.0,"turns":6.0},{"damage":15.0,"enemies":"Book of Stabbing","floor":23.0,"turns":6.0},{"damage":22.0,"enemies":"Gremlin Leader","floor":25.0,"turns":3.0},{"damage":6.0,"enemies":"Book of Stabbing","floor":27.0,"turns":4.0},{"damage":6.0,"enemies":"Centurion and Healer","floor":28.0,"turns":6.0},{"damage":22.0,"enemies":"Colosseum Slavers","floor":29.0,"turns":5.0},{"damage":5.0,"enemies":"Colosseum Nobs","floor":29.0,"turns":4.0},{"damage":3.0,"enemies":"Snake Plant","floor":30.0,"turns":2.0},{"damage":27.0,"enemies":"Collector","floor":33.0,"turns":14.0},{"damage":0.0,"enemies":"3 Shapes","floor":35.0,"turns":5.0},{"damage":6,"enemies":"3 Darklings","floor":37,"turns":6},{"damage":1,"enemies":"Jaw Worm Horde","floor":38,"turns":4},{"damage":56,"enemies":"Transient","floor":39,"turns":5},{"damage":40,"enemies":"Nemesis","floor":40,"turns":7},{"damage":40,"enemies":"Reptomancer","floor":42,"turns":3}],"seed_played":"318258251438690500","potions_obtained":[{"floor":6.0,"key":"Weak Potion"},{"floor":11.0,"key":"Strength Potion"},{"floor":13.0,"key":"Fruit Juice"},{"floor":14.0,"key":"EntropicBrew"},{"floor":19.0,"key":"SteroidPotion"},{"floor":23.0,"key":"LiquidBronze"},{"floor":25.0,"key":"SpeedPotion"},{"floor":29.0,"key":"Explosive Potion"},{"floor":33.0,"key":"Block Potion"},{"floor":36.0,"key":"BloodPotion"},{"floor":36.0,"key":"LiquidBronze"},{"floor":36.0,"key":"EssenceOfSteel"}],"is_trial":false,"path_per_floor":["M","M","M","$","?","E","R","E","T","M","E","M","M","E","R","B",null,"M","M","?","?","$","E","R","E","T","E","M","?","M","$","R","B",null,"M","?","M","M","M","E","R","E"],"character_chosen":"IRONCLAD","items_purchased":["True Grit","Shrug It Off+1","Combust","Self Forming Clay","Lantern","Shrug It Off+1","ClockworkSouvenir"],"campfire_rested":1,"item_purchase_floors":[4,22,22,22,22,31,31],"current_hp_per_floor":[80,80,80,80,80,57,57,48,48,43,37,25,32,40,40,16,85,77,57,57,57,57,57,57,43,43,45,47,36,41,41,41,22,92,92,92,92,92,42,10,37,0],"gold":223,"neow_bonus":"THREE_ENEMY_KILL","is_prod":false,"is_daily":false,"chose_seed":false,"campfire_upgraded":4,"win_rate":0,"timestamp":1556918881,"path_taken":["M","M","M","$","?","E","R","E","T","M","E","M","M","E","R","BOSS","M","?","?","?","$","E","R","E","T","E","?","?","M","$","R","BOSS","M","?","M","M","?","E","R","E"],"build_version":"2019-01-23","purchased_purges":0,"victory":false,"max_hp_per_floor":[80,80,80,80,80,80,80,80,80,80,80,80,85,85,85,85,85,85,85,85,85,85,92,92,92,92,92,92,92,92,92,92,92,92,92,92,92,92,92,92,92,92],"card_choices":[{"not_picked":["Flex","Heavy Blade"],"picked":"Rage","floor":1.0},{"not_picked":["Bloodletting","Second Wind"],"picked":"Body Slam","floor":2.0},{"not_picked":["Sword Boomerang","Pommel Strike"],"picked":"Infernal Blade","floor":3.0},{"not_picked":["Cleave","Headbutt"],"picked":"Twin Strike","floor":6.0},{"not_picked":["Thunderclap","Sever Soul"],"picked":"Disarm","floor":8.0},{"not_picked":["Body Slam","Headbutt"],"picked":"Shockwave","floor":10.0},{"not_picked":["Carnage","Shockwave","Rage"],"picked":"SKIP","floor":11.0},{"not_picked":["Carnage","Shockwave","Rage"],"picked":"SKIP","floor":11.0},{"not_picked":["Carnage","Shockwave"],"picked":"Rage","floor":11.0},{"not_picked":["Dual Wield","Reckless Charge","Iron Wave"],"picked":"SKIP","floor":12.0},{"not_picked":["Intimidate","Pummel","Fire Breathing"],"picked":"SKIP","floor":13.0},{"not_picked":["Warcry","Exhume"],"picked":"Power Through","floor":14.0},{"not_picked":["Juggernaut","Demon Form"],"picked":"Exhume+1","floor":16.0},{"not_picked":["Clash","Headbutt","Dropkick"],"picked":"SKIP","floor":18.0},{"not_picked":["Sever Soul","Havoc+1"],"picked":"True Grit+1","floor":19.0},{"not_picked":["Twin Strike","Flex+1"],"picked":"Intimidate+1","floor":23.0},{"not_picked":["Carnage+1","Iron Wave"],"picked":"Impervious+1","floor":25.0},{"not_picked":["Heavy Blade","Warcry+1"],"picked":"Disarm+1","floor":27.0},{"not_picked":["Flex+1","Body Slam","Inflame"],"picked":"SKIP","floor":28.0},{"not_picked":["Headbutt+1","Metallicize"],"picked":"Shrug It Off+1","floor":29.0},{"not_picked":["Infernal Blade+1","Headbutt"],"picked":"Battle Trance+1","floor":30.0},{"not_picked":["Ghostly Armor+1","Sword Boomerang"],"picked":"Wild Strike+1","floor":35.0},{"not_picked":["Intimidate+1","Shrug It Off+1"],"picked":"Evolve+1","floor":37},{"not_picked":["Shockwave+1","Body Slam"],"picked":"Blood for Blood+1","floor":38},{"not_picked":["Dual Wield+1","Twin Strike","Feel No Pain+1"],"picked":"SKIP","floor":39},{"not_picked":["Flex+1","Berserk"],"picked":"True Grit+1","floor":40}],"player_experience":180686,"relics_obtained":[{"floor":6.0,"key":"Sundial"},{"floor":8.0,"key":"PreservedInsect"},{"floor":9.0,"key":"Bottled Lightning"},{"floor":11.0,"key":"Blood Vial"},{"floor":14.0,"key":"Toxic Egg 2"},{"floor":23.0,"key":"Strawberry"},{"floor":25.0,"key":"Vajra"},{"floor":26.0,"key":"Ancient Tea Set"},{"floor":27.0,"key":"Art of War"},{"floor":29.0,"key":"Pocketwatch"},{"floor":29.0,"key":"Bottled Flame"},{"floor":40,"key":"Peace Pipe"}],"event_choices":[{"damage_healed":0.0,"max_hp_gain":0.0,"max_hp_loss":0.0,"gold_gain":0.0,"cards_transformed":["Strike_R"],"event_name":"Transmorgrifier","player_choice":"Transformed","floor":5.0,"gold_loss":0.0,"damage_taken":0.0,"cards_obtained":["Perfected Strike"]},{"damage_healed":0.0,"max_hp_gain":0.0,"max_hp_loss":0.0,"gold_gain":0.0,"event_name":"The Library","player_choice":"Read","floor":20.0,"gold_loss":0.0,"damage_taken":0.0,"cards_obtained":["Armaments"]},{"damage_healed":0.0,"max_hp_gain":0.0,"max_hp_loss":0.0,"gold_gain":100.0,"event_name":"Golden Shrine","player_choice":"Pray","floor":21.0,"gold_loss":0.0,"damage_taken":0.0},{"damage_healed":0.0,"max_hp_gain":0.0,"max_hp_loss":0.0,"gold_gain":0.0,"event_name":"Colosseum","player_choice":"Fight","floor":29.0,"gold_loss":0.0,"damage_taken":0.0},{"damage_healed":0.0,"max_hp_gain":0.0,"max_hp_loss":0.0,"gold_gain":0.0,"event_name":"Colosseum","player_choice":"Fought Nobs","floor":29.0,"gold_loss":0.0,"damage_taken":0.0},{"damage_healed":0.0,"max_hp_gain":0.0,"max_hp_loss":0.0,"gold_gain":0.0,"event_name":"Lab","player_choice":"Got Potions","floor":36.0,"gold_loss":0.0,"damage_taken":0.0}],"is_beta":false,"boss_relics":[{"not_picked":["Ectoplasm","Runic Pyramid"],"picked":"Mark of Pain"},{"not_picked":["Lizard Tail","Cursed Key"],"picked":"Velvet Choker"}],"items_purged_floors":[],"is_endless":false,"potions_floor_spawned":[6,11,13,14,19,23,25,29,33,37,38],"killed_by":"Reptomancer","ascension_level":2}