{"gold_per_floor":[112,112,136,86,86,119,131,523,535,547,574,602,630,667,679,821,833,864,300,215,215,234,272,272,98,98,98,129,152,152,177,177,177],"floor_reached":33,"playtime":2858,"items_purged":["Defend_G"],"score":450,"play_id":"2f230e00-cd2d-4e0c-861c-58fb06fafdab","local_time":"20190502163524","is_ascension_mode":true,"campfire_choices":[{"data":"Neutralize","floor":7,"key":"SMITH"},{"floor":10,"key":"REST"},{"data":"Dodge and Roll","floor":15,"key":"SMITH"},{"floor":24,"key":"REST"},{"data":"Apotheosis","floor":27,"key":"SMITH"},{"floor":32,"key":"REST"}],"neow_cost":"NONE","seed_source_timestamp":5021740579850594,"circlet_count":0,"master_deck":["Defend_G","Defend_G","Defend_G","Strike_G+1","Strike_G+1","Strike_G","Strike_G","Strike_G","Survivor","Neutralize+1","Deadly Poison","Backflip","Dodge and Roll+1","Well Laid Plans","Leg Sweep","Infinite Blades","Corpse Explosion","PiercingWail+1","PiercingWail","Apotheosis+1","Caltrops","Panache","Panache"],"relics":["Ring of the Serpent","NeowsBlessing","Golden Idol","MawBank","Old Coin","Ornamental Fan","Nunchaku","Bag of Preparation","Omamori","Pantograph","Whetstone"],"potions_floor_usage":[8,8,16,16,33],"damage_taken":[{"damage":0,"enemies":"Small Slimes","floor":1,"turns":1},{"damage":0,"enemies":"2 Louse","floor":3,"turns":1},{"damage":0,"enemies":"Lagavulin","floor":6,"turns":1},{"damage":25,"enemies":"Gremlin Nob","floor":8,"turns":6},{"damage":0,"enemies":"Jaw Worm","floor":11,"turns":4},{"damage":3,"enemies":"2 Fungi Beasts","floor":12,"turns":5},{"damage":0,"enemies":"Blue Slaver","floor":13,"turns":4},{"damage":5,"enemies":"Exordium Wildlife","floor":14,"turns":6},{"damage":6,"enemies":"The Guardian","floor":16,"turns":11},{"damage":13,"enemies":"Chosen","floor":18,"turns":10},{"damage":14,"enemies":"3 Byrds","floor":22,"turns":6},{"damage":3,"enemies":"Book of Stabbing","floor":23,"turns":8},{"damage":27,"enemies":"Slavers","floor":28,"turns":6},{"damage":0,"enemies":"Snake Plant","floor":29,"turns":5},{"damage":5,"enemies":"Centurion and Healer","floor":31,"turns":5},{"damage":73,"enemies":"Automaton","floor":33,"turns":6}],"seed_played":"8280330684203730863","potions_obtained":[{"floor":1,"key":"GamblersBrew"},{"floor":6,"key":"GhostInAJar"},{"floor":12,"key":"SpeedPotion"},{"floor":14,"key":"LiquidBronze"},{"floor":29,"key":"Poison Potion"}],"is_trial":false,"path_per_floor":["M","?","M","?","?","E","R","?","T","R","M","M","M","M","R","B",null,"M","$","?","?","M","E","R","$","T","R","E","M","?","M","R","B"],"character_chosen":"THE_SILENT","items_purchased":["PiercingWail","Apotheosis","Nunchaku","Panache"],"campfire_rested":3,"item_purchase_floors":[19,19,19,25],"current_hp_per_floor":[63,46,46,46,51,51,51,26,26,48,48,45,45,40,40,34,65,52,52,52,52,38,35,57,57,57,57,30,30,30,25,47,0],"gold":177,"neow_bonus":"THREE_ENEMY_KILL","is_prod":false,"is_daily":false,"chose_seed":false,"campfire_upgraded":3,"win_rate":0,"timestamp":1556829324,"path_taken":["M","?","M","?","?","E","R","?","T","R","M","?","M","M","R","BOSS","M","$","?","?","?","E","R","$","T","R","E","M","?","M","R","BOSS"],"build_version":"2019-01-23","purchased_purges":1,"victory":false,"max_hp_per_floor":[70,70,70,70,75,75,75,75,75,75,75,75,75,75,75,75,75,75,75,75,75,75,75,75,75,75,75,75,75,75,75,75,75],"card_choices":[{"not_picked":["Endless Agony","Flying Knee"],"picked":"Deadly Poison","floor":1},{"not_picked":["Skewer","Poisoned Stab"],"picked":"Backflip","floor":3},{"not_picked":["Skewer","Masterful Stab"],"picked":"Dodge and Roll","floor":6},{"not_picked":["Flying Knee","Reflex"],"picked":"Well Laid Plans","floor":11},{"not_picked":["Skewer","Riddle With Holes","Blade Dance"],"picked":"SKIP","floor":12},{"not_picked":["Quick Slash","Storm of Steel"],"picked":"Leg Sweep","floor":13},{"not_picked":["Escape Plan","Quick Slash"],"picked":"Infinite Blades","floor":14},{"not_picked":["Phantasmal Killer","Wraith Form v2"],"picked":"Corpse Explosion","floor":16},{"not_picked":["Sucker Punch","Bouncing Flask"],"picked":"PiercingWail+1","floor":18},{"not_picked":["Concentrate","Flechettes"],"picked":"Caltrops","floor":22},{"not_picked":["Underhanded Strike+1","Dagger Spray","Backflip"],"picked":"SKIP","floor":23},{"not_picked":["Quick Slash","Crippling Poison","Sucker Punch"],"picked":"SKIP","floor":28},{"not_picked":["Slice","Outmaneuver","Choke"],"picked":"SKIP","floor":29},{"not_picked":["Choke","Underhanded Strike","Sucker Punch"],"picked":"SKIP","floor":31}],"player_experience":230772,"relics_obtained":[{"floor":6,"key":"MawBank"},{"floor":8,"key":"Old Coin"},{"floor":9,"key":"Ornamental Fan"},{"floor":23,"key":"Omamori"},{"floor":26,"key":"Pantograph"},{"floor":28,"key":"Whetstone"}],"event_choices":[{"damage_healed":0,"gold_gain":0,"player_choice":"Take Damage","damage_taken":17,"relics_obtained":["Golden Idol"],"max_hp_gain":0,"max_hp_loss":0,"event_name":"Golden Idol","floor":2,"gold_loss":0},{"cards_removed":["Defend_G"],"damage_healed":0,"gold_gain":0,"player_choice":"Card Removal","damage_taken":0,"max_hp_gain":0,"max_hp_loss":0,"event_name":"The Cleric","floor":4,"gold_loss":50},{"damage_healed":0,"gold_gain":0,"player_choice":"Donut","damage_taken":0,"max_hp_gain":5,"max_hp_loss":0,"event_name":"Big Fish","floor":5,"gold_loss":0},{"damage_healed":0,"gold_gain":0,"player_choice":"Searched \u00272\u0027 times","damage_taken":0,"max_hp_gain":0,"max_hp_loss":0,"event_name":"Dead Adventurer","floor":8,"gold_loss":0},{"damage_healed":0,"gold_gain":0,"player_choice":"Obtained Relic","damage_taken":0,"relics_obtained":["Bag of Preparation"],"max_hp_gain":0,"max_hp_loss":0,"event_name":"Addict","floor":20,"gold_loss":85},{"damage_healed":0,"gold_gain":0,"player_choice":"Ignored","damage_taken":0,"max_hp_gain":0,"max_hp_loss":0,"event_name":"N\u0027loth","floor":21,"gold_loss":0},{"damage_healed":0,"gold_gain":0,"player_choice":"Copied","damage_taken":0,"max_hp_gain":0,"max_hp_loss":0,"event_name":"Duplicator","floor":30,"gold_loss":0,"cards_obtained":["Panache"]}],"is_beta":false,"boss_relics":[{"not_picked":["Coffee Dripper","Velvet Choker"],"picked":"Ring of the Serpent"}],"items_purged_floors":[19],"is_endless":false,"potions_floor_spawned":[1,6,12,14,29],"killed_by":"Automaton","ascension_level":9}