{"gold_per_floor":[112,128,145,145,145,145,181,200,200,200],"floor_reached":10,"playtime":382,"items_purged":[],"score":119,"play_id":"f1f98929-67f1-4510-89fb-e289b3f009f8","local_time":"20190509010941","is_ascension_mode":true,"campfire_choices":[{"data":"Bash","floor":6,"key":"SMITH"}],"neow_cost":"NONE","seed_source_timestamp":372049980295119,"circlet_count":0,"master_deck":["AscendersBane","Strike_R","Strike_R","Strike_R","Strike_R","Defend_R","Defend_R","Defend_R","Defend_R","Bash+1","True Grit","Sword Boomerang","Twin Strike","Shockwave","Iron Wave"],"relics":["Burning Blood","Bag of Preparation","Golden Idol","Oddly Smooth Stone","Boot"],"potions_floor_usage":[8],"damage_taken":[{"damage":4,"enemies":"Small Slimes","floor":1,"turns":3},{"damage":11,"enemies":"Jaw Worm","floor":2,"turns":5},{"damage":0,"enemies":"Cultist","floor":3,"turns":4},{"damage":33,"enemies":"Lagavulin","floor":7,"turns":5},{"damage":7,"enemies":"3 Louse","floor":8,"turns":3},{"damage":14,"enemies":"3 Sentries","floor":10,"turns":5}],"seed_played":"5377219215725969792","potions_obtained":[{"floor":3,"key":"Explosive Potion"},{"floor":7,"key":"FearPotion"}],"is_trial":false,"path_per_floor":["M","M","M","?","?","R","E","M","T","E"],"character_chosen":"IRONCLAD","items_purchased":[],"campfire_rested":0,"item_purchase_floors":[],"current_hp_per_floor":[70,65,71,45,45,45,18,17,17,3],"gold":200,"neow_bonus":"RANDOM_COMMON_RELIC","is_prod":false,"is_daily":false,"chose_seed":false,"campfire_upgraded":1,"win_rate":0,"timestamp":1557378581,"path_taken":["M","M","M","?","?","R","E","M","T","E"],"build_version":"2019-01-23","purchased_purges":0,"victory":false,"max_hp_per_floor":[75,75,75,75,75,75,75,75,75,75],"card_choices":[{"not_picked":["Sword Boomerang","Sever Soul"],"picked":"True Grit","floor":1},{"not_picked":["Perfected Strike","Body Slam"],"picked":"Sword Boomerang","floor":2},{"not_picked":["Perfected Strike","Flex"],"picked":"Twin Strike","floor":3},{"not_picked":["Brutality","Clash"],"picked":"Shockwave","floor":7},{"not_picked":["Twin Strike","Blood for Blood"],"picked":"Iron Wave","floor":8}],"player_experience":446043,"relics_obtained":[{"floor":7,"key":"Oddly Smooth Stone"},{"floor":9,"key":"Boot"}],"event_choices":[{"damage_healed":0,"gold_gain":0,"player_choice":"Take Damage","damage_taken":26,"relics_obtained":["Golden Idol"],"max_hp_gain":0,"max_hp_loss":0,"event_name":"Golden Idol","floor":4,"gold_loss":0},{"cards_removed":["Strike_R"],"damage_healed":0,"gold_gain":0,"player_choice":"Purged","damage_taken":0,"max_hp_gain":0,"max_hp_loss":0,"event_name":"Purifier","floor":5,"gold_loss":0}],"is_beta":false,"boss_relics":[],"items_purged_floors":[],"is_endless":false,"potions_floor_spawned":[3,7],"killed_by":"3 Sentries","ascension_level":15}