{"gold_per_floor":[115,115,131,144,155,155,184,184,184,184,201,201,44,101,101,173,173,173,173,173,173,173,173],"floor_reached":23,"playtime":2377,"items_purged":[],"score":532,"play_id":"30903ba0-229c-49c7-90b7-9cc80614815c","local_time":"20190523153407","is_ascension_mode":true,"campfire_choices":[{"data":"Cold Snap","floor":6.0,"key":"SMITH"},{"data":"Consume","floor":10.0,"key":"SMITH"},{"data":"Loop","floor":12.0,"key":"SMITH"},{"data":"Coolheaded","floor":15.0,"key":"SMITH"}],"neow_cost":"NONE","seed_source_timestamp":250121246725439,"circlet_count":0,"master_deck":["AscendersBane","Strike_B","Strike_B","Defend_B","Defend_B","Defend_B","Defend_B","Zap","Dualcast","Consume+1","Cold Snap+1","Machine Learning","Coolheaded+1","Hologram+1","Loop+1","Electrodynamics","Conserve Battery+1","Seek+1","Ball Lightning","Loop","RitualDagger","Capacitor"],"special_seed":0,"relics":["Cracked Core","NeowsBlessing","Toxic Egg 2","Pear","Blue Candle","Ectoplasm"],"potions_floor_usage":[],"damage_taken":[{"damage":0.0,"enemies":"Small Slimes","floor":1.0,"turns":1.0},{"damage":0.0,"enemies":"Cultist","floor":3.0,"turns":1.0},{"damage":0.0,"enemies":"2 Louse","floor":4.0,"turns":1.0},{"damage":13.0,"enemies":"Blue Slaver","floor":5.0,"turns":3.0},{"damage":0.0,"enemies":"Lagavulin","floor":7.0,"turns":6.0},{"damage":6.0,"enemies":"Exordium Thugs","floor":11.0,"turns":5.0},{"damage":9.0,"enemies":"Lagavulin Event","floor":14.0,"turns":8.0},{"damage":0.0,"enemies":"Slime Boss","floor":16.0,"turns":9.0},{"damage":8.0,"enemies":"3 Byrds","floor":18.0,"turns":2.0},{"damage":0.0,"enemies":"Chosen","floor":19.0,"turns":7.0},{"damage":36.0,"enemies":"Shelled Parasite and Fungi","floor":22.0,"turns":4.0},{"damage":27,"enemies":"Gremlin Leader","floor":23,"turns":2}],"seed_played":"-758771170579070697","potions_obtained":[{"floor":3.0,"key":"FocusPotion"},{"floor":7.0,"key":"SkillPotion"},{"floor":14.0,"key":"GamblersBrew"},{"floor":16.0,"key":"Fire Potion"}],"is_trial":false,"path_per_floor":["M","?","M","M","M","R","E","?","T","R","M","R","$","?","R","B",null,"M","M","?","?","M","E"],"character_chosen":"DEFECT","items_purchased":["Electrodynamics"],"campfire_rested":0,"item_purchase_floors":[13],"current_hp_per_floor":[64,64,64,64,51,51,51,44,54,54,48,48,48,39,39,39,71,63,63,57,57,21,0],"gold":173,"neow_bonus":"THREE_ENEMY_KILL","is_prod":false,"is_daily":false,"chose_seed":false,"campfire_upgraded":4,"win_rate":0,"timestamp":1558640047,"path_taken":["M","?","M","M","?","R","E","?","T","R","M","R","$","?","R","BOSS","M","M","?","?","?","E"],"build_version":"2019-01-23","purchased_purges":0,"victory":false,"max_hp_per_floor":[71,71,71,71,71,71,71,71,81,81,81,81,81,81,81,81,81,81,81,81,81,81,81],"card_choices":[{"not_picked":["Redo","Cold Snap"],"picked":"Consume","floor":1.0},{"not_picked":["Steam","Sweeping Beam"],"picked":"Cold Snap","floor":3.0},{"not_picked":["Go for the Eyes","Compile Driver"],"picked":"Machine Learning","floor":4.0},{"not_picked":["Stack","Rebound"],"picked":"Coolheaded","floor":5.0},{"not_picked":["Rebound","Stack"],"picked":"Hologram","floor":7.0},{"not_picked":["Turbo+1","Steam+1"],"picked":"Loop","floor":11.0},{"not_picked":["Hologram+1","Barrage"],"picked":"Conserve Battery+1","floor":14.0},{"not_picked":["Meteor Strike","Amplify+1"],"picked":"Seek+1","floor":16.0},{"not_picked":["Sweeping Beam","Reprogram+1"],"picked":"Ball Lightning","floor":18.0},{"not_picked":["BootSequence+1","Auto Shields+1"],"picked":"Loop","floor":19.0},{"not_picked":["Stack+1","Streamline","Go for the Eyes"],"picked":"SKIP","floor":22.0}],"player_experience":764686,"relics_obtained":[{"floor":7.0,"key":"Toxic Egg 2"},{"floor":9.0,"key":"Pear"},{"floor":14.0,"key":"Blue Candle"}],"event_choices":[{"cards_removed":["Strike_B"],"damage_healed":0.0,"max_hp_gain":0.0,"max_hp_loss":0.0,"gold_gain":0.0,"event_name":"Purifier","player_choice":"Purged","floor":2.0,"gold_loss":0.0,"damage_taken":0.0},{"cards_removed":["Strike_B"],"damage_healed":0.0,"max_hp_gain":0.0,"max_hp_loss":0.0,"gold_gain":0.0,"event_name":"Golden Wing","player_choice":"Card Removal","floor":8.0,"gold_loss":0.0,"damage_taken":7.0},{"damage_healed":0.0,"max_hp_gain":0.0,"max_hp_loss":0.0,"gold_gain":0.0,"event_name":"Dead Adventurer","player_choice":"Searched \u00272\u0027 times","floor":14.0,"gold_loss":0.0,"damage_taken":0.0},{"damage_healed":0.0,"max_hp_gain":0.0,"max_hp_loss":0.0,"gold_gain":0.0,"event_name":"Nest","player_choice":"Joined the Cult","floor":20.0,"gold_loss":0.0,"damage_taken":6.0,"cards_obtained":["RitualDagger"]},{"damage_healed":0.0,"max_hp_gain":0.0,"max_hp_loss":0.0,"gold_gain":0.0,"event_name":"The Library","player_choice":"Read","floor":21.0,"gold_loss":0.0,"damage_taken":0.0,"cards_obtained":["Capacitor"]}],"is_beta":false,"boss_relics":[{"not_picked":["Busted Crown","Empty Cage"],"picked":"Ectoplasm"}],"items_purged_floors":[],"is_endless":false,"potions_floor_spawned":[3,7,14,16],"killed_by":"Gremlin Leader","ascension_level":20}