{"gold_per_floor":[110,122,139,139,139,159,192,27,50,50,93,114,150,169,169,289,289,307,326,326,326,340,340,383,398,398,398],"floor_reached":27,"playtime":2523,"items_purged":["Strike_R"],"score":270,"play_id":"d4b42f86-ad12-4ed7-9436-5b0f6f7fe3e4","local_time":"20190407212557","is_ascension_mode":false,"campfire_choices":[{"data":"Evolve","floor":15,"key":"SMITH"},{"data":"Demon Form","floor":23,"key":"SMITH"}],"neow_cost":"NONE","seed_source_timestamp":2879541719773080,"circlet_count":0,"master_deck":["Defend_R","Defend_R","Defend_R","Bash","Twin Strike+1","Twin Strike","Shrug It Off","Infernal Blade","Sword Boomerang","Evolve+1","Good Instincts","Reaper","Anger","Pummel","Demon Form+1","Flame Barrier","Power Through","Bite","Bite","Bite","Bite","Bite","Flame Barrier","Fire Breathing","Disarm+1"],"relics":["Burning Blood","Golden Idol","Odd Mushroom","Bag of Preparation","Red Skull","Boot","Sozu","Vajra","StoneCalendar"],"potions_floor_usage":[6,13,19,27],"damage_taken":[{"damage":0,"enemies":"Small Slimes","floor":1,"turns":3},{"damage":6,"enemies":"Jaw Worm","floor":2,"turns":3},{"damage":0,"enemies":"2 Louse","floor":3,"turns":3},{"damage":3,"enemies":"Lots of Slimes","floor":6,"turns":2},{"damage":21,"enemies":"The Mushroom Lair","floor":7,"turns":4},{"damage":22,"enemies":"3 Sentries","floor":11,"turns":7},{"damage":0,"enemies":"3 Louse","floor":12,"turns":2},{"damage":11,"enemies":"Gremlin Nob","floor":13,"turns":3},{"damage":10,"enemies":"Looter","floor":14,"turns":2},{"damage":16,"enemies":"Slime Boss","floor":16,"turns":7},{"damage":0,"enemies":"3 Byrds","floor":18,"turns":3},{"damage":3,"enemies":"2 Thieves","floor":19,"turns":3},{"damage":51,"enemies":"Shelled Parasite and Fungi","floor":22,"turns":9},{"damage":41,"enemies":"Book of Stabbing","floor":24,"turns":6},{"damage":0,"enemies":"Centurion and Healer","floor":25,"turns":5},{"damage":64,"enemies":"Gremlin Leader","floor":27,"turns":6}],"seed_played":"127692522477190026","potions_obtained":[{"floor":1,"key":"SkillPotion"},{"floor":2,"key":"Explosive Potion"},{"floor":12,"key":"FearPotion"},{"floor":13,"key":"BloodPotion"},{"floor":16,"key":"Strength Potion"}],"is_trial":false,"path_per_floor":["M","M","M","?","?","M","?","$","T","$","E","M","E","M","R","B",null,"M","M","?","?","M","R","E","M","T","E"],"character_chosen":"IRONCLAD","items_purchased":["Good Instincts"],"campfire_rested":0,"item_purchase_floors":[8],"current_hp_per_floor":[80,80,80,64,44,47,32,32,32,32,16,22,24,27,27,27,80,80,80,56,56,36,36,20,52,52,0],"gold":398,"neow_bonus":"THREE_CARDS","is_prod":false,"is_daily":false,"chose_seed":false,"campfire_upgraded":2,"win_rate":0.0,"timestamp":1554686757,"path_taken":["M","M","M","?","?","?","?","$","T","$","E","M","E","M","R","BOSS","M","M","?","?","M","R","E","M","T","E"],"build_version":"2019-01-23","purchased_purges":1,"victory":false,"max_hp_per_floor":[80,80,80,80,80,80,80,80,80,80,80,80,80,80,80,80,80,80,80,56,56,56,56,56,56,56,56],"card_choices":[{"not_picked":["Body Slam","Anger"],"picked":"Twin Strike","floor":0},{"not_picked":["Wild Strike","Burning Pact"],"picked":"Twin Strike","floor":1},{"not_picked":["Twin Strike","Anger"],"picked":"Shrug It Off","floor":2},{"not_picked":["Headbutt","Wild Strike"],"picked":"Infernal Blade","floor":3},{"not_picked":["True Grit","Corruption"],"picked":"Sword Boomerang","floor":6},{"not_picked":["Iron Wave","Searing Blow"],"picked":"Evolve","floor":7},{"not_picked":["Clothesline","Disarm","Sword Boomerang"],"picked":"SKIP","floor":11},{"not_picked":["Rupture","Shrug It Off"],"picked":"Reaper","floor":12},{"not_picked":["Clash","Entrench"],"picked":"Anger","floor":13},{"not_picked":["Armaments","Headbutt"],"picked":"Pummel","floor":14},{"not_picked":["Dark Embrace","Brutality"],"picked":"Demon Form","floor":16},{"not_picked":["Thunderclap","Cleave"],"picked":"Flame Barrier","floor":18},{"not_picked":["Burning Pact+1","Iron Wave"],"picked":"Power Through","floor":19},{"not_picked":["Cleave","Pommel Strike"],"picked":"Flame Barrier","floor":22},{"not_picked":["Brutality","Anger"],"picked":"Fire Breathing","floor":24},{"not_picked":["Cleave","Headbutt"],"picked":"Disarm+1","floor":25}],"player_experience":31332,"relics_obtained":[{"floor":7,"key":"Odd Mushroom"},{"floor":9,"key":"Bag of Preparation"},{"floor":11,"key":"Red Skull"},{"floor":13,"key":"Boot"},{"floor":24,"key":"Vajra"},{"floor":26,"key":"StoneCalendar"}],"event_choices":[{"damage_healed":0,"gold_gain":0,"player_choice":"Entered Light","damage_taken":16,"max_hp_gain":0,"max_hp_loss":0,"event_name":"Shining Light","floor":4,"gold_loss":0,"cards_upgraded":["Twin Strike","Strike_R"]},{"damage_healed":0,"gold_gain":0,"player_choice":"Take Damage","damage_taken":20,"relics_obtained":["Golden Idol"],"max_hp_gain":0,"max_hp_loss":0,"event_name":"Golden Idol","floor":5,"gold_loss":0},{"damage_healed":0,"gold_gain":0,"player_choice":"Fought Mushrooms","damage_taken":0,"max_hp_gain":0,"max_hp_loss":0,"event_name":"Mushrooms","floor":7,"gold_loss":0},{"damage_healed":0,"gold_gain":0,"player_choice":"Became a vampire","damage_taken":0,"max_hp_gain":0,"max_hp_loss":24,"event_name":"Vampires","floor":20,"gold_loss":0,"cards_obtained":["Bite","Bite","Bite","Bite","Bite"]},{"cards_removed":["Defend_R"],"damage_healed":0,"gold_gain":0,"player_choice":"Purged","damage_taken":0,"max_hp_gain":0,"max_hp_loss":0,"event_name":"Purifier","floor":21,"gold_loss":0}],"is_beta":false,"boss_relics":[{"not_picked":["Astrolabe","Coffee Dripper"],"picked":"Sozu"}],"items_purged_floors":[8],"is_endless":false,"potions_floor_spawned":[1,2,12,13,16,19],"killed_by":"Gremlin Leader","ascension_level":0}