{"gold_per_floor":[117,192,192,24,44,55,55,88,156,156,174,209,219,237,237,310,310,284,295,295,295],"floor_reached":21,"playtime":1251,"items_purged":[],"score":353,"play_id":"e50fc08f-4d27-441f-a90c-415215be0860","local_time":"20190509193711","is_ascension_mode":true,"campfire_choices":[{"data":"True Grit","floor":7,"key":"SMITH"},{"data":"Armaments","floor":10,"key":"SMITH"},{"floor":15,"key":"REST"}],"neow_cost":"NONE","seed_source_timestamp":437628566344455,"circlet_count":0,"master_deck":["AscendersBane","Strike_R","Strike_R","Strike_R","Strike_R","Strike_R","Defend_R","Defend_R","Defend_R","Defend_R","Bash+1","True Grit+1","Evolve","Disarm","Armaments+1","Shrug It Off","Rampage","Headbutt","Impervious","Thunderclap"],"relics":["Burning Blood","CultistMask","Blood Vial","Regal Pillow","Bottled Flame","WingedGreaves","Busted Crown"],"potions_floor_usage":[8,12,16,16],"damage_taken":[{"damage":12,"enemies":"2 Louse","floor":1,"turns":3},{"damage":7,"enemies":"Small Slimes","floor":5,"turns":5},{"damage":0,"enemies":"Cultist","floor":6,"turns":3},{"damage":20,"enemies":"3 Sentries","floor":8,"turns":16},{"damage":2,"enemies":"Looter","floor":11,"turns":5},{"damage":35,"enemies":"Lagavulin","floor":12,"turns":9},{"damage":6,"enemies":"Exordium Wildlife","floor":13,"turns":7},{"damage":29,"enemies":"Exordium Thugs","floor":14,"turns":6},{"damage":24,"enemies":"Hexaghost","floor":16,"turns":9},{"damage":0,"enemies":"2 Thieves","floor":18,"turns":4},{"damage":0,"enemies":"Chosen","floor":19,"turns":5},{"damage":56,"enemies":"3 Cultists","floor":21,"turns":5}],"seed_played":"-5793409308189942317","potions_obtained":[{"floor":5,"key":"Block Potion"},{"floor":11,"key":"GamblersBrew"},{"floor":13,"key":"Dexterity Potion"},{"floor":14,"key":"SteroidPotion"},{"floor":19,"key":"Dexterity Potion"}],"is_trial":false,"path_per_floor":["M","?","?","$","M","M","R","E","T","R","M","E","M","M","R","B",null,"M","M","?","M"],"character_chosen":"IRONCLAD","items_purchased":["Blood Vial"],"campfire_rested":1,"item_purchase_floors":[4],"current_hp_per_floor":[62,51,51,51,52,60,60,48,48,48,54,27,29,8,45,29,64,72,75,54,0],"gold":295,"neow_bonus":"UPGRADE_CARD","is_prod":false,"is_daily":false,"chose_seed":false,"campfire_upgraded":2,"win_rate":0,"timestamp":1557445031,"path_taken":["M","?","?","$","M","M","R","E","T","R","?","E","M","M","R","BOSS","M","M","?","M"],"build_version":"2019-01-23","purchased_purges":0,"victory":false,"max_hp_per_floor":[75,75,75,75,75,75,75,75,75,75,75,75,75,75,75,75,75,75,75,80,80],"card_choices":[{"not_picked":["Headbutt","Feel No Pain"],"picked":"True Grit","floor":1},{"not_picked":["Flex","Fire Breathing"],"picked":"Evolve","floor":5},{"not_picked":["Flame Barrier","Feel No Pain"],"picked":"Disarm","floor":6},{"not_picked":["Warcry","Pummel"],"picked":"Armaments","floor":8},{"not_picked":["Iron Wave","Intimidate"],"picked":"Shrug It Off","floor":11},{"not_picked":["Twin Strike","Double Tap"],"picked":"Rampage","floor":12},{"not_picked":["Sever Soul","Havoc","Heavy Blade"],"picked":"SKIP","floor":13},{"not_picked":["Clash","Evolve"],"picked":"Headbutt","floor":14},{"not_picked":["Berserk","Offering"],"picked":"Impervious","floor":16},{"not_picked":["Perfected Strike"],"picked":"SKIP","floor":18},{"not_picked":[],"picked":"Thunderclap","floor":19}],"player_experience":474324,"relics_obtained":[{"floor":8,"key":"Regal Pillow"},{"floor":9,"key":"Bottled Flame"},{"floor":12,"key":"WingedGreaves"}],"event_choices":[{"damage_healed":0,"gold_gain":75,"player_choice":"Gather Gold","damage_taken":11,"max_hp_gain":0,"max_hp_loss":0,"event_name":"World of Goop","floor":2,"gold_loss":0},{"damage_healed":0,"gold_gain":0,"player_choice":"Trade","damage_taken":0,"relics_obtained":["CultistMask"],"max_hp_gain":0,"max_hp_loss":0,"event_name":"FaceTrader","floor":3,"gold_loss":0},{"damage_healed":0,"gold_gain":0,"player_choice":"Shed Blood","damage_taken":26,"max_hp_gain":5,"max_hp_loss":0,"event_name":"Forgotten Altar","floor":20,"gold_loss":0}],"is_beta":false,"boss_relics":[{"not_picked":["Orrery","Black Star"],"picked":"Busted Crown"}],"items_purged_floors":[],"is_endless":false,"potions_floor_spawned":[5,11,13,14,19],"killed_by":"3 Cultists","ascension_level":17}