{"gold_per_floor":[110,110,122,133,98,98,126,126,126,126,143,155,155,170,170,242,242,259,272,272,197,197],"floor_reached":22,"playtime":916,"items_purged":[],"score":372,"play_id":"f2ba0731-32f0-4cf9-bfe7-d2c55b73304c","local_time":"20190516002947","is_ascension_mode":true,"campfire_choices":[{"data":"Cold Snap","floor":6.0,"key":"SMITH"},{"data":"1","floor":8.0,"key":"LIFT"},{"data":"2","floor":13.0,"key":"LIFT"},{"floor":15.0,"key":"REST"}],"neow_cost":"NONE","seed_source_timestamp":121517057629881,"circlet_count":0,"master_deck":["AscendersBane","Strike_B","Strike_B","Defend_B","Defend_B","Defend_B","Defend_B","Zap+1","Dualcast","Rebound","Cold Snap+1","All For One","Static Discharge","Undo","Echo Form","Beam Cell","Doom and Gloom"],"special_seed":0,"relics":["Cracked Core","Girya","Bottled Lightning","Runic Dome"],"potions_floor_usage":[],"damage_taken":[{"damage":8.0,"enemies":"Small Slimes","floor":1.0,"turns":3.0},{"damage":7.0,"enemies":"2 Louse","floor":3.0,"turns":4.0},{"damage":0.0,"enemies":"Cultist","floor":4.0,"turns":3.0},{"damage":28.0,"enemies":"Gremlin Nob","floor":7.0,"turns":4.0},{"damage":8.0,"enemies":"Blue Slaver","floor":11.0,"turns":2.0},{"damage":7.0,"enemies":"Exordium Wildlife","floor":12.0,"turns":3.0},{"damage":0.0,"enemies":"Looter","floor":14.0,"turns":3.0},{"damage":23.0,"enemies":"Hexaghost","floor":16.0,"turns":9.0},{"damage":22.0,"enemies":"2 Thieves","floor":18.0,"turns":3.0},{"damage":19.0,"enemies":"Shell Parasite","floor":19.0,"turns":5.0},{"damage":25,"enemies":"Snake Plant","floor":22,"turns":2}],"seed_played":"-2448660786674609315","potions_obtained":[{"floor":4.0,"key":"Explosive Potion"},{"floor":12.0,"key":"EssenceOfSteel"},{"floor":14.0,"key":"GamblersBrew"}],"is_trial":false,"path_per_floor":["M","$","M","M","?","R","E","R","T","?","M","M","R","M","R","B",null,"M","M","?","?","M"],"character_chosen":"DEFECT","items_purchased":[],"campfire_rested":1,"item_purchase_floors":[],"current_hp_per_floor":[56,56,49,49,66,66,38,38,38,38,30,23,23,23,44,21,59,37,18,18,18,0],"gold":197,"neow_bonus":"UPGRADE_CARD","is_prod":false,"is_daily":false,"chose_seed":false,"campfire_upgraded":1,"win_rate":0,"timestamp":1557980987,"path_taken":["M","$","M","M","?","R","E","R","T","?","M","?","R","M","R","BOSS","M","M","?","?","M"],"build_version":"2019-01-23","purchased_purges":0,"victory":false,"max_hp_per_floor":[71,71,71,71,71,71,71,71,71,71,71,71,71,71,71,71,71,71,71,71,71,71],"card_choices":[{"not_picked":["Redo","Steam","Auto Shields"],"picked":"SKIP","floor":1.0},{"not_picked":["Conserve Battery","Darkness"],"picked":"Rebound","floor":3.0},{"not_picked":["Conserve Battery","Barrage"],"picked":"Cold Snap","floor":4.0},{"not_picked":["Lockon","Aggregate"],"picked":"All For One","floor":7.0},{"not_picked":["Hologram","Compile Driver"],"picked":"Static Discharge","floor":11.0},{"not_picked":["Streamline","Heatsinks"],"picked":"Undo","floor":12.0},{"not_picked":["Hologram","Recycle","Auto Shields"],"picked":"SKIP","floor":14.0},{"not_picked":["Rainbow","Reboot"],"picked":"Echo Form","floor":16.0},{"not_picked":["Redo","Turbo"],"picked":"Beam Cell","floor":18.0},{"not_picked":["Hologram","Barrage"],"picked":"Doom and Gloom","floor":19.0}],"player_experience":677574,"relics_obtained":[{"floor":7.0,"key":"Girya"},{"floor":9.0,"key":"Bottled Lightning"}],"event_choices":[{"damage_healed":17.0,"max_hp_gain":0.0,"max_hp_loss":0.0,"gold_gain":0.0,"event_name":"The Cleric","player_choice":"Healed","floor":5.0,"gold_loss":35.0,"damage_taken":0.0},{"cards_removed":["Strike_B"],"damage_healed":0.0,"max_hp_gain":0.0,"max_hp_loss":0.0,"gold_gain":0.0,"event_name":"Wheel of Change","player_choice":"Card Removal","floor":10.0,"gold_loss":0.0,"damage_taken":0.0},{"damage_healed":0,"gold_gain":0,"player_choice":"Ignored","damage_taken":0,"max_hp_gain":0,"max_hp_loss":0,"event_name":"Cursed Tome","floor":20,"gold_loss":0},{"cards_removed":["Strike_B"],"damage_healed":0,"gold_gain":0,"player_choice":"Gave Gold","damage_taken":0,"max_hp_gain":0,"max_hp_loss":0,"event_name":"Beggar","floor":21,"gold_loss":75}],"is_beta":false,"boss_relics":[{"not_picked":["Tiny House","Empty Cage"],"picked":"Runic Dome"}],"items_purged_floors":[],"is_endless":false,"potions_floor_spawned":[4,12,14],"killed_by":"Snake Plant","ascension_level":20}