{"gold_per_floor":[114,114,124,49,69,69,45,75,98,115,127,162,174,219,231,344,356,378,390,422,434,463,475,58,89,89,89,145,145,158,169,169,266,266,281,291,291,310,320,320,353,353,353,2,16,49,61,75,75,75],"floor_reached":51,"playtime":3175,"items_purged":["Strike_B","Defend_B"],"score":1345,"play_id":"285aa595-3150-4591-8230-e763be911a6e","local_time":"20190526234220","is_ascension_mode":true,"campfire_choices":[{"data":"Sweeping Beam","floor":6.0,"key":"SMITH"},{"floor":13.0,"key":"REST"},{"data":"Coolheaded","floor":15.0,"key":"SMITH"},{"data":"Chill","floor":23.0,"key":"SMITH"},{"data":"Sunder","floor":27,"key":"SMITH"},{"data":"Biased Cognition","floor":29,"key":"SMITH"},{"data":"Glacier","floor":32,"key":"SMITH"},{"data":"Seek","floor":40,"key":"SMITH"},{"data":"Turbo","floor":42,"key":"SMITH"},{"data":"Seek","floor":49,"key":"SMITH"}],"neow_cost":"NONE","seed_source_timestamp":0,"circlet_count":0,"master_deck":["AscendersBane","Defend_B","Defend_B","Defend_B","Zap","Dualcast","Sweeping Beam+1","Gash","Reinforced Body","Gash","Coolheaded+1","Glacier+1","Gash","Chill+1","Biased Cognition+1","Amplify","Bite","Bite","Bite","Bite","Bite","Sunder+1","Seek+1","Coolheaded","Turbo+1","Go for the Eyes+1","Redo+1","Electrodynamics","Double Energy+1","Gash","Seek+1","Coolheaded+1","Glacier","Defragment"],"special_seed":0,"relics":["Cracked Core","Orichalcum","MawBank","Mercury Hourglass","Runic Pyramid","ClockworkSouvenir","Bag of Marbles","Symbiotic Virus","Tiny Chest","Nuclear Battery","Pantograph","Singing Bowl","Question Card","Potion Belt","Bottled Flame"],"potions_floor_usage":[25,33,41,50,50,50,50],"damage_taken":[{"damage":3.0,"enemies":"Small Slimes","floor":1.0,"turns":3.0},{"damage":0.0,"enemies":"Cultist","floor":3.0,"turns":4.0},{"damage":3.0,"enemies":"2 Louse","floor":5.0,"turns":2.0},{"damage":15.0,"enemies":"3 Sentries","floor":8.0,"turns":4.0},{"damage":19.0,"enemies":"Lots of Slimes","floor":10.0,"turns":4.0},{"damage":0.0,"enemies":"Exordium Wildlife","floor":11.0,"turns":3.0},{"damage":12.0,"enemies":"Lagavulin","floor":12.0,"turns":6.0},{"damage":3.0,"enemies":"3 Sentries","floor":14.0,"turns":6.0},{"damage":22.0,"enemies":"The Guardian","floor":16.0,"turns":12.0},{"damage":0.0,"enemies":"3 Byrds","floor":18.0,"turns":5.0},{"damage":9.0,"enemies":"2 Thieves","floor":20.0,"turns":4.0},{"damage":4.0,"enemies":"Chosen and Byrds","floor":22.0,"turns":6.0},{"damage":15,"enemies":"Gremlin Leader","floor":25,"turns":8},{"damage":0,"enemies":"Book of Stabbing","floor":28,"turns":7},{"damage":2,"enemies":"Snecko","floor":30,"turns":4},{"damage":0,"enemies":"3 Cultists","floor":31,"turns":5},{"damage":8,"enemies":"Collector","floor":33,"turns":15},{"damage":0,"enemies":"3 Shapes","floor":35,"turns":3},{"damage":13,"enemies":"Orb Walker","floor":36,"turns":5},{"damage":0,"enemies":"Sphere and 2 Shapes","floor":38,"turns":4},{"damage":14,"enemies":"Spire Growth","floor":39,"turns":6},{"damage":33,"enemies":"Reptomancer","floor":41,"turns":7},{"damage":0,"enemies":"Jaw Worm Horde","floor":45,"turns":8},{"damage":17,"enemies":"Nemesis","floor":46,"turns":11},{"damage":0,"enemies":"4 Shapes","floor":47,"turns":4},{"damage":4,"enemies":"Transient","floor":48,"turns":5},{"damage":0,"enemies":"Donu and Deca","floor":50,"turns":7}],"seed_played":"-8342993301873091055","potions_obtained":[{"floor":0.0,"key":"FocusPotion"},{"floor":0.0,"key":"Energy Potion"},{"floor":1.0,"key":"Strength Potion"},{"floor":8.0,"key":"LiquidBronze"},{"floor":10.0,"key":"Explosive Potion"},{"floor":12.0,"key":"SteroidPotion"},{"floor":14.0,"key":"Poison Potion"},{"floor":28,"key":"PowerPotion"},{"floor":36,"key":"Explosive Potion"},{"floor":45,"key":"GamblersBrew"},{"floor":46,"key":"Ancient Potion"},{"floor":47,"key":"PowerPotion"},{"floor":48,"key":"SteroidPotion"}],"is_trial":false,"path_per_floor":["M","?","M","$","M","R","$","E","T","M","M","E","R","E","R","B",null,"M","?","M","?","M","R","$","E","T","R","E","R","M","M","R","B",null,"M","M","T","M","M","R","E","R","T","$","M","E","M","M","R","B",null],"character_chosen":"DEFECT","items_purchased":["Gash","ClockworkSouvenir","Turbo","FocusPotion","Potion Belt","Ancient Potion","PowerPotion","Glacier"],"campfire_rested":1,"item_purchase_floors":[7,24,24,24,44,44,44,44],"current_hp_per_floor":[65,65,65,65,62,62,62,47,47,30,32,22,44,43,43,23,62,64,64,65,65,73,73,73,75,75,75,75,75,75,75,75,75,75,75,68,68,75,71,71,54,54,54,54,72,75,79,77,77,81],"gold":75,"neow_bonus":"THREE_SMALL_POTIONS","is_prod":false,"is_daily":false,"chose_seed":false,"campfire_upgraded":9,"win_rate":0,"timestamp":1558906940,"path_taken":["M","?","?","$","M","R","$","E","T","M","M","E","R","E","R","BOSS","M","?","M","?","M","R","$","E","T","R","E","R","M","M","R","BOSS","M","?","?","M","?","R","E","R","T","$","M","E","M","M","R","BOSS"],"build_version":"2019-01-23","purchased_purges":2,"victory":true,"max_hp_per_floor":[75,75,75,75,75,75,75,75,75,75,75,75,75,75,75,75,75,75,75,75,75,75,75,75,75,75,75,75,75,75,75,75,75,75,75,75,75,75,75,75,75,75,75,75,77,77,79,81,81,81],"card_choices":[{"not_picked":["Skim","Blizzard"],"picked":"Sweeping Beam","floor":1.0},{"not_picked":["Go for the Eyes","Sweeping Beam"],"picked":"Gash","floor":3.0},{"not_picked":["Leap","Loop"],"picked":"Reinforced Body","floor":5.0},{"not_picked":["Double Energy","Fusion"],"picked":"Coolheaded","floor":8.0},{"not_picked":["Leap","Barrage"],"picked":"Glacier","floor":10.0},{"not_picked":["Thunder Strike","Turbo"],"picked":"Gash","floor":11.0},{"not_picked":["Melter","Redo"],"picked":"Chill","floor":12.0},{"not_picked":["Sweeping Beam","Barrage"],"picked":"Biased Cognition","floor":14.0},{"not_picked":["Reboot","Fission"],"picked":"Amplify","floor":16.0},{"not_picked":["Aggregate","Stack","Compile Driver"],"picked":"SKIP","floor":18.0},{"not_picked":["Chaos","Reprogram"],"picked":"Sunder","floor":20.0},{"not_picked":["Heatsinks","Compile Driver"],"picked":"Coolheaded","floor":22.0},{"not_picked":["Rainbow","Rebound","FTL"],"picked":"SKIP","floor":25},{"not_picked":["Streamline","Turbo"],"picked":"Go for the Eyes+1","floor":28},{"not_picked":["Compile Driver","Beam Cell"],"picked":"Redo+1","floor":30},{"not_picked":["Leap","Genetic Algorithm","Barrage"],"picked":"SKIP","floor":31},{"not_picked":["Core Surge","Biased Cognition"],"picked":"Electrodynamics","floor":33},{"not_picked":["Conserve Battery","BootSequence+1"],"picked":"Double Energy+1","floor":35},{"not_picked":["Steam Power","Rebound","Barrage"],"picked":"SKIP","floor":36},{"not_picked":["Beam Cell","Steam"],"picked":"Gash","floor":38},{"not_picked":["Sunder","BootSequence"],"picked":"Seek","floor":39},{"not_picked":["Compile Driver","Chill"],"picked":"Coolheaded+1","floor":41},{"not_picked":["Coolheaded","Static Discharge+1","Genetic Algorithm","Chill"],"picked":"Singing Bowl","floor":45},{"not_picked":["Reprogram","Hello World","Coolheaded"],"picked":"Defragment","floor":46},{"not_picked":["Coolheaded","Gash","Leap","Tempest"],"picked":"Singing Bowl","floor":47},{"not_picked":["Redo+1","Melter+1","Steam","Leap"],"picked":"Singing Bowl","floor":48}],"player_experience":681651,"relics_obtained":[{"floor":8.0,"key":"Orichalcum"},{"floor":9.0,"key":"Blood Vial"},{"floor":12.0,"key":"MawBank"},{"floor":14.0,"key":"Mercury Hourglass"},{"floor":25,"key":"Bag of Marbles"},{"floor":26,"key":"Symbiotic Virus"},{"floor":28,"key":"Tiny Chest"},{"floor":37,"key":"Pantograph"},{"floor":41,"key":"Singing Bowl"},{"floor":43,"key":"Question Card"},{"floor":46,"key":"Bottled Flame"}],"event_choices":[{"cards_removed":["Strike_B"],"damage_healed":0.0,"max_hp_gain":0.0,"max_hp_loss":0.0,"gold_gain":0.0,"event_name":"Bonfire Elementals","player_choice":"Offered Basic","floor":2.0,"gold_loss":0.0,"damage_taken":0.0},{"damage_healed":0.0,"max_hp_gain":0.0,"max_hp_loss":0.0,"gold_gain":0.0,"event_name":"Vampires","player_choice":"Became a vampire (Vial)","floor":19.0,"relics_lost":["Blood Vial"],"gold_loss":0.0,"damage_taken":0.0,"cards_obtained":["Bite","Bite","Bite","Bite","Bite"]},{"damage_healed":0.0,"max_hp_gain":0.0,"max_hp_loss":0.0,"gold_gain":0.0,"event_name":"Match and Keep!","player_choice":"1 cards matched","floor":21.0,"gold_loss":0.0,"damage_taken":0.0,"cards_obtained":["Seek"]}],"is_beta":false,"boss_relics":[{"not_picked":["Orrery","Fusion Hammer"],"picked":"Runic Pyramid"},{"not_picked":["Cursed Key","Eternal Feather"],"picked":"Nuclear Battery"}],"items_purged_floors":[4,24],"is_endless":false,"potions_floor_spawned":[1,8,10,12,14,28,30,31,36,45,46,47,48],"ascension_level":12}