{"gold_per_floor":[114,114,124,143,157,188,188,113,187,197,197,212,212,239,239,336,336,356,47,47,47,58,86,86,116,140,163,183,211,211,211,211,313,313,323,323,323,342,34,34,46,46,46,46,80,92,127,27,27,27],"floor_reached":51,"playtime":1379,"items_purged":["Strike_R","Strike_R"],"score":988,"play_id":"ea13d873-abef-4672-b249-902a132ff129","local_time":"20190526041943","is_ascension_mode":true,"campfire_choices":[{"floor":7,"key":"REST"},{"data":"Whirlwind","floor":15,"key":"SMITH"},{"data":"Infernal Blade","floor":24,"key":"SMITH"},{"data":"Bludgeon","floor":30,"key":"SMITH"},{"data":"Spot Weakness","floor":32,"key":"SMITH"},{"data":"Combust","floor":40,"key":"SMITH"},{"data":"Anger","floor":42,"key":"SMITH"},{"floor":49,"key":"REST"}],"neow_cost":"NONE","seed_source_timestamp":335886647388918,"circlet_count":0,"master_deck":["Defend_R","Defend_R","Defend_R","Defend_R","Bash","Anger+1","Infernal Blade+1","Battle Trance","Whirlwind+1","Spot Weakness+1","Clothesline","Combust+1","Sword Boomerang","Inflame+1","Necronomicurse","Ghostly","Ghostly","Ghostly","Ghostly","Ghostly","Metallicize","Metallicize","Bludgeon+1","Shrug It Off","Dark Embrace+1","Metallicize+1","Demon Form+1","Disarm","Disarm","Twin Strike+1","True Grit","Ghostly Armor","Heavy Blade+1","Cleave+1"],"relics":["Black Blood","Torii","Bottled Flame","CultistMask","Orichalcum","Black Star","WingedGreaves","Necronomicon","Pen Nib","Bag of Preparation","Prayer Wheel","Frozen Egg 2","Strawberry","Red Skull","Dodecahedron","Ice Cream","Incense Burner","Champion Belt","Vajra","Pantograph","Bag of Marbles","Blood Vial"],"potions_floor_usage":[14,16,33,50],"damage_taken":[{"damage":0,"enemies":"Small Slimes","floor":1,"turns":3},{"damage":0,"enemies":"Cultist","floor":3,"turns":2},{"damage":11,"enemies":"Jaw Worm","floor":4,"turns":2},{"damage":4,"enemies":"2 Fungi Beasts","floor":5,"turns":3},{"damage":36,"enemies":"Lagavulin","floor":6,"turns":4},{"damage":1,"enemies":"Red Slaver","floor":10,"turns":2},{"damage":7,"enemies":"3 Louse","floor":12,"turns":2},{"damage":4,"enemies":"Gremlin Nob","floor":14,"turns":3},{"damage":26,"enemies":"Hexaghost","floor":16,"turns":7},{"damage":9,"enemies":"Shell Parasite","floor":18,"turns":4},{"damage":0,"enemies":"Spheric Guardian","floor":22,"turns":4},{"damage":14,"enemies":"Slavers","floor":23,"turns":2},{"damage":2,"enemies":"Book of Stabbing","floor":25,"turns":5},{"damage":1,"enemies":"Chosen and Byrds","floor":28,"turns":2},{"damage":0,"enemies":"Gremlin Leader","floor":29,"turns":4},{"damage":0,"enemies":"Collector","floor":33,"turns":5},{"damage":0,"enemies":"3 Darklings","floor":35,"turns":1},{"damage":21,"enemies":"3 Shapes","floor":38,"turns":1},{"damage":1,"enemies":"Jaw Worm Horde","floor":41,"turns":2},{"damage":9,"enemies":"Nemesis","floor":45,"turns":7},{"damage":8,"enemies":"Sphere and 2 Shapes","floor":46,"turns":3},{"damage":27,"enemies":"Reptomancer","floor":47,"turns":4},{"damage":10,"enemies":"Time Eater","floor":50,"turns":8}],"seed_played":"-6019168155589214465","potions_obtained":[{"floor":1,"key":"Ancient Potion"},{"floor":10,"key":"Block Potion"},{"floor":12,"key":"FairyPotion"},{"floor":14,"key":"FearPotion"},{"floor":18,"key":"GamblersBrew"},{"floor":25,"key":"PowerPotion"},{"floor":33,"key":"Regen Potion"}],"is_trial":false,"path_per_floor":["M","?","M","M","M","E","R","$","T","M","?","M","?","E","R","B",null,"M","$","?","?","M","E","R","E","T","T","M","E","R","?","R","B",null,"M","?","?","M","$","R","M","R","T","?","E","M","E","$","R","B",null],"character_chosen":"IRONCLAD","items_purchased":["WingedGreaves","Incense Burner"],"campfire_rested":2,"item_purchase_floors":[19,39],"current_hp_per_floor":[80,80,80,75,77,47,71,71,71,76,81,80,80,82,82,62,85,82,82,66,42,42,37,37,41,48,48,52,52,52,52,52,52,52,52,49,49,38,38,38,47,47,47,47,48,49,32,32,46,49],"gold":27,"neow_bonus":"TRANSFORM_CARD","is_prod":false,"is_daily":false,"chose_seed":false,"campfire_upgraded":6,"win_rate":0,"timestamp":1558862383,"path_taken":["M","?","?","M","M","E","R","?","T","M","?","M","?","E","R","BOSS","M","?","?","?","M","E","R","E","T","?","M","E","R","?","R","BOSS","M","?","?","?","$","R","M","R","T","?","E","M","E","?","R","BOSS"],"build_version":"2019-01-23","purchased_purges":2,"victory":true,"max_hp_per_floor":[80,80,80,80,80,80,80,80,80,80,85,85,85,85,85,85,85,85,85,85,42,42,45,45,45,52,52,52,52,52,52,52,52,52,52,49,49,49,49,49,49,49,49,49,49,49,49,49,49,49],"card_choices":[{"not_picked":["Burning Pact","Ghostly Armor"],"picked":"Infernal Blade","floor":1},{"not_picked":["Twin Strike","Sword Boomerang"],"picked":"Battle Trance","floor":3},{"not_picked":["Clash","Hemokinesis"],"picked":"Whirlwind","floor":4},{"not_picked":["Anger","Heavy Blade","Reckless Charge"],"picked":"SKIP","floor":5},{"not_picked":["Shrug It Off","Heavy Blade"],"picked":"Spot Weakness","floor":6},{"not_picked":["Intimidate","True Grit"],"picked":"Clothesline","floor":10},{"not_picked":["Armaments","Anger"],"picked":"Combust","floor":12},{"not_picked":["Brutality","Ghostly Armor"],"picked":"Sword Boomerang","floor":14},{"not_picked":["Limit Break","Reaper"],"picked":"Feed","floor":16},{"not_picked":["Battle Trance","Second Wind"],"picked":"Inflame+1","floor":18},{"not_picked":["Iron Wave","Clothesline+1"],"picked":"Metallicize","floor":22},{"not_picked":["Flex","Hemokinesis"],"picked":"Metallicize","floor":23},{"not_picked":["Sword Boomerang","Pommel Strike","Iron Wave"],"picked":"SKIP","floor":25},{"not_picked":["Body Slam+1","Thunderclap+1"],"picked":"Bludgeon","floor":28},{"not_picked":["Pommel Strike","Dual Wield"],"picked":"Shrug It Off","floor":28},{"not_picked":["Flex+1","Thunderclap+1","Warcry+1"],"picked":"SKIP","floor":29},{"not_picked":["Bludgeon","Barricade+1"],"picked":"Dark Embrace+1","floor":33},{"not_picked":["Spot Weakness","Power Through"],"picked":"Metallicize+1","floor":35},{"not_picked":["Anger","Perfected Strike","Sword Boomerang"],"picked":"SKIP","floor":35},{"not_picked":["Heavy Blade","Dual Wield"],"picked":"Disarm","floor":38},{"not_picked":["Armaments+1","Flex"],"picked":"Disarm","floor":38},{"not_picked":["Iron Wave","Sword Boomerang+1"],"picked":"Twin Strike+1","floor":41},{"not_picked":["Corruption+1","Spot Weakness","Pommel Strike"],"picked":"SKIP","floor":41},{"not_picked":["Reckless Charge","Warcry"],"picked":"True Grit","floor":45},{"not_picked":["Body Slam","Dropkick"],"picked":"Ghostly Armor","floor":46},{"not_picked":["Flame Barrier","Intimidate+1"],"picked":"Heavy Blade+1","floor":46},{"not_picked":["Spot Weakness","Headbutt+1"],"picked":"Cleave+1","floor":47}],"player_experience":10372,"relics_obtained":[{"floor":6,"key":"Torii"},{"floor":9,"key":"Bottled Flame"},{"floor":14,"key":"Orichalcum"},{"floor":20,"key":"Necronomicon"},{"floor":23,"key":"Pen Nib"},{"floor":23,"key":"Bag of Preparation"},{"floor":25,"key":"Prayer Wheel"},{"floor":25,"key":"Frozen Egg 2"},{"floor":26,"key":"Strawberry"},{"floor":27,"key":"Red Skull"},{"floor":29,"key":"Dodecahedron"},{"floor":29,"key":"Ice Cream"},{"floor":43,"key":"Champion Belt"},{"floor":45,"key":"Vajra"},{"floor":45,"key":"Pantograph"},{"floor":47,"key":"Bag of Marbles"},{"floor":47,"key":"Blood Vial"}],"event_choices":[{"cards_removed":["Strike_R"],"damage_healed":0,"gold_gain":0,"player_choice":"Purged","damage_taken":0,"max_hp_gain":0,"max_hp_loss":0,"event_name":"Purifier","floor":2,"gold_loss":0},{"damage_healed":0,"gold_gain":0,"player_choice":"Donut","damage_taken":0,"max_hp_gain":5,"max_hp_loss":0,"event_name":"Big Fish","floor":11,"gold_loss":0},{"damage_healed":0,"gold_gain":0,"player_choice":"Trade","damage_taken":0,"relics_obtained":["CultistMask"],"max_hp_gain":0,"max_hp_loss":0,"event_name":"FaceTrader","floor":13,"gold_loss":0},{"damage_healed":0,"gold_gain":0,"player_choice":"Obtained Book","damage_taken":16,"max_hp_gain":0,"max_hp_loss":0,"event_name":"Cursed Tome","floor":20,"gold_loss":0},{"damage_healed":0,"gold_gain":0,"player_choice":"Became a Ghost","damage_taken":0,"max_hp_gain":0,"max_hp_loss":43,"event_name":"Ghosts","floor":21,"gold_loss":0,"cards_obtained":["Ghostly","Ghostly","Ghostly","Ghostly","Ghostly"]},{"damage_healed":0,"gold_gain":0,"player_choice":"Ignored","damage_taken":0,"max_hp_gain":0,"max_hp_loss":0,"event_name":"Vampires","floor":31,"gold_loss":0},{"damage_healed":0,"gold_gain":0,"player_choice":"Max HP","damage_taken":0,"max_hp_gain":0,"max_hp_loss":3,"event_name":"Winding Halls","floor":36,"gold_loss":0},{"damage_healed":0,"gold_gain":0,"cards_transformed":["Strike_R"],"player_choice":"Transformed","damage_taken":0,"max_hp_gain":0,"max_hp_loss":0,"event_name":"Transmorgrifier","floor":37,"gold_loss":0,"cards_obtained":["Demon Form"]},{"cards_removed":["Feed"],"damage_healed":0,"gold_gain":0,"player_choice":"Removed Attack","damage_taken":0,"max_hp_gain":0,"max_hp_loss":0,"event_name":"Falling","floor":44,"gold_loss":0}],"is_beta":false,"boss_relics":[{"not_picked":["Runic Pyramid","Mark of Pain"],"picked":"Black Star"},{"not_picked":["Busted Crown","Sozu"],"picked":"Black Blood"}],"items_purged_floors":[8,48],"is_endless":false,"potions_floor_spawned":[1,10,12,14,18,25,33,38,47],"ascension_level":1}