{"gold_per_floor":[117,131,145,145,155,155,190,190,190,208,221,221],"floor_reached":12,"playtime":554,"items_purged":[],"score":164,"play_id":"ee61f6a8-e0b7-421b-af95-7adf74bb6533","local_time":"20190517202320","is_ascension_mode":true,"campfire_choices":[{"data":"Neutralize","floor":6.0,"key":"SMITH"},{"floor":8.0,"key":"REST"}],"neow_cost":"NONE","seed_source_timestamp":280068967289194,"circlet_count":0,"master_deck":["AscendersBane","Defend_G","Defend_G","Defend_G","Defend_G","Defend_G","Strike_G","Strike_G","Strike_G","Strike_G","Strike_G","Survivor","Neutralize+1","Dagger Spray","Sucker Punch","Terror","Pain","Leg Sweep","Calculated Gamble"],"special_seed":0,"relics":["Ring of the Snake","WarpedTongs","Pen Nib","Smiling Mask"],"potions_floor_usage":[],"damage_taken":[{"damage":18.0,"enemies":"Jaw Worm","floor":1.0,"turns":7.0},{"damage":1.0,"enemies":"Cultist","floor":2.0,"turns":4.0},{"damage":0.0,"enemies":"2 Louse","floor":3.0,"turns":3.0},{"damage":5.0,"enemies":"Red Slaver","floor":5.0,"turns":5.0},{"damage":20.0,"enemies":"3 Sentries","floor":7.0,"turns":10.0},{"damage":26,"enemies":"Gremlin Gang","floor":10,"turns":8},{"damage":7,"enemies":"3 Louse","floor":11,"turns":3},{"damage":12,"enemies":"Gremlin Nob","floor":12,"turns":2}],"seed_played":"2840891464422924555","potions_obtained":[{"floor":2.0,"key":"Swift Potion"},{"floor":5.0,"key":"SkillPotion"}],"is_trial":false,"path_per_floor":["M","M","M","?","M","R","E","R","T","M","M","E"],"character_chosen":"THE_SILENT","items_purchased":[],"campfire_rested":1,"item_purchase_floors":[],"current_hp_per_floor":[47,46,46,46,41,41,21,42,42,16,9,0],"gold":221,"neow_bonus":"TEN_PERCENT_HP_BONUS","is_prod":false,"is_daily":false,"chose_seed":false,"campfire_upgraded":1,"win_rate":0,"timestamp":1558139000,"path_taken":["M","M","M","?","M","R","E","R","T","M","?","E"],"build_version":"2019-01-23","purchased_purges":0,"victory":false,"max_hp_per_floor":[72,72,72,72,72,72,72,72,72,72,72,72],"card_choices":[{"not_picked":["Dodge and Roll","PiercingWail"],"picked":"Dagger Spray","floor":1.0},{"not_picked":["Backflip","Eviscerate"],"picked":"Sucker Punch","floor":2.0},{"not_picked":["Bane","Blade Dance"],"picked":"Terror","floor":3.0},{"not_picked":["Dagger Spray","Accuracy"],"picked":"Leg Sweep","floor":5.0},{"not_picked":["Acrobatics","All Out Attack","Deflect"],"picked":"SKIP","floor":7.0},{"not_picked":["Bane","Grand Finale"],"picked":"Calculated Gamble","floor":10},{"not_picked":["Prepared","Deflect","Riddle With Holes"],"picked":"SKIP","floor":11}],"player_experience":693422,"relics_obtained":[{"floor":7.0,"key":"Pen Nib"},{"floor":9.0,"key":"Smiling Mask"}],"event_choices":[{"damage_healed":0.0,"max_hp_gain":0.0,"max_hp_loss":0.0,"gold_gain":0.0,"event_name":"Accursed Blacksmith","player_choice":"Rummage","floor":4.0,"gold_loss":0.0,"damage_taken":0.0,"relics_obtained":["WarpedTongs"],"cards_obtained":["Pain"]}],"is_beta":false,"boss_relics":[],"items_purged_floors":[],"is_endless":false,"potions_floor_spawned":[2,5],"killed_by":"Gremlin Nob","ascension_level":20}