{"gold_per_floor":[115,115,115,115,190,217,230,230,280,305,305,319,319,345,345,422,422,440,16,16,33,33],"floor_reached":22,"playtime":864,"items_purged":[],"score":450,"play_id":"1ddb7e51-9fe6-435a-94b8-2c786d615b77","local_time":"20190521203443","is_ascension_mode":true,"campfire_choices":[{"data":"Compile Driver","floor":8.0,"key":"SMITH"},{"floor":11.0,"key":"REST"},{"data":"Darkness","floor":13.0,"key":"SMITH"},{"data":"Dualcast","floor":15.0,"key":"SMITH"}],"neow_cost":"NONE","seed_source_timestamp":97026887800512,"circlet_count":0,"master_deck":["AscendersBane","Strike_B","Strike_B","Strike_B","Defend_B","Defend_B","Defend_B","Defend_B","Zap","Dualcast+1","Compile Driver+1","Biased Cognition","Gash","Darkness+1","Leap","Biased Cognition","Loop","Fission","Rebound+1","Doom and Gloom","Self Repair"],"special_seed":0,"relics":["Cracked Core","NeowsBlessing","DataDisk","Ornamental Fan","Dream Catcher","Matryoshka","Strawberry","Runic Pyramid","FossilizedHelix"],"potions_floor_usage":[22],"damage_taken":[{"damage":0.0,"enemies":"Jaw Worm","floor":1.0,"turns":1.0},{"damage":0.0,"enemies":"3 Sentries","floor":6.0,"turns":1.0},{"damage":0.0,"enemies":"2 Louse","floor":7.0,"turns":1.0},{"damage":30.0,"enemies":"Lagavulin","floor":10.0,"turns":5.0},{"damage":0.0,"enemies":"Small Slimes","floor":12.0,"turns":2.0},{"damage":12.0,"enemies":"3 Sentries","floor":14.0,"turns":7.0},{"damage":22.0,"enemies":"The Guardian","floor":16.0,"turns":7.0},{"damage":13.0,"enemies":"3 Byrds","floor":18.0,"turns":5.0},{"damage":22.0,"enemies":"2 Thieves","floor":21.0,"turns":4.0},{"damage":33,"enemies":"Snake Plant","floor":22,"turns":4}],"seed_played":"3404500424840311101","potions_obtained":[{"floor":6.0,"key":"Ancient Potion"},{"floor":7.0,"key":"Regen Potion"},{"floor":10.0,"key":"Explosive Potion"},{"floor":12.0,"key":"EssenceOfSteel"},{"floor":21.0,"key":"Swift Potion"}],"is_trial":false,"path_per_floor":["M","$","?","?","?","E","M","R","T","E","R","M","R","E","R","B",null,"M","$","?","M","M"],"character_chosen":"DEFECT","items_purchased":["Doom and Gloom","FossilizedHelix"],"campfire_rested":1,"item_purchase_floors":[19,19],"current_hp_per_floor":[64,64,64,46,35,35,35,35,35,19,40,40,40,35,35,13,62,49,49,49,27,0],"gold":33,"neow_bonus":"THREE_ENEMY_KILL","is_prod":false,"is_daily":false,"chose_seed":false,"campfire_upgraded":3,"win_rate":0,"timestamp":1558485283,"path_taken":["M","$","?","?","?","E","M","R","T","E","R","M","R","E","R","BOSS","M","$","?","M","M"],"build_version":"2019-01-23","purchased_purges":0,"victory":false,"max_hp_per_floor":[71,71,71,71,71,71,71,71,71,71,71,71,71,78,78,78,78,78,78,78,78,78],"card_choices":[{"not_picked":["Turbo","Loop"],"picked":"Compile Driver","floor":1.0},{"not_picked":["Scrape","Gash"],"picked":"Biased Cognition","floor":6.0},{"not_picked":["Heatsinks","Conserve Battery"],"picked":"Gash","floor":7.0},{"not_picked":["Compile Driver","Rebound"],"picked":"Darkness","floor":10.0},{"not_picked":["Redo","Heatsinks"],"picked":"Leap","floor":11.0},{"not_picked":["Stack","Loop"],"picked":"Biased Cognition","floor":12.0},{"not_picked":["Leap","Conserve Battery"],"picked":"Loop","floor":14.0},{"not_picked":["Meteor Strike","Rainbow"],"picked":"Fission","floor":16.0},{"not_picked":["Stack","Barrage"],"picked":"Rebound+1","floor":18.0},{"not_picked":["Stack","Turbo"],"picked":"Self Repair","floor":21.0}],"player_experience":720829,"relics_obtained":[{"floor":6.0,"key":"Ornamental Fan"},{"floor":9.0,"key":"Dream Catcher"},{"floor":10.0,"key":"Matryoshka"},{"floor":14.0,"key":"Strawberry"}],"event_choices":[{"damage_healed":0.0,"max_hp_gain":0.0,"max_hp_loss":0.0,"gold_gain":0.0,"event_name":"The Cleric","player_choice":"Leave","floor":3.0,"gold_loss":0.0,"damage_taken":0.0},{"damage_healed":0.0,"max_hp_gain":0.0,"max_hp_loss":0.0,"gold_gain":0.0,"event_name":"Scrap Ooze","player_choice":"Success","floor":4.0,"gold_loss":0.0,"damage_taken":18.0,"relics_obtained":["DataDisk"]},{"damage_healed":0.0,"max_hp_gain":0.0,"max_hp_loss":0.0,"gold_gain":75.0,"event_name":"World of Goop","player_choice":"Gather Gold","floor":5.0,"gold_loss":0.0,"damage_taken":11.0},{"cards_removed":["Strike_B"],"damage_healed":0.0,"max_hp_gain":0.0,"max_hp_loss":0.0,"gold_gain":0.0,"event_name":"Wheel of Change","player_choice":"Card Removal","floor":20.0,"gold_loss":0.0,"damage_taken":0.0}],"is_beta":false,"boss_relics":[{"not_picked":["Philosopher\u0027s Stone","Orrery"],"picked":"Runic Pyramid"}],"items_purged_floors":[],"is_endless":false,"potions_floor_spawned":[6,7,10,12,21],"killed_by":"Snake Plant","ascension_level":20}