{"gold_per_floor":[114,129,54,54,54,84,99,25,75,90,105,135,135,150,150,250,250,265,115,130,145,160,160,175,175,175,175,190,190,205,165,165,265,265,280,280,295,310,325,325,340,340,340,355,36,51,51,66,66,66],"floor_reached":50,"playtime":6660,"items_purged":["Grand Finale","Venomology","Envenom"],"score":587,"play_id":"67a04c5d-b105-4408-96a5-8b1d075c7aba","local_time":"20190501232116","daily_mods":["Shiny","Green Cards","DeadlyEvents"],"is_ascension_mode":false,"campfire_choices":[{"floor":15,"key":"REST"},{"floor":23,"key":"REST"},{"floor":25,"key":"REST"},{"floor":32,"key":"REST"},{"data":"After Image","floor":40,"key":"SMITH"},{"data":"Machine Learning","floor":42,"key":"SMITH"},{"floor":47,"key":"REST"},{"data":"Seek","floor":49,"key":"SMITH"}],"neow_cost":"","seed_source_timestamp":0,"circlet_count":0,"master_deck":["Corpse Explosion","Malaise","Phantasmal Killer","Die Die Die","Adrenaline","Doppelganger","Burst","Wraith Form v2","Tools of the Trade","Night Terror","Unload","After Image+1","Bullet Time","Storm of Steel","Glass Knife","A Thousand Cuts","Multi-Cast","Hyperbeam","Thunder Strike","Biased Cognition","Machine Learning+1","Electrodynamics","Buffer","Rainbow","Seek+1","Meteor Strike","Echo Form","All For One","Reboot","Amplify","Fission","Core Surge","Backstab","Hologram","Well Laid Plans","Flying Knee","Turbo","All For One","FTL+1","Hologram","Hologram+1","Skim","Concentrate","Necronomicurse","Glacier+1","Flechettes","Self Repair+1","Corpse Explosion+1","Recycle+1","Rebound","Cloak And Dagger+1","Bullet Time","Calculated Gamble+1","Crippling Poison+1","Secret Weapon","Terror+1","Streamline+1"],"special_seed":18018,"relics":["Cracked Core","Unceasing Top","Centennial Puzzle","Thread and Needle","PreservedInsect","Sozu","MutagenicStrength","Necronomicon","Astrolabe","Prayer Wheel"],"potions_floor_usage":[16],"damage_taken":[{"damage":3,"enemies":"Cultist","floor":1,"turns":3},{"damage":6,"enemies":"Small Slimes","floor":2,"turns":4},{"damage":0,"enemies":"Lagavulin","floor":6,"turns":5},{"damage":10,"enemies":"2 Louse","floor":7,"turns":3},{"damage":0,"enemies":"Exordium Wildlife","floor":10,"turns":3},{"damage":10,"enemies":"Exordium Thugs","floor":11,"turns":2},{"damage":14,"enemies":"Gremlin Nob","floor":12,"turns":3},{"damage":6,"enemies":"Looter","floor":14,"turns":2},{"damage":9,"enemies":"The Guardian","floor":16,"turns":8},{"damage":16,"enemies":"2 Thieves","floor":18,"turns":2},{"damage":6,"enemies":"Chosen","floor":20,"turns":3},{"damage":11,"enemies":"Centurion and Healer","floor":21,"turns":3},{"damage":6,"enemies":"Cultist and Chosen","floor":22,"turns":3},{"damage":24,"enemies":"Shelled Parasite and Fungi","floor":24,"turns":5},{"damage":14,"enemies":"Snake Plant","floor":28,"turns":3},{"damage":16,"enemies":"Centurion and Healer","floor":30,"turns":3},{"damage":0,"enemies":"Automaton","floor":33,"turns":4},{"damage":11,"enemies":"Orb Walker","floor":35,"turns":2},{"damage":10,"enemies":"3 Shapes","floor":37,"turns":2},{"damage":0,"enemies":"Maw","floor":38,"turns":7},{"damage":5,"enemies":"Transient","floor":39,"turns":5},{"damage":0,"enemies":"Spire Growth","floor":41,"turns":4},{"damage":28,"enemies":"Jaw Worm Horde","floor":44,"turns":3},{"damage":6,"enemies":"Writhing Mass","floor":46,"turns":3},{"damage":0,"enemies":"Transient","floor":48,"turns":5},{"damage":83,"enemies":"Time Eater","floor":50,"turns":11}],"seed_played":"-526792732789097336","potions_obtained":[{"floor":2,"key":"FearPotion"},{"floor":6,"key":"Energy Potion"},{"floor":14,"key":"Energy Potion"}],"is_trial":false,"path_per_floor":["M","M","$","?","$","E","M","$","T","M","M","E","T","M","R","B",null,"M","$","M","M","M","R","M","R","T","?","M","?","M","$","R","B",null,"M","?","M","M","M","R","M","R","T","M","$","M","R","M","R","B"],"character_chosen":"DEFECT","items_purchased":["Well Laid Plans","Hologram","Flechettes","Secret Weapon"],"campfire_rested":5,"item_purchase_floors":[8,19,31,45],"current_hp_per_floor":[72,66,66,66,66,66,56,56,56,56,46,32,32,26,48,39,75,59,59,53,42,36,58,34,56,56,56,42,26,10,10,32,32,75,74,74,64,74,75,75,75,75,75,47,47,41,63,73,73,0],"gold":66,"neow_bonus":"","is_prod":false,"is_daily":true,"chose_seed":false,"campfire_upgraded":3,"win_rate":0,"timestamp":1556770876,"path_taken":["M","M","?","?","$","E","M","$","T","M","M","E","?","M","R","BOSS","M","$","M","M","M","R","M","R","T","?","M","?","M","$","R","BOSS","M","?","M","M","M","R","?","R","T","M","$","M","R","M","R","BOSS"],"build_version":"2019-01-23","purchased_purges":3,"victory":false,"max_hp_per_floor":[75,75,75,75,75,75,75,75,75,75,75,75,75,75,75,75,75,75,75,75,75,75,75,75,75,75,75,75,75,75,75,75,75,75,75,75,75,75,75,75,75,75,75,75,75,75,75,75,75,75],"card_choices":[{"not_picked":["Redo","Bane"],"picked":"Static Discharge","floor":1},{"not_picked":["Expertise","Go for the Eyes"],"picked":"Backstab","floor":2},{"not_picked":["Bane","PiercingWail","Endless Agony"],"picked":"SKIP","floor":6},{"not_picked":["Acrobatics","Genetic Algorithm"],"picked":"Hologram","floor":7},{"not_picked":["Underhanded Strike","Defragment","Outmaneuver"],"picked":"SKIP","floor":10},{"not_picked":["Tactician","Gash"],"picked":"Flying Knee","floor":11},{"not_picked":["Cold Snap","Echo Form"],"picked":"Turbo","floor":12},{"not_picked":["Go for the Eyes","Capacitor","Outmaneuver"],"picked":"SKIP","floor":14},{"not_picked":["Hyperbeam","Malaise"],"picked":"All For One","floor":16},{"not_picked":["Acrobatics+1","Beam Cell"],"picked":"FTL+1","floor":18},{"not_picked":["Leap+1","Redo"],"picked":"Crippling Poison","floor":20},{"not_picked":["Caltrops","Capacitor"],"picked":"Hologram+1","floor":21},{"not_picked":["Prepared+1","Bane"],"picked":"Skim","floor":22},{"not_picked":["Envenom","Blur","Deadly Poison+1"],"picked":"SKIP","floor":24},{"not_picked":["Barrage","Ball Lightning"],"picked":"Concentrate","floor":28},{"not_picked":["Chill","Rebound"],"picked":"Glacier+1","floor":30},{"not_picked":["Prepared","Steam"],"picked":"Rebound","floor":35},{"not_picked":["Slice+1","Stack+1","Underhanded Strike+1"],"picked":"SKIP","floor":37},{"not_picked":["Sucker Punch+1","Hologram"],"picked":"Cloak And Dagger+1","floor":38},{"not_picked":["Deadly Poison+1","PiercingWail+1","Stack"],"picked":"SKIP","floor":39},{"not_picked":["Stack+1","Bouncing Flask+1"],"picked":"Bullet Time","floor":41},{"not_picked":["Distraction","Deadly Poison"],"picked":"Calculated Gamble+1","floor":44},{"not_picked":["Blade Dance","BootSequence"],"picked":"Crippling Poison+1","floor":44},{"not_picked":["Calculated Gamble","Steam+1"],"picked":"Terror+1","floor":46},{"not_picked":["Leap+1","Deflect+1","Gash"],"picked":"SKIP","floor":46},{"not_picked":["Capacitor","Sucker Punch"],"picked":"Streamline+1","floor":48},{"not_picked":["Rebound","Compile Driver+1","Flying Knee"],"picked":"SKIP","floor":48}],"player_experience":152997,"relics_obtained":[{"floor":6,"key":"Unceasing Top"},{"floor":9,"key":"Centennial Puzzle"},{"floor":12,"key":"Thread and Needle"},{"floor":13,"key":"PreservedInsect"},{"floor":29,"key":"Necronomicon"},{"floor":43,"key":"Prayer Wheel"}],"event_choices":[{"damage_healed":0,"gold_gain":0,"player_choice":"Fled","damage_taken":0,"max_hp_gain":0,"max_hp_loss":0,"event_name":"Scrap Ooze","floor":4,"gold_loss":0},{"damage_healed":0,"gold_gain":0,"player_choice":"Inject Mutagens","damage_taken":0,"relics_obtained":["MutagenicStrength"],"max_hp_gain":0,"max_hp_loss":0,"event_name":"Drug Dealer","floor":27,"gold_loss":0},{"damage_healed":0,"gold_gain":0,"player_choice":"Obtained Book","damage_taken":16,"max_hp_gain":0,"max_hp_loss":0,"event_name":"Cursed Tome","floor":29,"gold_loss":0},{"damage_healed":0,"gold_gain":0,"player_choice":"Ignored","damage_taken":0,"max_hp_gain":0,"max_hp_loss":0,"event_name":"Mysterious Sphere","floor":36,"gold_loss":0}],"is_beta":false,"boss_relics":[{"not_picked":["Coffee Dripper","Runic Dome"],"picked":"Sozu"},{"not_picked":["Runic Pyramid","Orrery"],"picked":"Astrolabe"}],"items_purged_floors":[3,19,45],"is_endless":false,"potions_floor_spawned":[2,6,14,18,21,24,30,38,39,44,48],"killed_by":"Time Eater","ascension_level":0}