{"gold_per_floor":[117,67,142,160,160,190,190,223,250,95,109,128,156,167,167,266,266,266,266,266,2,2,2,2,2,2,2,2],"floor_reached":28,"playtime":1554,"items_purged":["Strike_B"],"score":428,"play_id":"faef13d0-da25-4eaa-9d72-75b340b9cfc0","local_time":"20190511211720","is_ascension_mode":true,"campfire_choices":[{"data":"Zap","floor":7.0,"key":"SMITH"},{"data":"Go for the Eyes","floor":15.0,"key":"SMITH"},{"data":"Loop","floor":23.0,"key":"SMITH"}],"neow_cost":"NONE","seed_source_timestamp":616116780475641,"circlet_count":0,"master_deck":["Strike_B+1","Defend_B+1","Defend_B+1","Defend_B+1","Defend_B+1","Zap+1","Dualcast","Auto Shields","Compile Driver","Go for the Eyes+1","Cold Snap","Core Surge","Hologram","Cold Snap","Echo Form","Fission","Fusion+1","Sweeping Beam","Loop+1","Genetic Algorithm","Ball Lightning+1","Force Field","Steam+1"],"special_seed":0,"relics":["Cracked Core","NeowsBlessing","Ancient Tea Set","Strawberry","Bronze Scales","Cables","Ectoplasm"],"potions_floor_usage":[28],"damage_taken":[{"damage":0.0,"enemies":"Small Slimes","floor":1.0,"turns":1.0},{"damage":0.0,"enemies":"2 Louse","floor":4.0,"turns":1.0},{"damage":0.0,"enemies":"3 Sentries","floor":6.0,"turns":1.0},{"damage":25.0,"enemies":"Gremlin Nob","floor":8.0,"turns":5.0},{"damage":0.0,"enemies":"Jaw Worm","floor":11.0,"turns":2.0},{"damage":0.0,"enemies":"2 Fungi Beasts","floor":12.0,"turns":3.0},{"damage":1.0,"enemies":"3 Sentries","floor":13.0,"turns":5.0},{"damage":4.0,"enemies":"Lots of Slimes","floor":14.0,"turns":3.0},{"damage":0.0,"enemies":"Hexaghost","floor":16.0,"turns":9.0},{"damage":3.0,"enemies":"Spheric Guardian","floor":18.0,"turns":4.0},{"damage":5.0,"enemies":"3 Byrds","floor":19.0,"turns":4.0},{"damage":16.0,"enemies":"Snake Plant","floor":20.0,"turns":5.0},{"damage":8.0,"enemies":"Shelled Parasite and Fungi","floor":22.0,"turns":7.0},{"damage":19.0,"enemies":"Centurion and Healer","floor":24.0,"turns":5.0},{"damage":15,"enemies":"Snake Plant","floor":27,"turns":4},{"damage":0,"enemies":"3 Cultists","floor":28,"turns":1}],"seed_played":"1687802606165432279","potions_obtained":[{"floor":6.0,"key":"GamblersBrew"},{"floor":8.0,"key":"AttackPotion"},{"floor":12.0,"key":"EssenceOfSteel"},{"floor":13.0,"key":"FocusPotion"},{"floor":14.0,"key":"Explosive Potion"},{"floor":20.0,"key":"Dexterity Potion"},{"floor":27,"key":"Swift Potion"}],"is_trial":false,"path_per_floor":["M","?","?","M","?","E","R","E","T","$","M","M","E","M","R","B",null,"M","M","M","$","M","R","M","?","T","M","M"],"character_chosen":"DEFECT","items_purchased":["Core Surge","Loop","Genetic Algorithm","Regen Potion"],"campfire_rested":0,"item_purchase_floors":[10,21,21,21],"current_hp_per_floor":[68,68,57,57,50,50,50,32,32,32,32,32,31,27,27,27,68,65,60,44,44,36,36,31,31,31,16,16],"gold":2,"neow_bonus":"THREE_ENEMY_KILL","is_prod":false,"is_daily":false,"chose_seed":false,"campfire_upgraded":3,"win_rate":0,"timestamp":1557623840,"path_taken":["M","?","?","M","?","E","R","E","T","$","M","M","E","M","R","BOSS","M","M","M","$","M","R","M","?","T","M","M"],"build_version":"2019-01-23","purchased_purges":1,"victory":false,"max_hp_per_floor":[75,75,75,75,75,75,75,82,82,82,82,82,82,82,82,82,82,82,82,82,82,82,82,82,82,82,82,82],"card_choices":[{"not_picked":["Turbo","Reprogram"],"picked":"Auto Shields","floor":1.0},{"not_picked":["Skim","Self Repair"],"picked":"Compile Driver","floor":4.0},{"not_picked":["Tempest","Barrage"],"picked":"Go for the Eyes","floor":6.0},{"not_picked":["FTL","Conserve Battery"],"picked":"Cold Snap","floor":8.0},{"not_picked":["Compile Driver","Conserve Battery"],"picked":"Hologram","floor":11.0},{"not_picked":["Compile Driver","Barrage"],"picked":"Cold Snap","floor":12.0},{"not_picked":["Melter","Reinforced Body"],"picked":"Echo Form","floor":13.0},{"not_picked":["Blizzard","Steam Power","Coolheaded"],"picked":"SKIP","floor":14.0},{"not_picked":["Biased Cognition","Creative AI"],"picked":"Fission","floor":16.0},{"not_picked":["Redo","Cold Snap"],"picked":"Fusion+1","floor":18.0},{"not_picked":["Reinforced Body","Compile Driver+1"],"picked":"Sweeping Beam","floor":19.0},{"not_picked":["Barrage","Cold Snap","Turbo"],"picked":"SKIP","floor":20.0},{"not_picked":["Sweeping Beam+1","Coolheaded"],"picked":"Ball Lightning+1","floor":22.0},{"not_picked":["Sweeping Beam","Ball Lightning"],"picked":"Force Field","floor":24.0},{"not_picked":["Streamline+1","Melter"],"picked":"Steam+1","floor":27}],"player_experience":546208,"relics_obtained":[{"floor":6.0,"key":"Ancient Tea Set"},{"floor":8.0,"key":"Strawberry"},{"floor":9.0,"key":"Bronze Scales"},{"floor":13.0,"key":"Cables"}],"event_choices":[{"cards_removed":["Strike_B"],"damage_healed":0.0,"max_hp_gain":0.0,"max_hp_loss":0.0,"gold_gain":0.0,"event_name":"The Cleric","player_choice":"Card Removal","floor":2.0,"gold_loss":50.0,"damage_taken":0.0},{"damage_healed":0.0,"max_hp_gain":0.0,"max_hp_loss":0.0,"gold_gain":75.0,"event_name":"World of Goop","player_choice":"Gather Gold","floor":3.0,"gold_loss":0.0,"damage_taken":11.0},{"cards_removed":["Strike_B"],"damage_healed":0.0,"max_hp_gain":0.0,"max_hp_loss":0.0,"gold_gain":0.0,"event_name":"Golden Wing","player_choice":"Card Removal","floor":5.0,"gold_loss":0.0,"damage_taken":7.0},{"damage_healed":0.0,"max_hp_gain":0.0,"max_hp_loss":0.0,"gold_gain":0.0,"event_name":"Back to Basics","player_choice":"Simplicity","floor":25.0,"gold_loss":0.0,"damage_taken":0.0,"cards_upgraded":["Strike_B","Defend_B","Defend_B","Defend_B","Defend_B"]}],"is_beta":false,"boss_relics":[{"not_picked":["Eternal Feather","Fusion Hammer"],"picked":"Ectoplasm"}],"items_purged_floors":[21],"is_endless":false,"potions_floor_spawned":[6,8,12,13,14,20,22,27],"killed_by":"3 Cultists","ascension_level":7}