{"gold_per_floor":[219,237,207,182,200,200,200,200,200,200,220,235,235,248,248,345,345,315,315,16,16,16,16,16,16,16,16,16,16,0,0,0,0,0,0,0,0,0,0,0,0,0,0,0,0,0,0,0,0,0],"floor_reached":51,"playtime":2769,"items_purged":[],"score":790,"play_id":"87b0ac79-0db0-4993-9dde-fc85e46479cb","local_time":"20180926054254","is_ascension_mode":true,"campfire_choices":[{"data":"Armaments","floor":6.0,"key":"SMITH"},{"data":"Whirlwind","floor":8.0,"key":"SMITH"},{"data":"Battle Trance","floor":10.0,"key":"SMITH"},{"data":"Inflame","floor":13.0,"key":"SMITH"},{"data":"Seeing Red","floor":15.0,"key":"SMITH"},{"data":"Demon Form","floor":23.0,"key":"SMITH"},{"data":"Clothesline","floor":25.0,"key":"SMITH"},{"floor":29.0,"key":"REST"},{"data":"Defend_R","floor":32.0,"key":"SMITH"},{"floor":41.0,"key":"REST"},{"floor":44.0,"key":"REST"},{"floor":46.0,"key":"REST"},{"floor":49.0,"key":"REST"}],"neow_cost":"NONE","seed_source_timestamp":88381193258556,"circlet_count":0,"master_deck":["Strike_R","Strike_R","Strike_R","Strike_R","Strike_R","Defend_R","Defend_R","Defend_R+1","Defend_R+1","Bash","Cleave+1","Battle Trance+1","Armaments+1","Whirlwind+1","Rampage","Inflame+1","Seeing Red+1","Demon Form+1","Sentinel","Disarm+1","Thunderclap","Hemokinesis+1","Clothesline+1","Anger","RitualDagger","Offering","Warcry+1","Perfected Strike","Wild Strike","Magnetism+1","True Grit+1"],"special_seed":0,"relics":["Burning Blood","Dodecahedron","Ectoplasm","Mercury Hourglass","Juzu Bracelet","Ornamental Fan","Busted Crown","Orichalcum","FossilizedHelix"],"potions_floor_usage":[],"damage_taken":[{"damage":1.0,"enemies":"Cultist","floor":1.0,"turns":3.0},{"damage":1.0,"enemies":"2 Louse","floor":2.0,"turns":2.0},{"damage":5.0,"enemies":"Jaw Worm","floor":5.0,"turns":4.0},{"damage":7.0,"enemies":"Exordium Thugs","floor":11.0,"turns":4.0},{"damage":2.0,"enemies":"Blue Slaver","floor":12.0,"turns":4.0},{"damage":0.0,"enemies":"Gremlin Gang","floor":14.0,"turns":1.0},{"damage":34.0,"enemies":"Slime Boss","floor":16.0,"turns":9.0},{"damage":15.0,"enemies":"2 Thieves","floor":18.0,"turns":2.0},{"damage":0.0,"enemies":"3 Byrds","floor":19.0,"turns":4.0},{"damage":14.0,"enemies":"3 Cultists","floor":21.0,"turns":4.0},{"damage":25.0,"enemies":"Shelled Parasite and Fungi","floor":22.0,"turns":6.0},{"damage":10.0,"enemies":"Gremlin Leader","floor":24.0,"turns":4.0},{"damage":0.0,"enemies":"Snecko","floor":27.0,"turns":2.0},{"damage":38.0,"enemies":"Automaton","floor":33.0,"turns":8.0},{"damage":3.0,"enemies":"Orb Walker","floor":35.0,"turns":3.0},{"damage":0.0,"enemies":"3 Darklings","floor":36.0,"turns":2.0},{"damage":30.0,"enemies":"Spire Growth","floor":37.0,"turns":4.0},{"damage":60.0,"enemies":"2 Orb Walkers","floor":40.0,"turns":4.0},{"damage":79,"enemies":"Awakened One","floor":50,"turns":9}],"seed_played":"-8916611158889506711","potions_obtained":[{"floor":2.0,"key":"SpeedPotion"},{"floor":3.0,"key":"Swift Potion"},{"floor":3.0,"key":"Ancient Potion"},{"floor":5.0,"key":"SkillPotion"},{"floor":11.0,"key":"Fruit Juice"},{"floor":19.0,"key":"SmokeBomb"},{"floor":21.0,"key":"Energy Potion"},{"floor":24.0,"key":"SneckoOil"},{"floor":35.0,"key":"SteroidPotion"},{"floor":36.0,"key":"PowerPotion"}],"is_trial":false,"path_per_floor":["M","M","?","$","M","R","?","R","T","R","M","M","R","M","R","B",null,"M","M","$","M","M","R","E","R","T","M","?","R","?","?","R","B",null,"M","M","M","?","?","E","R","?","T","R","$","R","$","$","R","B"],"character_chosen":"IRONCLAD","items_purchased":["Armaments","Mercury Hourglass","Thunderclap"],"campfire_rested":5,"item_purchase_floors":[4,20,20],"current_hp_per_floor":[80,80,80,80,80,80,64,64,64,64,68,72,72,78,78,50,85,76,82,82,74,55,55,51,51,51,57,51,76,76,76,76,44,85,85,85,61,61,61,7,32,32,32,57,57,82,82,82,85,12],"gold":0,"neow_bonus":"HUNDRED_GOLD","is_prod":false,"is_daily":false,"chose_seed":false,"campfire_upgraded":8,"win_rate":0,"timestamp":1537954974,"path_taken":["M","M","?","$","M","R","?","R","T","R","?","M","R","M","R","BOSS","M","M","?","M","M","R","E","R","T","M","?","R","?","?","R","BOSS","M","M","M","?","?","E","R","?","T","R","$","R","?","$","R","BOSS"],"build_version":"2018-09-20","purchased_purges":0,"victory":true,"max_hp_per_floor":[80,80,80,80,80,80,80,80,80,80,85,85,85,85,85,85,85,85,85,85,85,85,85,85,85,85,85,85,85,85,85,85,85,85,85,85,85,85,85,85,85,85,85,85,85,85,85,85,85,85],"card_choices":[{"not_picked":["Iron Wave","Body Slam"],"picked":"Cleave","floor":1.0},{"not_picked":["Rupture","Uppercut"],"picked":"Battle Trance","floor":2.0},{"not_picked":["Disarm","True Grit"],"picked":"Whirlwind","floor":5.0},{"not_picked":["Rage","Rupture"],"picked":"Rampage","floor":11.0},{"not_picked":["Warcry","Wild Strike"],"picked":"Inflame","floor":12.0},{"not_picked":["Perfected Strike","Shockwave"],"picked":"Seeing Red","floor":14.0},{"not_picked":["Feed","Immolate"],"picked":"Demon Form","floor":16.0},{"not_picked":["Perfected Strike","Fire Breathing+1"],"picked":"Sentinel","floor":18.0},{"not_picked":["Clothesline","Pummel"],"picked":"Disarm+1","floor":19.0},{"not_picked":["Pommel Strike","Headbutt"],"picked":"Hemokinesis+1","floor":21.0},{"not_picked":["Armaments","Headbutt"],"picked":"Clothesline","floor":22.0},{"not_picked":["Ghostly Armor","Reaper"],"picked":"Anger","floor":24.0},{"not_picked":["Feed","Berserk"],"picked":"Offering","floor":33.0},{"not_picked":[],"picked":"Warcry+1","floor":35.0},{"not_picked":[],"picked":"Perfected Strike","floor":36.0},{"not_picked":[],"picked":"Wild Strike","floor":37.0},{"not_picked":[],"picked":"Magnetism","floor":38.0},{"not_picked":[],"picked":"True Grit+1","floor":40.0}],"player_experience":77738,"relics_obtained":[{"floor":9.0,"key":"Dodecahedron"},{"floor":24.0,"key":"Juzu Bracelet"},{"floor":26.0,"key":"Ornamental Fan"},{"floor":40.0,"key":"Orichalcum"},{"floor":43.0,"key":"FossilizedHelix"}],"event_choices":[{"event_name":"The Woman in Blue","player_choice":"Bought 2 Potions","floor":3.0,"damage_taken":0.0},{"event_name":"Shining Light","player_choice":"Entered Light","floor":7.0,"damage_taken":0.0},{"event_name":"Nest","player_choice":"Joined the Cult","floor":28.0,"damage_taken":0.0},{"event_name":"Masked Bandits","player_choice":"Paid Fearfully","floor":30.0,"damage_taken":0.0},{"event_name":"Golden Shrine","player_choice":"Skipped","floor":31.0,"damage_taken":0.0},{"event_name":"SensoryStone","player_choice":"Memory 1","floor":38.0,"damage_taken":0.0},{"event_name":"Accursed Blacksmith","player_choice":"Forge","floor":39.0,"damage_taken":0.0},{"event_name":"Mysterious Sphere","player_choice":"Ignore","floor":42.0,"damage_taken":0.0}],"is_beta":false,"boss_relics":[{"not_picked":["Runic Cube","Coffee Dripper"],"picked":"Ectoplasm"},{"not_picked":["Lizard Tail","Velvet Choker"],"picked":"Busted Crown"}],"items_purged_floors":[],"is_endless":false,"potions_floor_spawned":[2,5,11,19,21,24,27,35,36],"ascension_level":1}