{"gold_per_floor":[115,65,65,65,81,112,112,287,287,307,319,332,346,374,374,473,473,490,490,502,102,102,102,2,28,28,28,47,77,95,4,4,101,101,117,137,137,148,160,160,160],"floor_reached":41,"playtime":2849,"items_purged":["Doubt","Decay"],"score":468,"play_id":"a8f27320-f450-49ee-9b9a-86f72d6af4a5","local_time":"20181111160008","is_ascension_mode":false,"campfire_choices":[{"data":"Sucker Punch","floor":7,"key":"SMITH"},{"floor":15,"key":"REST"},{"data":"Noxious Fumes","floor":23,"key":"SMITH"},{"floor":27,"key":"REST"},{"floor":32,"key":"REST"},{"floor":40,"key":"REST"}],"neow_cost":"NONE","seed_source_timestamp":402651038686159,"circlet_count":0,"master_deck":["Defend_G","Defend_G","Defend_G","Defend_G","Defend_G","Strike_G","Strike_G","Strike_G","Strike_G","Survivor","Neutralize+1","Backflip","Sucker Punch+1","Adrenaline","Poisoned Stab","Dagger Spray","PiercingWail","Well Laid Plans","Glass Knife","Bouncing Flask","Calculated Gamble+1","Noxious Fumes+1","Noxious Fumes","Poisoned Stab","Bullet Time","Backstab","Dagger Spray+1","Blur","Acrobatics","Deadly Poison","Envenom","Backstab+1","Finesse","Quick Slash+1"],"relics":["Ring of the Snake","NeowsBlessing","Shuriken","Regal Pillow","PreservedInsect","Bottled Flame","HoveringKite","DollysMirror","Bronze Scales","Lantern","Blood Vial","Busted Crown"],"potions_floor_usage":[14,14,16,28,28,33,33,39,39],"damage_taken":[{"damage":0,"enemies":"2 Louse","floor":1,"turns":1},{"damage":0,"enemies":"Jaw Worm","floor":5,"turns":1},{"damage":0,"enemies":"Gremlin Nob","floor":6,"turns":1},{"damage":0,"enemies":"Cultist","floor":10,"turns":3},{"damage":5,"enemies":"Exordium Thugs","floor":11,"turns":5},{"damage":15,"enemies":"Gremlin Gang","floor":12,"turns":5},{"damage":0,"enemies":"3 Louse","floor":13,"turns":3},{"damage":9,"enemies":"3 Sentries","floor":14,"turns":3},{"damage":40,"enemies":"Hexaghost","floor":16,"turns":11},{"damage":14,"enemies":"Spheric Guardian","floor":18,"turns":4},{"damage":9,"enemies":"Shell Parasite","floor":20,"turns":5},{"damage":28,"enemies":"Gremlin Leader","floor":25,"turns":5},{"damage":0,"enemies":"3 Cultists","floor":28,"turns":4},{"damage":17,"enemies":"Book of Stabbing","floor":29,"turns":4},{"damage":10,"enemies":"Cultist and Chosen","floor":30,"turns":5},{"damage":33,"enemies":"Automaton","floor":33,"turns":9},{"damage":10,"enemies":"3 Shapes","floor":35,"turns":5},{"damage":14,"enemies":"Orb Walker","floor":36,"turns":3},{"damage":24,"enemies":"3 Darklings","floor":38,"turns":5},{"damage":20,"enemies":"Spire Growth","floor":39,"turns":5},{"damage":57,"enemies":"Reptomancer","floor":41,"turns":5}],"seed_played":"-1963600101821036840","potions_obtained":[{"floor":12,"key":"AttackPotion"},{"floor":13,"key":"EntropicBrew"},{"floor":16,"key":"LiquidBronze"},{"floor":18,"key":"Swift Potion"},{"floor":25,"key":"Block Potion"},{"floor":29,"key":"FearPotion"},{"floor":30,"key":"SteroidPotion"},{"floor":35,"key":"EssenceOfSteel"}],"is_trial":false,"path_per_floor":["M","?","?","T","M","E","R","?","T","M","M","M","M","E","R","B",null,"M","?","M","$","?","R","$","E","T","R","M","E","M","$","R","B",null,"M","M","?","M","M","R","E"],"character_chosen":"THE_SILENT","items_purchased":["Noxious Fumes","DollysMirror","Block Potion","Acrobatics","Deadly Poison"],"campfire_rested":4,"item_purchase_floors":[21,21,21,31,31],"current_hp_per_floor":[70,70,70,70,70,70,70,70,70,70,65,50,50,41,70,30,70,56,56,47,47,47,47,47,19,19,55,55,38,30,30,66,35,70,60,48,48,26,8,44,0],"gold":160,"neow_bonus":"THREE_ENEMY_KILL","is_prod":false,"is_daily":false,"chose_seed":false,"campfire_upgraded":2,"win_rate":0.0,"timestamp":1541970008,"path_taken":["M","?","?","?","M","E","R","?","T","M","M","M","M","E","R","BOSS","M","?","?","$","?","R","?","E","T","R","M","E","M","$","R","BOSS","M","?","?","M","M","R","E"],"build_version":"2018-11-08","purchased_purges":2,"victory":false,"max_hp_per_floor":[70,70,70,70,70,70,70,70,70,70,70,70,70,70,70,70,70,70,70,70,70,70,70,70,70,70,70,70,70,70,70,70,70,70,70,70,70,70,70,70,70],"card_choices":[{"not_picked":["Deflect","Blade Dance"],"picked":"Backflip","floor":1},{"not_picked":["Slice","Dagger Throw"],"picked":"Sucker Punch","floor":5},{"not_picked":["Outmaneuver","Acrobatics"],"picked":"Adrenaline","floor":6},{"not_picked":["Underhanded Strike","Predator","Slice"],"picked":"SKIP","floor":10},{"not_picked":["Infinite Blades","Quick Slash"],"picked":"Poisoned Stab","floor":11},{"not_picked":["Sucker Punch","Predator"],"picked":"Dagger Spray","floor":12},{"not_picked":["Tactician","Caltrops"],"picked":"PiercingWail","floor":13},{"not_picked":["Eviscerate","Outmaneuver"],"picked":"Well Laid Plans","floor":14},{"not_picked":["Adrenaline","After Image"],"picked":"Glass Knife","floor":16},{"not_picked":["Flechettes","Predator"],"picked":"Bouncing Flask","floor":18},{"not_picked":["Tactician+1","Underhanded Strike+1"],"picked":"Calculated Gamble+1","floor":20},{"not_picked":["Acrobatics","Underhanded Strike"],"picked":"Bullet Time","floor":25},{"not_picked":["Well Laid Plans","All Out Attack"],"picked":"Backstab","floor":28},{"not_picked":["Underhanded Strike","Quick Slash"],"picked":"Dagger Spray+1","floor":29},{"not_picked":["Slice","Prepared+1"],"picked":"Blur","floor":30},{"not_picked":["Bullet Time","Die Die Die"],"picked":"Envenom","floor":33},{"not_picked":["Underhanded Strike+1"],"picked":"SKIP","floor":35},{"not_picked":[],"picked":"Backstab+1","floor":36},{"not_picked":[],"picked":"Finesse","floor":37},{"not_picked":[],"picked":"Quick Slash+1","floor":38},{"not_picked":["Heel Hook"],"picked":"SKIP","floor":39}],"player_experience":2745,"relics_obtained":[{"floor":4,"key":"Shuriken"},{"floor":6,"key":"Regal Pillow"},{"floor":9,"key":"PreservedInsect"},{"floor":14,"key":"Bottled Flame"},{"floor":25,"key":"Bronze Scales"},{"floor":26,"key":"Lantern"},{"floor":29,"key":"Blood Vial"}],"event_choices":[{"cards_removed":["Strike_G"],"damage_healed":0,"gold_gain":0,"player_choice":"Card Removal","damage_taken":0,"max_hp_gain":0,"max_hp_loss":0,"event_name":"The Cleric","floor":2,"gold_loss":50},{"damage_healed":0,"gold_gain":0,"player_choice":"Grow","damage_taken":0,"max_hp_gain":0,"max_hp_loss":0,"event_name":"Living Wall","floor":3,"gold_loss":0,"cards_upgraded":["Neutralize"]},{"damage_healed":0,"gold_gain":175,"player_choice":"AGREE","damage_taken":0,"max_hp_gain":0,"max_hp_loss":0,"event_name":"Liars Game","floor":8,"gold_loss":0,"cards_obtained":["Doubt"]},{"damage_healed":0,"gold_gain":0,"player_choice":"Cursed","damage_taken":0,"max_hp_gain":0,"max_hp_loss":0,"event_name":"Wheel of Change","floor":19,"gold_loss":0,"cards_obtained":["Decay"]},{"damage_healed":0,"gold_gain":0,"player_choice":"Read","damage_taken":0,"max_hp_gain":0,"max_hp_loss":0,"event_name":"The Library","floor":22,"gold_loss":0,"cards_obtained":["Poisoned Stab"]},{"damage_healed":0,"gold_gain":0,"player_choice":"Memory 1","damage_taken":0,"max_hp_gain":0,"max_hp_loss":0,"event_name":"SensoryStone","floor":37,"gold_loss":0}],"is_beta":true,"boss_relics":[{"not_picked":["Sozu","Eternal Feather"],"picked":"HoveringKite"},{"not_picked":["Velvet Choker","Orrery"],"picked":"Busted Crown"}],"items_purged_floors":[21,24],"is_endless":false,"potions_floor_spawned":[12,13,16,18,25,29,30,35],"killed_by":"Reptomancer","ascension_level":0}