{"gold_per_floor":[111,130,62,72,86,86,101,101,125,49,81,94,129,145,145,224,224,239,15,25,25],"floor_reached":21,"playtime":1460,"items_purged":["Regret"],"score":338,"play_id":"8e1e27d5-5922-4ca2-8b15-15b26e08a0a4","local_time":"20190509025025","is_ascension_mode":true,"campfire_choices":[{"data":"Uppercut","floor":6,"key":"SMITH"},{"floor":15,"key":"REST"}],"neow_cost":"NONE","seed_source_timestamp":377015169399531,"circlet_count":0,"master_deck":["AscendersBane","Strike_R","Strike_R","Strike_R","Strike_R","Defend_R","Defend_R","Defend_R","Defend_R","Bash","True Grit","Uppercut+1","Headbutt","Metallicize","Anger","Headbutt","Spot Weakness","Inflame","Rupture","Feed","Metallicize","Limit Break","Iron Wave","Dual Wield"],"relics":["Burning Blood","Bag of Marbles","Happy Flower","Pen Nib","Dodecahedron","Philosopher\u0027s Stone","Blood Vial"],"potions_floor_usage":[11,13,16,16,21],"damage_taken":[{"damage":0,"enemies":"Small Slimes","floor":1,"turns":3},{"damage":10,"enemies":"Cultist","floor":2,"turns":5},{"damage":0,"enemies":"Jaw Worm","floor":4,"turns":5},{"damage":23,"enemies":"Lots of Slimes","floor":5,"turns":5},{"damage":7,"enemies":"3 Louse","floor":7,"turns":4},{"damage":19,"enemies":"Gremlin Nob","floor":11,"turns":4},{"damage":10,"enemies":"Blue Slaver","floor":12,"turns":4},{"damage":9,"enemies":"3 Sentries","floor":13,"turns":4},{"damage":25,"enemies":"Exordium Thugs","floor":14,"turns":5},{"damage":5,"enemies":"Hexaghost","floor":16,"turns":6},{"damage":56,"enemies":"3 Byrds","floor":18,"turns":5},{"damage":26,"enemies":"Spheric Guardian","floor":20,"turns":5},{"damage":14,"enemies":"Snecko","floor":21,"turns":4}],"seed_played":"-1721888674225253527","potions_obtained":[{"floor":1,"key":"SkillPotion"},{"floor":7,"key":"Regen Potion"},{"floor":12,"key":"SpeedPotion"},{"floor":13,"key":"PowerPotion"},{"floor":20,"key":"Block Potion"}],"is_trial":false,"path_per_floor":["M","M","$","M","M","R","M","?","T","$","E","M","E","M","R","B",null,"M","$","M","M"],"character_chosen":"IRONCLAD","items_purchased":["Metallicize","Spot Weakness","Blood Vial"],"campfire_rested":1,"item_purchase_floors":[3,10,19],"current_hp_per_floor":[74,70,70,75,58,58,57,57,57,57,56,52,49,33,56,57,73,26,26,8,0],"gold":25,"neow_bonus":"TRANSFORM_CARD","is_prod":false,"is_daily":false,"chose_seed":false,"campfire_upgraded":1,"win_rate":0,"timestamp":1557384625,"path_taken":["M","M","$","M","M","R","M","?","T","$","E","M","E","M","R","BOSS","M","$","M","M"],"build_version":"2019-01-23","purchased_purges":1,"victory":false,"max_hp_per_floor":[75,75,75,75,75,75,75,75,75,75,75,75,75,78,78,78,78,81,81,81,81],"card_choices":[{"not_picked":["Body Slam","Hemokinesis"],"picked":"Uppercut","floor":1},{"not_picked":["Wild Strike","Body Slam"],"picked":"Headbutt","floor":2},{"not_picked":["Corruption","Carnage"],"picked":"Anger","floor":4},{"not_picked":["Flex","Power Through"],"picked":"Headbutt","floor":5},{"not_picked":["Entrench","Sword Boomerang","Havoc"],"picked":"SKIP","floor":7},{"not_picked":["Dropkick","Dual Wield"],"picked":"Inflame","floor":11},{"not_picked":["Anger","Clothesline"],"picked":"Rupture","floor":12},{"not_picked":["Body Slam","Clash"],"picked":"Feed","floor":13},{"not_picked":["Headbutt","Pommel Strike"],"picked":"Metallicize","floor":14},{"not_picked":["Double Tap","Dark Embrace"],"picked":"Limit Break","floor":16},{"not_picked":["Pommel Strike","Uppercut"],"picked":"Iron Wave","floor":18},{"not_picked":["Uppercut+1","True Grit"],"picked":"Dual Wield","floor":20}],"player_experience":450599,"relics_obtained":[{"floor":9,"key":"Happy Flower"},{"floor":11,"key":"Pen Nib"},{"floor":13,"key":"Dodecahedron"}],"event_choices":[{"damage_healed":0,"gold_gain":0,"player_choice":"Box","damage_taken":0,"relics_obtained":["Bag of Marbles"],"max_hp_gain":0,"max_hp_loss":0,"event_name":"Big Fish","floor":8,"gold_loss":0,"cards_obtained":["Regret"]}],"is_beta":false,"boss_relics":[{"not_picked":["Coffee Dripper","Lizard Tail"],"picked":"Philosopher\u0027s Stone"}],"items_purged_floors":[19],"is_endless":false,"potions_floor_spawned":[1,7,12,13,14,20],"killed_by":"Snecko","ascension_level":15}