{"gold_per_floor":[115,130,205,205,205,239,262,280,280,280,280,280,77,113,113,238,238,251,251,251,6,6,49,49,49,128,168,138],"floor_reached":28,"playtime":1295,"items_purged":[],"score":468,"play_id":"454188c6-2230-471d-8ec0-8329866ca776","local_time":"20181206233848","is_ascension_mode":true,"campfire_choices":[{"data":"Zap","floor":10,"key":"SMITH"},{"floor":12,"key":"REST"},{"data":"Seek","floor":15,"key":"SMITH"},{"floor":24,"key":"REST"}],"neow_cost":"NONE","seed_source_timestamp":342566665155726,"circlet_count":0,"master_deck":["Strike_B","Strike_B","Strike_B","Strike_B","Defend_B","Defend_B","Defend_B","Defend_B","Zap+1","Dualcast","Conserve Battery","Beam Cell","Reinforced Body","Hello World","Hologram","Seek+1","Cold Snap","Fission","Necronomicurse","Writhe","Loop","Sunder","Go for the Eyes","Clumsy","Recycle+1"],"relics":["Cracked Core","NeowsBlessing","Golden Idol","PreservedInsect","Oddly Smooth Stone","Pear","Cursed Key","Necronomicon","Dead Branch","Boot","Juzu Bracelet"],"potions_floor_usage":[14,16,23,23,23],"damage_taken":[{"damage":0,"enemies":"Cultist","floor":1,"turns":1},{"damage":0,"enemies":"Small Slimes","floor":2,"turns":1},{"damage":0,"enemies":"Lagavulin","floor":6,"turns":1},{"damage":0,"enemies":"2 Louse","floor":7,"turns":2},{"damage":16,"enemies":"Exordium Thugs","floor":8,"turns":5},{"damage":0,"enemies":"3 Sentries","floor":14,"turns":4},{"damage":0,"enemies":"The Guardian","floor":16,"turns":13},{"damage":11,"enemies":"Spheric Guardian","floor":18,"turns":4},{"damage":32,"enemies":"Slavers","floor":23,"turns":4},{"damage":27,"enemies":"Book of Stabbing","floor":27,"turns":5},{"damage":22,"enemies":"2 Thieves","floor":28,"turns":1}],"seed_played":"8703468358288894572","potions_obtained":[{"floor":2,"key":"Poison Potion"},{"floor":7,"key":"SteroidPotion"},{"floor":14,"key":"Fire Potion"}],"is_trial":false,"path_per_floor":["M","M","?","?","?","E","M","M","T","R","?","R","$","E","R","B",null,"M","?","?","$","?","E","R","$","T","E","M"],"character_chosen":"DEFECT","items_purchased":["Seek","AttackPotion","PowerPotion","AttackPotion","Loop","Sunder"],"campfire_rested":2,"item_purchase_floors":[13,13,21,21,21,21],"current_hp_per_floor":[68,68,57,57,50,50,50,34,34,34,34,56,56,66,66,66,80,69,53,53,53,53,21,46,46,46,19,0],"gold":138,"neow_bonus":"THREE_ENEMY_KILL","is_prod":false,"is_daily":false,"chose_seed":false,"campfire_upgraded":2,"win_rate":0,"timestamp":1544157528,"path_taken":["M","M","?","?","?","E","M","M","T","R","?","R","$","E","R","BOSS","M","?","?","$","?","E","R","$","T","E","M"],"build_version":"2018-12-06","purchased_purges":0,"victory":false,"max_hp_per_floor":[75,75,75,75,75,75,75,75,75,75,75,75,75,85,85,85,85,85,85,85,85,85,85,85,85,85,85,85],"card_choices":[{"not_picked":["Auto Shields","Sweeping Beam"],"picked":"Conserve Battery","floor":1},{"not_picked":["Auto Shields","Conserve Battery"],"picked":"Beam Cell","floor":2},{"not_picked":["Lockon","Conserve Battery"],"picked":"Reinforced Body","floor":6},{"not_picked":["Barrage","Streamline"],"picked":"Hello World","floor":7},{"not_picked":["Conserve Battery","Steam"],"picked":"Hologram","floor":8},{"not_picked":["Static Discharge","Steam"],"picked":"Cold Snap","floor":14},{"not_picked":["Biased Cognition","Hyperbeam"],"picked":"Fission","floor":16},{"not_picked":["Stack","Redo","Reprogram"],"picked":"SKIP","floor":18},{"not_picked":["Hologram","Coolheaded"],"picked":"Go for the Eyes","floor":23},{"not_picked":["Thunder Strike","Sweeping Beam+1"],"picked":"Recycle+1","floor":27}],"player_experience":189496,"relics_obtained":[{"floor":6,"key":"PreservedInsect"},{"floor":9,"key":"Oddly Smooth Stone"},{"floor":14,"key":"Pear"},{"floor":19,"key":"Necronomicon"},{"floor":23,"key":"Boot"},{"floor":27,"key":"Juzu Bracelet"}],"event_choices":[{"damage_healed":0,"gold_gain":75,"player_choice":"Gather Gold","damage_taken":11,"max_hp_gain":0,"max_hp_loss":0,"event_name":"World of Goop","floor":3,"gold_loss":0},{"damage_healed":0,"gold_gain":0,"player_choice":"Take Wound","damage_taken":0,"relics_obtained":["Golden Idol"],"max_hp_gain":0,"max_hp_loss":0,"event_name":"Golden Idol","floor":4,"gold_loss":0,"cards_obtained":["Injury"]},{"cards_removed":["Injury"],"damage_healed":0,"gold_gain":0,"player_choice":"Card Removal","damage_taken":7,"max_hp_gain":0,"max_hp_loss":0,"event_name":"Golden Wing","floor":5,"gold_loss":0},{"damage_healed":0,"gold_gain":0,"player_choice":"Ignored","damage_taken":0,"max_hp_gain":0,"max_hp_loss":0,"event_name":"Shining Light","floor":11,"gold_loss":0},{"damage_healed":0,"gold_gain":0,"player_choice":"Obtained Book","damage_taken":16,"max_hp_gain":0,"max_hp_loss":0,"event_name":"Cursed Tome","floor":19,"gold_loss":0},{"damage_healed":0,"gold_gain":0,"player_choice":"Opened","damage_taken":0,"relics_obtained":["Dead Branch"],"max_hp_gain":0,"max_hp_loss":0,"event_name":"The Mausoleum","floor":20,"gold_loss":0,"cards_obtained":["Writhe"]}],"is_beta":false,"boss_relics":[{"not_picked":["Eternal Feather","White Beast Statue"],"picked":"Cursed Key"}],"items_purged_floors":[],"is_endless":false,"potions_floor_spawned":[2,7,14],"killed_by":"2 Thieves","ascension_level":6}