{"gold_per_floor":[109,121,141,66,86,120,135,135,160,173,190,190,218,218,218,322,322,322,322,322,322,322,322,322,322,322,322,322,246,246,246,246,246,246,246,246,246,246,246,246,246,246,246,246,246,246,246,44,44,44],"floor_reached":51,"playtime":5576,"items_purged":["Strike_B"],"score":911,"play_id":"fda18537-5666-4ddd-95d5-00397d41e75c","local_time":"20190510220311","is_ascension_mode":true,"campfire_choices":[{"data":"Defragment","floor":8.0,"key":"SMITH"},{"data":"Core Surge","floor":12.0,"key":"SMITH"},{"floor":15.0,"key":"REST"},{"data":"Go for the Eyes","floor":23.0,"key":"SMITH"},{"floor":27.0,"key":"REST"},{"data":"Loop","floor":30.0,"key":"SMITH"},{"floor":32.0,"key":"REST"},{"floor":40,"key":"REST"},{"floor":42,"key":"REST"},{"floor":47,"key":"REST"},{"floor":49,"key":"REST"}],"neow_cost":"NONE","seed_source_timestamp":528076285013979,"circlet_count":0,"master_deck":["Strike_B","Strike_B","Strike_B","Defend_B","Defend_B","Defend_B+1","Defend_B+1","Zap+1","Dualcast","Capacitor","Sweeping Beam","Defragment+1","Core Surge+1","Cold Snap","Self Repair","BootSequence","Cold Snap","Machine Learning","All For One","Go for the Eyes+1","RitualDagger","Force Field+1","Hologram+1","Loop+1","Conserve Battery","Glacier","Redo","Echo Form","Chill+1","Cold Snap+1","Auto Shields+1","Parasite","Conserve Battery+1","All For One+1","White Noise","Steam Power+1","Compile Driver+1","Force Field+1"],"special_seed":0,"relics":["Cracked Core","Pen Nib","Potion Belt","Blood Vial","Ectoplasm","WingedGreaves","Molten Egg 2","Regal Pillow","Turnip","Bottled Lightning","Fusion Hammer","Art of War","Lantern","Emotion Chip","DollysMirror"],"potions_floor_usage":[38,50,50,50],"damage_taken":[{"damage":0.0,"enemies":"Small Slimes","floor":1.0,"turns":3.0},{"damage":5.0,"enemies":"2 Louse","floor":2.0,"turns":3.0},{"damage":1.0,"enemies":"Cultist","floor":3.0,"turns":3.0},{"damage":3.0,"enemies":"Blue Slaver","floor":5.0,"turns":4.0},{"damage":20.0,"enemies":"3 Sentries","floor":6.0,"turns":6.0},{"damage":15.0,"enemies":"Exordium Wildlife","floor":7.0,"turns":4.0},{"damage":11.0,"enemies":"3 Louse","floor":10.0,"turns":3.0},{"damage":2.0,"enemies":"Looter","floor":11.0,"turns":3.0},{"damage":27.0,"enemies":"Lagavulin","floor":13.0,"turns":5.0},{"damage":12.0,"enemies":"Slime Boss","floor":16.0,"turns":10.0},{"damage":3.0,"enemies":"Shell Parasite","floor":18.0,"turns":6.0},{"damage":18.0,"enemies":"3 Byrds","floor":20.0,"turns":5.0},{"damage":12.0,"enemies":"Colosseum Slavers","floor":22.0,"turns":5.0},{"damage":23.0,"enemies":"Colosseum Nobs","floor":22.0,"turns":5.0},{"damage":3.0,"enemies":"Snecko","floor":24.0,"turns":8.0},{"damage":13.0,"enemies":"Book of Stabbing","floor":25.0,"turns":5.0},{"damage":59.0,"enemies":"Gremlin Leader","floor":28.0,"turns":10.0},{"damage":0.0,"enemies":"Cultist and Chosen","floor":31.0,"turns":6.0},{"damage":36,"enemies":"Collector","floor":33,"turns":18},{"damage":7,"enemies":"Orb Walker","floor":35,"turns":5},{"damage":0,"enemies":"3 Shapes","floor":36,"turns":7},{"damage":19,"enemies":"Jaw Worm Horde","floor":38,"turns":6},{"damage":4,"enemies":"Writhing Mass","floor":39,"turns":9},{"damage":16,"enemies":"Nemesis","floor":41,"turns":19},{"damage":65,"enemies":"Giant Head","floor":44,"turns":12},{"damage":0,"enemies":"Sphere and 2 Shapes","floor":45,"turns":11},{"damage":26,"enemies":"Transient","floor":46,"turns":5},{"damage":6,"enemies":"Donu and Deca","floor":50,"turns":15}],"seed_played":"-1408864645488715895","potions_obtained":[{"floor":3.0,"key":"Fire Potion"},{"floor":5.0,"key":"Fruit Juice"},{"floor":6.0,"key":"SneckoOil"},{"floor":11.0,"key":"Strength Potion"},{"floor":13.0,"key":"Weak Potion"},{"floor":18.0,"key":"Ancient Potion"},{"floor":22.0,"key":"Weak Potion"},{"floor":24.0,"key":"LiquidBronze"},{"floor":31.0,"key":"Dexterity Potion"},{"floor":36,"key":"Swift Potion"},{"floor":38,"key":"FocusPotion"},{"floor":44,"key":"SpeedPotion"}],"is_trial":false,"path_per_floor":["M","M","M","$","M","E","M","R","T","M","M","R","E","?","R","B",null,"M","$","M","?","?","R","M","E","T","R","E","$","R","M","R","B",null,"M","M","?","M","M","R","E","R","T","E","M","M","R","$","R","B",null],"character_chosen":"DEFECT","items_purchased":["Glacier","DollysMirror"],"campfire_rested":7,"item_purchase_floors":[29,48],"current_hp_per_floor":[75,70,69,69,71,51,36,36,36,32,37,37,17,1,25,22,66,72,72,63,57,40,40,46,35,35,74,24,24,24,33,72,45,71,66,80,80,68,73,80,71,80,80,29,45,28,67,67,80,80],"gold":44,"neow_bonus":"UPGRADE_CARD","is_prod":false,"is_daily":false,"chose_seed":false,"campfire_upgraded":4,"win_rate":0,"timestamp":1557540191,"path_taken":["M","M","M","$","M","E","M","R","T","M","M","R","E","?","R","BOSS","M","$","M","?","?","R","M","E","T","R","E","$","R","M","R","BOSS","M","M","?","M","?","R","E","R","T","E","M","M","R","$","R","BOSS"],"build_version":"2019-01-23","purchased_purges":1,"victory":true,"max_hp_per_floor":[75,75,75,75,80,80,80,80,80,80,80,80,80,80,80,80,80,80,80,80,80,80,80,80,80,80,80,80,80,80,80,80,80,80,80,80,80,80,80,80,80,80,80,80,80,80,80,80,80,80],"card_choices":[{"not_picked":["Streamline","Tempest"],"picked":"Capacitor","floor":1.0},{"not_picked":["Steam","Storm"],"picked":"Sweeping Beam","floor":2.0},{"not_picked":["Hello World","Cold Snap"],"picked":"Defragment","floor":3.0},{"not_picked":["Steam","Ball Lightning"],"picked":"Core Surge","floor":5.0},{"not_picked":["Barrage","Stack"],"picked":"Cold Snap","floor":6.0},{"not_picked":["Reprogram","Leap"],"picked":"Self Repair","floor":7.0},{"not_picked":["Self Repair","Ball Lightning"],"picked":"BootSequence","floor":10.0},{"not_picked":["Coolheaded","Melter"],"picked":"Cold Snap","floor":11.0},{"not_picked":["Rebound","Beam Cell"],"picked":"Machine Learning","floor":13.0},{"not_picked":["Meteor Strike","Biased Cognition"],"picked":"All For One","floor":16.0},{"not_picked":["Cold Snap","Rip and Tear"],"picked":"Go for the Eyes","floor":18.0},{"not_picked":["Stack","Steam","Rebound"],"picked":"SKIP","floor":20.0},{"not_picked":["Go for the Eyes","Sunder"],"picked":"Force Field+1","floor":22.0},{"not_picked":["Storm","Heatsinks+1"],"picked":"Hologram+1","floor":24.0},{"not_picked":["Gash+1","Doom and Gloom+1"],"picked":"Loop","floor":25.0},{"not_picked":["Skim","Steam"],"picked":"Conserve Battery","floor":28.0},{"not_picked":["Self Repair","Turbo"],"picked":"Redo","floor":31.0},{"not_picked":["Hyperbeam+1","Multi-Cast"],"picked":"Echo Form","floor":33},{"not_picked":["Genetic Algorithm+1","Blizzard+1"],"picked":"Chill+1","floor":35},{"not_picked":["Turbo","Rebound+1"],"picked":"Cold Snap+1","floor":36},{"not_picked":["Streamline+1","Double Energy"],"picked":"Auto Shields+1","floor":38},{"not_picked":["Consume","Leap+1"],"picked":"Conserve Battery+1","floor":39},{"not_picked":["Hologram+1","Steam Power"],"picked":"All For One+1","floor":41},{"not_picked":["Static Discharge+1","Reinforced Body"],"picked":"White Noise","floor":44},{"not_picked":["Conserve Battery","Coolheaded"],"picked":"Steam Power+1","floor":45},{"not_picked":["Redo","Coolheaded"],"picked":"Compile Driver+1","floor":46}],"player_experience":517708,"relics_obtained":[{"floor":6.0,"key":"Pen Nib"},{"floor":9.0,"key":"Potion Belt"},{"floor":13.0,"key":"Blood Vial"},{"floor":22.0,"key":"WingedGreaves"},{"floor":22.0,"key":"Molten Egg 2"},{"floor":25.0,"key":"Regal Pillow"},{"floor":26.0,"key":"Turnip"},{"floor":28.0,"key":"Bottled Lightning"},{"floor":41,"key":"Art of War"},{"floor":43,"key":"Lantern"},{"floor":44,"key":"Emotion Chip"}],"event_choices":[{"damage_healed":0.0,"max_hp_gain":0.0,"max_hp_loss":0.0,"gold_gain":0.0,"event_name":"Shining Light","player_choice":"Entered Light","floor":14.0,"gold_loss":0.0,"damage_taken":16.0,"cards_upgraded":["Defend_B","Defend_B"]},{"damage_healed":0.0,"max_hp_gain":0.0,"max_hp_loss":0.0,"gold_gain":0.0,"event_name":"Nest","player_choice":"Joined the Cult","floor":21.0,"gold_loss":0.0,"damage_taken":6.0,"cards_obtained":["RitualDagger"]},{"damage_healed":0.0,"max_hp_gain":0.0,"max_hp_loss":0.0,"gold_gain":0.0,"event_name":"Colosseum","player_choice":"Fight","floor":22.0,"gold_loss":0.0,"damage_taken":0.0},{"damage_healed":0.0,"max_hp_gain":0.0,"max_hp_loss":0.0,"gold_gain":0.0,"event_name":"Colosseum","player_choice":"Fought Nobs","floor":22.0,"gold_loss":0.0,"damage_taken":0.0},{"damage_healed":0,"gold_gain":0,"player_choice":"Ignored","damage_taken":0,"max_hp_gain":0,"max_hp_loss":0,"event_name":"SecretPortal","floor":37,"gold_loss":0}],"is_beta":false,"boss_relics":[{"not_picked":["Runic Dome","Orrery"],"picked":"Ectoplasm"},{"not_picked":["Lizard Tail","Empty Cage"],"picked":"Fusion Hammer"}],"items_purged_floors":[4],"is_endless":false,"potions_floor_spawned":[3,5,6,11,13,18,22,24,31,36,38,44],"ascension_level":5}