{"gold_per_floor":[217,233,233,250,250,250,279,295,295,295,309,93,104,138,138,214,214,225,225,225,225,225,225,125,151,151,164,164,183,183,214,214,286,286,302,18,0,14,14,47,47,80,80,113,113,124,142,142,142,142,142,142,91,120,120],"floor_reached":56,"playtime":4271,"items_purged":["Strike_R","Sever Soul","Strike_R"],"score":2286,"play_id":"150ed140-9057-419f-825f-d029543716b8","local_time":"20190526182903","is_ascension_mode":true,"campfire_choices":[{"data":"Bash","floor":6,"key":"SMITH"},{"data":"True Grit","floor":15,"key":"SMITH"},{"data":"Corruption","floor":23,"key":"SMITH"},{"floor":28,"key":"REST"},{"floor":30,"key":"REST"},{"data":"Dark Embrace","floor":32,"key":"SMITH"},{"floor":45,"key":"RECALL"},{"data":"Offering","floor":49,"key":"SMITH"},{"data":"Dual Wield","floor":52,"key":"SMITH"}],"neow_cost":"NONE","seed_source_timestamp":578760172993480,"circlet_count":0,"master_deck":["AscendersBane","Strike_R","Defend_R","Defend_R","Defend_R","Defend_R","Bash+1","Headbutt","Clothesline","True Grit+1","Anger","Whirlwind","Spot Weakness","Dark Embrace+1","Corruption+1","Armaments","Offering","Dual Wield+1","Exhume","Doubt","Ghostly Armor+1","Reaper+1","Clumsy","Decay","Decay","Offering+1","Shrug It Off","Heavy Blade+1","Flash of Steel+1","Shrug It Off"],"relics":["Burning Blood","Dodecahedron","FossilizedHelix","Blue Candle","Torii","Cursed Key","Nilry\u0027s Codex","Molten Egg 2","Sundial","Potion Belt","Calling Bell","Dream Catcher","Ornamental Fan","Du-Vu Doll","Red Mask","Oddly Smooth Stone","Meat on the Bone","Bottled Lightning","Strawberry"],"potions_floor_usage":[7,14,25,27,44,55,55,55,55],"damage_taken":[{"damage":9,"enemies":"Jaw Worm","floor":1,"turns":4},{"damage":0,"enemies":"Small Slimes","floor":2,"turns":3},{"damage":0,"enemies":"Cultist","floor":4,"turns":3},{"damage":42,"enemies":"3 Sentries","floor":7,"turns":9},{"damage":0,"enemies":"Looter","floor":8,"turns":3},{"damage":0,"enemies":"2 Fungi Beasts","floor":11,"turns":2},{"damage":2,"enemies":"Blue Slaver","floor":13,"turns":4},{"damage":20,"enemies":"Lagavulin","floor":14,"turns":7},{"damage":18,"enemies":"Hexaghost","floor":16,"turns":9},{"damage":7,"enemies":"3 Byrds","floor":18,"turns":3},{"damage":8,"enemies":"Gremlin Leader","floor":25,"turns":5},{"damage":30,"enemies":"2 Thieves","floor":27,"turns":3},{"damage":11,"enemies":"Snecko","floor":29,"turns":5},{"damage":6,"enemies":"Book of Stabbing","floor":31,"turns":3},{"damage":43,"enemies":"Champ","floor":33,"turns":16},{"damage":3,"enemies":"3 Shapes","floor":35,"turns":7},{"damage":42,"enemies":"3 Darklings","floor":38,"turns":5},{"damage":12,"enemies":"Giant Head","floor":40,"turns":5},{"damage":10,"enemies":"Nemesis","floor":42,"turns":3},{"damage":47,"enemies":"Reptomancer","floor":44,"turns":6},{"damage":15,"enemies":"Sphere and 2 Shapes","floor":46,"turns":1},{"damage":0,"enemies":"Writhing Mass","floor":47,"turns":3},{"damage":77,"enemies":"Awakened One","floor":50,"turns":8},{"damage":9,"enemies":"Shield and Spear","floor":54,"turns":1},{"damage":49,"enemies":"The Heart","floor":55,"turns":7}],"seed_played":"-8791322539809598821","potions_obtained":[{"floor":1,"key":"LiquidBronze"},{"floor":7,"key":"AttackPotion"},{"floor":11,"key":"LiquidBronze"},{"floor":14,"key":"Energy Potion"},{"floor":18,"key":"Fire Potion"},{"floor":25,"key":"Weak Potion"},{"floor":27,"key":"SteroidPotion"},{"floor":33,"key":"LiquidBronze"},{"floor":40,"key":"SteroidPotion"},{"floor":42,"key":"PowerPotion"}],"is_trial":false,"path_per_floor":["M","M","?","M","T","R","E","M","T","?","M","$","M","E","R","B",null,"M","?","?","$","?","R","$","E","T","M","R","M","R","E","R","B",null,"M","$","?","M","$","E","T","E","T","E","R","M","M","?","R","B",null,"R","$","E","B",null],"character_chosen":"IRONCLAD","items_purchased":["Dark Embrace","Offering","Shrug It Off","PowerPotion"],"campfire_rested":2,"item_purchase_floors":[12,36,36,53],"current_hp_per_floor":[65,71,53,59,59,59,23,29,29,29,35,35,39,25,25,13,60,59,59,59,59,38,38,38,36,36,12,34,29,51,51,51,14,60,75,75,75,75,75,75,75,75,75,75,75,75,75,75,75,73,75,75,75,82,48],"gold":120,"neow_bonus":"HUNDRED_GOLD","is_prod":false,"is_daily":false,"chose_seed":false,"campfire_upgraded":6,"win_rate":0,"timestamp":1558909743,"path_taken":["M","M","?","M","?","R","E","M","T","?","M","?","M","E","R","BOSS","M","?","?","$","?","R","?","E","T","M","R","?","R","E","R","BOSS","M","$","?","M","$","E","?","E","T","E","R","?","M","?","R","BOSS","R","$","E","BOSS"],"build_version":"2019-01-23","purchased_purges":3,"victory":true,"max_hp_per_floor":[75,75,75,75,75,75,75,75,75,75,75,75,75,75,75,75,75,75,75,75,75,75,75,75,75,75,75,75,75,75,75,75,75,75,75,75,75,75,75,75,75,75,75,75,75,75,75,75,75,75,75,75,75,82,82],"card_choices":[{"not_picked":["Shockwave","Pommel Strike"],"picked":"Headbutt","floor":1},{"not_picked":["Perfected Strike","Twin Strike"],"picked":"Clothesline","floor":2},{"not_picked":["Cleave","Rage"],"picked":"True Grit","floor":4},{"not_picked":["Hemokinesis","Ghostly Armor"],"picked":"Anger","floor":7},{"not_picked":["Blood for Blood","Burning Pact"],"picked":"Whirlwind","floor":8},{"not_picked":["Seeing Red","Havoc"],"picked":"Spot Weakness","floor":11},{"not_picked":["Perfected Strike","Iron Wave"],"picked":"Corruption","floor":13},{"not_picked":["Ghostly Armor","Twin Strike"],"picked":"Armaments","floor":14},{"not_picked":["Brutality","Feed"],"picked":"Offering","floor":16},{"not_picked":["Clash+1","Thunderclap","Bloodletting+1"],"picked":"SKIP","floor":18},{"not_picked":["Second Wind","Battle Trance"],"picked":"Exhume","floor":25},{"not_picked":["Warcry","Clothesline+1","Clash+1"],"picked":"SKIP","floor":27},{"not_picked":["Rupture","Heavy Blade+1","Sword Boomerang+1"],"picked":"SKIP","floor":29},{"not_picked":["Wild Strike+1","Berserk"],"picked":"Ghostly Armor+1","floor":31},{"not_picked":["Dark Embrace","Limit Break"],"picked":"Reaper+1","floor":33},{"not_picked":["Infernal Blade+1","Wild Strike+1","Sentinel"],"picked":"SKIP","floor":35},{"not_picked":["Clothesline+1","Sword Boomerang+1","Body Slam+1"],"picked":"SKIP","floor":38},{"not_picked":["Armaments+1","Havoc","Evolve+1"],"picked":"SKIP","floor":40},{"not_picked":["Pommel Strike+1","Brutality","Perfected Strike+1"],"picked":"SKIP","floor":42},{"not_picked":["Uppercut+1","Hemokinesis+1"],"picked":"Heavy Blade+1","floor":44},{"not_picked":["Metallicize","Twin Strike+1","Heavy Blade+1"],"picked":"SKIP","floor":46},{"not_picked":["True Grit","Evolve","Carnage+1"],"picked":"SKIP","floor":47},{"not_picked":["Panache","Dramatic Entrance+1"],"picked":"Flash of Steel+1","floor":48},{"not_picked":["Ghostly Armor","Clash+1"],"picked":"Shrug It Off","floor":54}],"player_experience":1346906,"relics_obtained":[{"floor":7,"key":"FossilizedHelix"},{"floor":9,"key":"Blue Candle"},{"floor":14,"key":"Torii"},{"floor":22,"key":"Nilry\u0027s Codex"},{"floor":25,"key":"Molten Egg 2"},{"floor":26,"key":"Sundial"},{"floor":31,"key":"Potion Belt"},{"floor":34,"key":"Dream Catcher"},{"floor":34,"key":"Ornamental Fan"},{"floor":34,"key":"Du-Vu Doll"},{"floor":40,"key":"Oddly Smooth Stone"},{"floor":42,"key":"Meat on the Bone"},{"floor":44,"key":"Bottled Lightning"},{"floor":54,"key":"Strawberry"}],"event_choices":[{"damage_healed":0,"gold_gain":0,"player_choice":"Success","damage_taken":18,"relics_obtained":["Dodecahedron"],"max_hp_gain":0,"max_hp_loss":0,"event_name":"Scrap Ooze","floor":3,"gold_loss":0},{"damage_healed":0,"gold_gain":0,"player_choice":"Ignored","damage_taken":0,"max_hp_gain":0,"max_hp_loss":0,"event_name":"Liars Game","floor":10,"gold_loss":0},{"damage_healed":0,"gold_gain":0,"cards_transformed":["Strike_R","Strike_R"],"player_choice":"Became Test Subject","damage_taken":0,"max_hp_gain":0,"max_hp_loss":0,"event_name":"Drug Dealer","floor":19,"gold_loss":0,"cards_obtained":["Dual Wield","Sever Soul"]},{"damage_healed":0,"gold_gain":0,"player_choice":"Ignored","damage_taken":0,"max_hp_gain":0,"max_hp_loss":0,"event_name":"Ghosts","floor":20,"gold_loss":0},{"damage_healed":0,"gold_gain":0,"player_choice":"Obtained Book","damage_taken":21,"max_hp_gain":0,"max_hp_loss":0,"event_name":"Cursed Tome","floor":22,"gold_loss":0},{"damage_healed":0,"gold_gain":0,"player_choice":"Paid","damage_taken":0,"relics_obtained":["Red Mask"],"max_hp_gain":0,"max_hp_loss":0,"event_name":"Tomb of Lord Red Mask","floor":37,"gold_loss":18},{"damage_healed":0,"gold_gain":0,"player_choice":"Memory 1","damage_taken":0,"max_hp_gain":0,"max_hp_loss":0,"event_name":"SensoryStone","floor":48,"gold_loss":0}],"is_beta":false,"boss_relics":[{"not_picked":["Runic Dome","Fusion Hammer"],"picked":"Cursed Key"},{"not_picked":["Runic Cube","Pandora\u0027s Box"],"picked":"Calling Bell"}],"items_purged_floors":[12,24,36],"is_endless":false,"potions_floor_spawned":[1,7,11,14,18,25,27,33,40,42,54],"ascension_level":15}