{"gold_per_floor":[20,32,32,42,60,60,74,106,133,167,167,167,200,36,36,109,109,93,66,66,79,90,125,144,144,170,70,102,152,170,201,201,272,272,284,284,296,196,212,212,238,238,286,331,331,331,351,381,381,381,381,381,93,124,124],"floor_reached":56,"playtime":3114,"items_purged":["Strike_R","Strike_R+1","Strike_R+1","Strike_R+1"],"score":2045,"play_id":"830d4e85-2354-44fe-b430-256d047e7850","local_time":"20190521151026","is_ascension_mode":true,"campfire_choices":[{"data":"Uppercut","floor":6,"key":"SMITH"},{"data":"Demon Form","floor":11,"key":"SMITH"},{"data":"Feel No Pain","floor":15,"key":"SMITH"},{"data":"Shockwave","floor":25,"key":"SMITH"},{"data":"True Grit","floor":32,"key":"SMITH"},{"data":"Heavy Blade","floor":40,"key":"SMITH"},{"floor":45,"key":"RECALL"},{"data":"Flame Barrier","floor":49,"key":"SMITH"},{"data":"Master of Strategy","floor":52,"key":"SMITH"}],"neow_cost":"NO_GOLD","seed_source_timestamp":136020555433299,"circlet_count":0,"master_deck":["AscendersBane","Strike_R+1","Defend_R+1","Defend_R+1","Defend_R+1","Defend_R+1","Bash","Heavy Blade+1","Uppercut+1","Demon Form+1","Armaments+1","Sword Boomerang","Feed","Feel No Pain+1","Shrug It Off","Reaper","True Grit+1","Shockwave+1","Dark Embrace","Master of Strategy+1","Flame Barrier+1","Feel No Pain","True Grit"],"relics":["Burning Blood","Magic Flower","War Paint","Oddly Smooth Stone","Red Skull","Boot","Busted Crown","Omamori","Lantern","The Courier","Snecko Eye","Smiling Mask","Regal Pillow","Du-Vu Doll","GremlinMask","Gremlin Horn","OrangePellets","Bag of Preparation"],"potions_floor_usage":[10,44,55,55],"damage_taken":[{"damage":11,"enemies":"2 Louse","floor":1,"turns":3},{"damage":1,"enemies":"Cultist","floor":2,"turns":4},{"damage":7,"enemies":"Small Slimes","floor":4,"turns":4},{"damage":17,"enemies":"Blue Slaver","floor":5,"turns":4},{"damage":9,"enemies":"Exordium Wildlife","floor":7,"turns":3},{"damage":12,"enemies":"Lagavulin","floor":8,"turns":7},{"damage":30,"enemies":"3 Sentries","floor":10,"turns":7},{"damage":8,"enemies":"Lagavulin","floor":13,"turns":5},{"damage":13,"enemies":"The Guardian","floor":16,"turns":8},{"damage":20,"enemies":"2 Thieves","floor":18,"turns":4},{"damage":16,"enemies":"3 Byrds","floor":21,"turns":6},{"damage":7,"enemies":"Sentry and Sphere","floor":22,"turns":4},{"damage":30,"enemies":"Book of Stabbing","floor":23,"turns":5},{"damage":4,"enemies":"Centurion and Healer","floor":24,"turns":6},{"damage":44,"enemies":"Slavers","floor":28,"turns":8},{"damage":11,"enemies":"Snake Plant","floor":30,"turns":4},{"damage":60,"enemies":"Gremlin Leader","floor":31,"turns":8},{"damage":56,"enemies":"Champ","floor":33,"turns":11},{"damage":9,"enemies":"Orb Walker","floor":35,"turns":4},{"damage":27,"enemies":"3 Darklings","floor":37,"turns":5},{"damage":46,"enemies":"Spire Growth","floor":39,"turns":5},{"damage":30,"enemies":"Reptomancer","floor":41,"turns":7},{"damage":47,"enemies":"2 Orb Walkers","floor":44,"turns":7},{"damage":28,"enemies":"Transient","floor":47,"turns":5},{"damage":49,"enemies":"Nemesis","floor":48,"turns":9},{"damage":68,"enemies":"Time Eater","floor":50,"turns":12},{"damage":82,"enemies":"Shield and Spear","floor":54,"turns":10},{"damage":10,"enemies":"The Heart","floor":55,"turns":10}],"seed_played":"-2626953115298781875","potions_obtained":[{"floor":2,"key":"Fire Potion"},{"floor":5,"key":"FearPotion"},{"floor":7,"key":"PowerPotion"},{"floor":13,"key":"EssenceOfSteel"},{"floor":48,"key":"Dexterity Potion"}],"is_trial":false,"path_per_floor":["M","M","?","M","M","R","M","E","T","E","R","?","E","$","R","B",null,"M","$","?","M","M","E","M","R","T","$","E","?","M","E","R","B",null,"M","?","M","$","M","R","E","?","T","?","R","?","M","E","R","B",null,"R","$","E","B",null],"character_chosen":"IRONCLAD","items_purchased":["Feel No Pain","Shrug It Off","True Grit","Feel No Pain","True Grit","OrangePellets"],"campfire_rested":0,"item_purchase_floors":[14,14,19,53,53,53],"current_hp_per_floor":[66,74,74,75,67,67,67,64,64,43,43,32,39,39,39,40,72,85,85,85,88,91,70,94,94,94,94,97,97,97,97,97,86,94,97,87,100,100,97,97,82,82,82,80,80,80,94,110,110,110,110,110,110,60,98],"gold":124,"neow_bonus":"ONE_RARE_RELIC","is_prod":false,"is_daily":false,"chose_seed":false,"campfire_upgraded":8,"win_rate":0,"timestamp":1558465826,"path_taken":["M","M","?","M","M","R","?","E","T","E","R","?","E","$","R","BOSS","M","?","?","M","M","E","M","R","T","?","E","?","?","E","R","BOSS","M","?","M","$","M","R","E","?","T","?","R","?","?","E","R","BOSS","R","$","E","BOSS"],"build_version":"2019-01-23","purchased_purges":4,"victory":true,"max_hp_per_floor":[75,75,75,75,75,75,75,75,75,75,75,75,79,79,79,82,82,85,85,85,88,91,91,94,94,94,94,97,97,97,97,97,97,97,97,97,100,100,103,103,103,103,103,107,107,107,107,110,110,110,110,110,110,110,114],"card_choices":[{"not_picked":["Intimidate","Flex"],"picked":"Heavy Blade","floor":1},{"not_picked":["Sever Soul","Seeing Red"],"picked":"Uppercut","floor":2},{"not_picked":["Pummel","True Grit","Rampage"],"picked":"SKIP","floor":4},{"not_picked":["Burning Pact","Thunderclap"],"picked":"Armaments","floor":5},{"not_picked":["Iron Wave","Pummel"],"picked":"Sword Boomerang","floor":7},{"not_picked":["Cleave","Spot Weakness","Searing Blow"],"picked":"SKIP","floor":8},{"not_picked":["Flex","True Grit"],"picked":"Feed","floor":10},{"not_picked":["Warcry","Perfected Strike","Hemokinesis"],"picked":"SKIP","floor":13},{"not_picked":["Fiend Fire","Impervious"],"picked":"Reaper","floor":16},{"not_picked":["Pommel Strike"],"picked":"SKIP","floor":18},{"not_picked":[],"picked":"Shockwave","floor":21},{"not_picked":["Wild Strike"],"picked":"SKIP","floor":22},{"not_picked":["Wild Strike"],"picked":"SKIP","floor":22},{"not_picked":["Clash"],"picked":"SKIP","floor":23},{"not_picked":["Second Wind"],"picked":"SKIP","floor":24},{"not_picked":["Rampage"],"picked":"SKIP","floor":28},{"not_picked":["Thunderclap"],"picked":"SKIP","floor":30},{"not_picked":["Pommel Strike"],"picked":"SKIP","floor":31},{"not_picked":[],"picked":"Dark Embrace","floor":33},{"not_picked":["Inflame"],"picked":"SKIP","floor":35},{"not_picked":[],"picked":"Master of Strategy","floor":36},{"not_picked":[],"picked":"Flame Barrier","floor":37},{"not_picked":["Pommel Strike"],"picked":"SKIP","floor":39},{"not_picked":["Havoc"],"picked":"SKIP","floor":41},{"not_picked":["Fire Breathing"],"picked":"SKIP","floor":47},{"not_picked":["Perfected Strike"],"picked":"SKIP","floor":48},{"not_picked":["Second Wind"],"picked":"SKIP","floor":54}],"player_experience":1274319,"relics_obtained":[{"floor":8,"key":"War Paint"},{"floor":9,"key":"Oddly Smooth Stone"},{"floor":10,"key":"Red Skull"},{"floor":13,"key":"Boot"},{"floor":23,"key":"Omamori"},{"floor":28,"key":"Lantern"},{"floor":31,"key":"The Courier"},{"floor":41,"key":"Smiling Mask"},{"floor":43,"key":"Regal Pillow"},{"floor":44,"key":"Du-Vu Doll"},{"floor":48,"key":"Gremlin Horn"},{"floor":54,"key":"Bag of Preparation"}],"event_choices":[{"damage_healed":0,"gold_gain":0,"player_choice":"1 cards matched","damage_taken":0,"max_hp_gain":0,"max_hp_loss":0,"event_name":"Match and Keep!","floor":3,"gold_loss":0,"cards_obtained":["Demon Form"]},{"damage_healed":0,"gold_gain":0,"player_choice":"Damaged","damage_taken":11,"max_hp_gain":0,"max_hp_loss":0,"event_name":"Wheel of Change","floor":12,"gold_loss":0},{"damage_healed":0,"gold_gain":0,"player_choice":"Simplicity","damage_taken":0,"max_hp_gain":0,"max_hp_loss":0,"event_name":"Back to Basics","floor":20,"gold_loss":0,"cards_upgraded":["Strike_R","Strike_R","Strike_R","Strike_R","Defend_R","Defend_R","Defend_R"]},{"damage_healed":0,"gold_gain":50,"player_choice":"Stole From Cult","damage_taken":0,"max_hp_gain":0,"max_hp_loss":0,"event_name":"Nest","floor":29,"gold_loss":0},{"damage_healed":0,"gold_gain":0,"player_choice":"Memory 3","damage_taken":10,"max_hp_gain":0,"max_hp_loss":0,"event_name":"SensoryStone","floor":36,"gold_loss":0},{"damage_healed":0,"gold_gain":0,"player_choice":"Ignored","damage_taken":0,"max_hp_gain":0,"max_hp_loss":0,"event_name":"Tomb of Lord Red Mask","floor":42,"gold_loss":0},{"damage_healed":0,"gold_gain":0,"player_choice":"Fight","damage_taken":0,"max_hp_gain":0,"max_hp_loss":0,"event_name":"Mysterious Sphere","floor":44,"gold_loss":0},{"damage_healed":0,"gold_gain":0,"player_choice":"Trade","damage_taken":0,"relics_obtained":["GremlinMask"],"max_hp_gain":0,"max_hp_loss":0,"event_name":"FaceTrader","floor":46,"gold_loss":0}],"is_beta":false,"boss_relics":[{"not_picked":["White Beast Statue","Lizard Tail"],"picked":"Busted Crown"},{"not_picked":["Sozu","Orrery"],"picked":"Snecko Eye"}],"items_purged_floors":[14,27,38,53],"is_endless":false,"potions_floor_spawned":[2,5,7,13,21,23,28,35,37,48,54],"ascension_level":15}