{"gold_per_floor":[112,287,305,325,325,354,354,387,387,387,403,417,431,55,55,156,156,167,67,97,108,33,66,66,98,98,98,108,37,51,67,67,169,169,180,180,8,21,40,40,59,59,59,70,85,85,104,117,117,117],"floor_reached":51,"playtime":7698,"items_purged":["Doubt","Strike_B","Defend_B"],"score":678,"play_id":"f6b0c2cf-4061-4c6f-ba98-d2be25c5ee6f","local_time":"20190408211414","is_ascension_mode":false,"campfire_choices":[{"data":"Static Discharge","floor":7,"key":"SMITH"},{"data":"Hello World","floor":10,"key":"SMITH"},{"data":"Electrodynamics","floor":15,"key":"SMITH"},{"data":"Fission","floor":24,"key":"SMITH"},{"data":"Machine Learning","floor":27,"key":"SMITH"},{"floor":32,"key":"REST"},{"data":"Fission","floor":40,"key":"SMITH"},{"data":"Storm","floor":42,"key":"SMITH"},{"floor":49,"key":"REST"}],"neow_cost":"NONE","seed_source_timestamp":2959999658569655,"circlet_count":0,"master_deck":["Strike_B","Strike_B","Defend_B+1","Defend_B+1","Zap","Dualcast","Static Discharge+1","Cold Snap","Coolheaded","Hello World+1","Conserve Battery","Electrodynamics+1","Cold Snap","Redo","Creative AI","Compile Driver","Aggregate","Reprogram","Leap","Machine Learning+1","White Noise","Leap","Darkness+1","Fission+1","Reinforced Body+1","Loop+1","Storm+1","Stack","Chill+1","Fission+1","Iron Wave","Leap","Coolheaded+1","Coolheaded+1","Go for the Eyes+1","Hello World+1","Chrysalis","Auto Shields+1"],"relics":["Cracked Core","War Paint","Mercury Hourglass","Centennial Puzzle","Anchor","Torii","Orrery","Red Mask","Lantern","Calipers","Ornamental Fan","Busted Crown","Question Card"],"potions_floor_usage":[16,16,20,28,33,50,50,50],"damage_taken":[{"damage":5,"enemies":"2 Louse","floor":1,"turns":3},{"damage":12,"enemies":"Small Slimes","floor":3,"turns":4},{"damage":0,"enemies":"Cultist","floor":4,"turns":4},{"damage":10,"enemies":"3 Sentries","floor":6,"turns":8},{"damage":21,"enemies":"Gremlin Nob","floor":8,"turns":4},{"damage":1,"enemies":"Looter","floor":11,"turns":3},{"damage":0,"enemies":"Large Slime","floor":12,"turns":6},{"damage":0,"enemies":"2 Fungi Beasts","floor":13,"turns":3},{"damage":28,"enemies":"Slime Boss","floor":16,"turns":7},{"damage":20,"enemies":"3 Byrds","floor":18,"turns":5},{"damage":1,"enemies":"Masked Bandits","floor":20,"turns":2},{"damage":0,"enemies":"Chosen","floor":21,"turns":6},{"damage":8,"enemies":"Gremlin Leader","floor":23,"turns":5},{"damage":8,"enemies":"Book of Stabbing","floor":25,"turns":6},{"damage":16,"enemies":"3 Cultists","floor":28,"turns":4},{"damage":8,"enemies":"Snecko","floor":30,"turns":2},{"damage":15,"enemies":"Snake Plant","floor":31,"turns":5},{"damage":28,"enemies":"Collector","floor":33,"turns":9},{"damage":3,"enemies":"3 Shapes","floor":35,"turns":4},{"damage":8,"enemies":"3 Darklings","floor":38,"turns":5},{"damage":0,"enemies":"4 Shapes","floor":39,"turns":5},{"damage":0,"enemies":"Maw","floor":41,"turns":10},{"damage":11,"enemies":"Writhing Mass","floor":44,"turns":7},{"damage":0,"enemies":"4 Shapes","floor":45,"turns":4},{"damage":0,"enemies":"Transient","floor":47,"turns":5},{"damage":0,"enemies":"Sphere and 2 Shapes","floor":48,"turns":5},{"damage":22,"enemies":"Donu and Deca","floor":50,"turns":10}],"seed_played":"3262985843306418771","potions_obtained":[{"floor":4,"key":"Strength Potion"},{"floor":8,"key":"Swift Potion"},{"floor":13,"key":"AttackPotion"},{"floor":16,"key":"Poison Potion"},{"floor":20,"key":"Strength Potion"},{"floor":25,"key":"PowerPotion"},{"floor":31,"key":"EssenceOfSteel"},{"floor":33,"key":"FocusPotion"},{"floor":35,"key":"SkillPotion"},{"floor":44,"key":"PowerPotion"}],"is_trial":false,"path_per_floor":["M","?","M","M","?","E","R","E","T","R","M","M","M","$","R","B",null,"M","$","?","M","?","E","R","E","T","R","M","$","M","M","R","B",null,"M","?","$","M","M","R","M","R","T","M","M","?","M","M","R","B",null],"character_chosen":"DEFECT","items_purchased":["Torii","Storm","Leap"],"campfire_rested":2,"item_purchase_floors":[14,29,37],"current_hp_per_floor":[77,77,65,65,62,52,52,31,31,31,30,30,30,30,30,2,82,62,62,61,61,61,53,53,45,45,45,29,29,21,6,30,2,82,79,79,79,71,71,71,71,71,71,60,60,60,60,60,82,60],"gold":117,"neow_bonus":"TEN_PERCENT_HP_BONUS","is_prod":false,"is_daily":false,"chose_seed":false,"campfire_upgraded":7,"win_rate":0.0,"timestamp":1554772454,"path_taken":["M","?","M","M","?","E","R","E","T","R","M","M","M","$","R","BOSS","M","$","?","M","?","E","R","E","T","R","M","$","M","M","R","BOSS","M","?","$","M","M","R","M","R","T","M","?","?","M","M","R","BOSS"],"build_version":"2019-01-23","purchased_purges":3,"victory":true,"max_hp_per_floor":[82,82,82,82,82,82,82,82,82,82,82,82,82,82,82,82,82,82,82,82,82,82,82,82,82,82,82,82,82,82,82,82,82,82,82,82,82,82,82,82,82,82,82,82,82,82,82,82,82,82],"card_choices":[{"not_picked":["Stack","Streamline"],"picked":"Static Discharge","floor":1},{"not_picked":["Redo","FTL"],"picked":"Cold Snap","floor":3},{"not_picked":["Streamline","Tempest"],"picked":"Coolheaded","floor":4},{"not_picked":["Scrape","Chaos"],"picked":"Hello World","floor":6},{"not_picked":["Scrape","Stack"],"picked":"Conserve Battery","floor":8},{"not_picked":["Sweeping Beam","Capacitor"],"picked":"Electrodynamics","floor":11},{"not_picked":["Rip and Tear","Reprogram"],"picked":"Cold Snap","floor":12},{"not_picked":["Stack","Steam"],"picked":"Redo","floor":13},{"not_picked":["Biased Cognition","Thunder Strike"],"picked":"Creative AI","floor":16},{"not_picked":["Coolheaded","Hologram"],"picked":"Compile Driver","floor":17},{"not_picked":["Tempest","Compile Driver"],"picked":"Aggregate","floor":17},{"not_picked":["Beam Cell","Tempest"],"picked":"Reprogram","floor":17},{"not_picked":["Barrage","Compile Driver"],"picked":"Leap","floor":17},{"not_picked":["Stack","Barrage"],"picked":"Machine Learning","floor":17},{"not_picked":["Chaos","Cold Snap"],"picked":"White Noise","floor":18},{"not_picked":["Rip and Tear","Reprogram"],"picked":"Leap","floor":20},{"not_picked":["Hologram","Stack"],"picked":"Darkness+1","floor":21},{"not_picked":["Hello World","Cold Snap+1"],"picked":"Fission","floor":23},{"not_picked":["Gash+1","Skim"],"picked":"Reinforced Body+1","floor":25},{"not_picked":["Go for the Eyes","Streamline"],"picked":"Loop+1","floor":28},{"not_picked":["Glacier","Streamline"],"picked":"Stack","floor":30},{"not_picked":["Steam","Force Field"],"picked":"Chill+1","floor":31},{"not_picked":["Biased Cognition","Electrodynamics"],"picked":"Fission","floor":33},{"not_picked":["Beam Cell"],"picked":"SKIP","floor":35},{"not_picked":[],"picked":"Coolheaded+1","floor":38},{"not_picked":[],"picked":"Coolheaded+1","floor":39},{"not_picked":[],"picked":"Go for the Eyes+1","floor":41},{"not_picked":["Genetic Algorithm+1"],"picked":"Hello World+1","floor":44},{"not_picked":["Redo+1","Force Field"],"picked":"SKIP","floor":45},{"not_picked":["Mind Blast"],"picked":"Chrysalis","floor":46},{"not_picked":["Barrage+1","Streamline+1"],"picked":"SKIP","floor":47},{"not_picked":["Genetic Algorithm"],"picked":"Auto Shields+1","floor":48}],"player_experience":55595,"relics_obtained":[{"floor":6,"key":"Mercury Hourglass"},{"floor":8,"key":"Centennial Puzzle"},{"floor":9,"key":"Anchor"},{"floor":20,"key":"Red Mask"},{"floor":23,"key":"Lantern"},{"floor":25,"key":"Calipers"},{"floor":26,"key":"Ornamental Fan"},{"floor":43,"key":"Question Card"}],"event_choices":[{"damage_healed":0,"gold_gain":175,"player_choice":"AGREE","damage_taken":0,"max_hp_gain":0,"max_hp_loss":0,"event_name":"Liars Game","floor":2,"gold_loss":0,"cards_obtained":["Doubt"]},{"damage_healed":0,"gold_gain":0,"player_choice":"Success","damage_taken":3,"relics_obtained":["War Paint"],"max_hp_gain":0,"max_hp_loss":0,"event_name":"Scrap Ooze","floor":5,"gold_loss":0},{"damage_healed":0,"gold_gain":0,"player_choice":"Fought Bandits","damage_taken":0,"max_hp_gain":0,"max_hp_loss":0,"event_name":"Masked Bandits","floor":20,"gold_loss":0},{"cards_removed":["Defend_B"],"damage_healed":0,"gold_gain":0,"player_choice":"Gave Gold","damage_taken":0,"max_hp_gain":0,"max_hp_loss":0,"event_name":"Beggar","floor":22,"gold_loss":75},{"cards_removed":["Strike_B"],"damage_healed":0,"gold_gain":0,"player_choice":"Took Card","damage_taken":0,"max_hp_gain":0,"max_hp_loss":0,"event_name":"NoteForYourself","floor":36,"gold_loss":0,"cards_obtained":["Iron Wave"]},{"damage_healed":0,"gold_gain":0,"player_choice":"Memory 1","damage_taken":0,"max_hp_gain":0,"max_hp_loss":0,"event_name":"SensoryStone","floor":46,"gold_loss":0}],"is_beta":false,"boss_relics":[{"not_picked":["Runic Pyramid","Runic Dome"],"picked":"Orrery"},{"not_picked":["Cursed Key","Eternal Feather"],"picked":"Busted Crown"}],"items_purged_floors":[14,19,37],"is_endless":false,"potions_floor_spawned":[4,8,13,16,20,25,31,33,35,38,39,44,47],"ascension_level":0}