{"gold_per_floor":[117,130,145,25,38,38,72,89,164,190,190,190,201,221,221,298,298,316,316,316,11,11,38,38,100,127,127,152,152,177,189,189,266,266,282,282,302,302,139,171,190,203,229,229,229,254,12,37,37,37,37],"floor_reached":52,"playtime":3312,"items_purged":[],"score":2467,"play_id":"f9f462c9-56e6-4d2d-86c5-0bbede71a375","local_time":"20190517235116","is_ascension_mode":true,"campfire_choices":[{"data":"Neutralize","floor":6.0,"key":"SMITH"},{"data":"Predator","floor":12.0,"key":"SMITH"},{"floor":15.0,"key":"REST"},{"data":"Footwork","floor":24.0,"key":"SMITH"},{"data":"Dagger Spray","floor":29.0,"key":"SMITH"},{"data":"Survivor","floor":32.0,"key":"SMITH"},{"data":"Well Laid Plans","floor":44.0,"key":"SMITH"},{"floor":49.0,"key":"REST"}],"neow_cost":"NONE","seed_source_timestamp":289249970772709,"circlet_count":0,"master_deck":["AscendersBane","Defend_G+1","Defend_G+1","Defend_G+1","Defend_G+1","Defend_G+1","Survivor+1","Neutralize+1","Slice","Deadly Poison","Catalyst","Footwork+1","Predator+1","Caltrops","Dagger Spray+1","Crippling Poison+1","Masterful Stab","Catalyst+1","Dodge and Roll+1","Adrenaline+1","Bouncing Flask+1","Noxious Fumes","Dodge and Roll+1","Bite","Bite","Bite","Bite","Bite","Concentrate+1","Adrenaline+1","Prepared+1","Venomology+1","Backflip+1","Cloak And Dagger+1","Acrobatics+1","PiercingWail+1","Blade Dance+1","Catalyst+1","Footwork+1","Bullet Time+1","Backflip+1","Well Laid Plans+1"],"special_seed":0,"relics":["Ring of the Snake","PreservedInsect","Pocketwatch","Toxic Egg 2","Unceasing Top","Black Star","Ornamental Fan","Snake Skull","Gremlin Horn","Vajra","Tiny Chest","Omamori","Blue Candle","Happy Flower","Torii","Letter Opener","Orrery","Ancient Tea Set","The Courier","Mercury Hourglass","Bag of Marbles","Oddly Smooth Stone","Centennial Puzzle","Art of War","Strawberry","Smiling Mask"],"potions_floor_usage":[50,50,50],"damage_taken":[{"damage":2.0,"enemies":"Cultist","floor":1.0,"turns":5.0},{"damage":0.0,"enemies":"Jaw Worm","floor":2.0,"turns":4.0},{"damage":1.0,"enemies":"2 Louse","floor":3.0,"turns":3.0},{"damage":11.0,"enemies":"2 Fungi Beasts","floor":5.0,"turns":4.0},{"damage":13.0,"enemies":"3 Sentries","floor":7.0,"turns":9.0},{"damage":7.0,"enemies":"Blue Slaver","floor":8.0,"turns":5.0},{"damage":0.0,"enemies":"Gremlin Nob","floor":10.0,"turns":3.0},{"damage":5.0,"enemies":"Gremlin Gang","floor":13.0,"turns":3.0},{"damage":10.0,"enemies":"Lots of Slimes","floor":14.0,"turns":4.0},{"damage":0.0,"enemies":"Slime Boss","floor":16.0,"turns":5.0},{"damage":19.0,"enemies":"3 Byrds","floor":18.0,"turns":4.0},{"damage":0.0,"enemies":"Gremlin Leader","floor":23.0,"turns":3.0},{"damage":8.0,"enemies":"Slavers","floor":25.0,"turns":5.0},{"damage":15.0,"enemies":"Book of Stabbing","floor":28.0,"turns":4.0},{"damage":0.0,"enemies":"Gremlin Leader","floor":30.0,"turns":5.0},{"damage":10.0,"enemies":"Shell Parasite","floor":31.0,"turns":4.0},{"damage":0.0,"enemies":"Champ","floor":33.0,"turns":6.0},{"damage":0.0,"enemies":"3 Darklings","floor":35.0,"turns":4.0},{"damage":1.0,"enemies":"Orb Walker","floor":37.0,"turns":3.0},{"damage":27.0,"enemies":"Nemesis","floor":40.0,"turns":5.0},{"damage":19.0,"enemies":"Spire Growth","floor":41.0,"turns":6.0},{"damage":1.0,"enemies":"4 Shapes","floor":42.0,"turns":4.0},{"damage":0.0,"enemies":"Reptomancer","floor":46.0,"turns":1.0},{"damage":1,"enemies":"Awakened One","floor":50,"turns":16},{"damage":22,"enemies":"Time Eater","floor":51,"turns":8}],"seed_played":"-4818786630324618802","potions_obtained":[{"floor":1.0,"key":"Energy Potion"},{"floor":5.0,"key":"SpeedPotion"},{"floor":7.0,"key":"SkillPotion"},{"floor":10.0,"key":"SkillPotion"},{"floor":13.0,"key":"Dexterity Potion"},{"floor":18.0,"key":"Fire Potion"},{"floor":33.0,"key":"Fruit Juice"},{"floor":35.0,"key":"AttackPotion"},{"floor":36.0,"key":"Regen Potion"}],"is_trial":false,"path_per_floor":["M","M","M","$","M","R","E","M","T","E","?","R","M","M","R","B",null,"M","T","?","$","?","E","R","E","T","?","E","R","E","M","R","B",null,"M","?","M","?","$","E","M","M","T","R","$","E","$","T","R","B","B",null],"character_chosen":"THE_SILENT","items_purchased":["Footwork","Predator","Noxious Fumes","Blood Vial","Dodge and Roll+1","Ancient Tea Set","Art of War","Strawberry"],"campfire_rested":2,"item_purchase_floors":[4,4,21,21,21,39,47,47],"current_hp_per_floor":[57,57,56,56,45,45,32,25,25,25,25,25,20,10,29,29,57,38,38,38,38,38,40,40,34,34,34,29,29,43,41,41,58,68,71,71,71,71,71,48,33,52,52,52,52,56,63,63,78,78,66],"gold":37,"neow_bonus":"RANDOM_COMMON_RELIC","is_prod":false,"is_daily":false,"chose_seed":false,"campfire_upgraded":6,"win_rate":0,"timestamp":1558151476,"path_taken":["M","M","M","$","M","R","E","M","T","E","?","R","?","M","R","BOSS","M","?","?","$","?","E","R","E","T","?","E","R","E","M","R","BOSS","M","?","?","?","$","E","M","?","T","R","$","E","$","?","R","BOSS","BOSS"],"build_version":"2019-01-23","purchased_purges":0,"victory":true,"max_hp_per_floor":[66,66,66,66,66,66,66,66,66,66,66,66,66,66,66,66,66,66,66,66,66,66,66,66,66,66,66,66,66,66,66,66,71,71,71,71,71,71,71,71,71,71,71,71,71,71,78,78,78,78,78],"card_choices":[{"not_picked":["Concentrate","Acrobatics"],"picked":"Slice","floor":1.0},{"not_picked":["Eviscerate","Blade Dance"],"picked":"Deadly Poison","floor":2.0},{"not_picked":["Dodge and Roll","Outmaneuver"],"picked":"Catalyst","floor":3.0},{"not_picked":["Outmaneuver","Prepared","Concentrate"],"picked":"SKIP","floor":5.0},{"not_picked":["Dodge and Roll","Deadly Poison"],"picked":"Caltrops","floor":7.0},{"not_picked":["Backflip","PiercingWail"],"picked":"Dagger Spray","floor":8.0},{"not_picked":["Deflect+1","Phantasmal Killer+1"],"picked":"Crippling Poison+1","floor":10.0},{"not_picked":["Sucker Punch","Blade Dance+1"],"picked":"Catalyst+1","floor":13.0},{"not_picked":["Underhanded Strike","Bane"],"picked":"Dodge and Roll+1","floor":14.0},{"not_picked":["A Thousand Cuts","Glass Knife"],"picked":"Adrenaline+1","floor":16.0},{"not_picked":["Dagger Throw+1","Calculated Gamble+1"],"picked":"Bouncing Flask+1","floor":18.0},{"not_picked":["Infinite Blades","Masterful Stab+1","Flying Knee"],"picked":"SKIP","floor":23.0},{"not_picked":["Masterful Stab","Distraction+1"],"picked":"Concentrate+1","floor":25.0},{"not_picked":["Bane","Outmaneuver+1"],"picked":"Adrenaline+1","floor":28.0},{"not_picked":["Skewer","Dagger Throw","Setup+1"],"picked":"SKIP","floor":30.0},{"not_picked":["Quick Slash","Outmaneuver+1"],"picked":"Prepared+1","floor":31.0},{"not_picked":["Glass Knife","Tools of the Trade"],"picked":"Venomology+1","floor":33.0},{"not_picked":["Deadly Poison+1","Prepared+1"],"picked":"Backflip+1","floor":34.0},{"not_picked":["Slice","Dagger Throw"],"picked":"Cloak And Dagger+1","floor":34.0},{"not_picked":["Flying Knee","Bane"],"picked":"Acrobatics+1","floor":34.0},{"not_picked":["Underhanded Strike+1","Catalyst+1"],"picked":"PiercingWail+1","floor":34.0},{"not_picked":["Eviscerate","Acrobatics+1"],"picked":"Blade Dance+1","floor":34.0},{"not_picked":["Acrobatics+1","Outmaneuver+1"],"picked":"Catalyst+1","floor":35.0},{"not_picked":["Dagger Throw","Quick Slash","Distraction+1"],"picked":"SKIP","floor":37.0},{"not_picked":["Predator","Prepared+1"],"picked":"Bullet Time+1","floor":40.0},{"not_picked":["Caltrops","Dagger Throw+1"],"picked":"Backflip+1","floor":41.0},{"not_picked":["Concentrate+1","Blade Dance+1"],"picked":"Well Laid Plans","floor":42.0},{"not_picked":["Tactician+1","Noxious Fumes","Poisoned Stab"],"picked":"SKIP","floor":46.0}],"player_experience":700809,"relics_obtained":[{"floor":7.0,"key":"Pocketwatch"},{"floor":9.0,"key":"Toxic Egg 2"},{"floor":10.0,"key":"Unceasing Top"},{"floor":19.0,"key":"Ornamental Fan"},{"floor":23.0,"key":"Snake Skull"},{"floor":23.0,"key":"Gremlin Horn"},{"floor":25.0,"key":"Vajra"},{"floor":25.0,"key":"Tiny Chest"},{"floor":26.0,"key":"Omamori"},{"floor":28.0,"key":"Blue Candle"},{"floor":28.0,"key":"Happy Flower"},{"floor":30.0,"key":"Torii"},{"floor":30.0,"key":"Letter Opener"},{"floor":40.0,"key":"The Courier"},{"floor":40.0,"key":"Mercury Hourglass"},{"floor":43.0,"key":"Bag of Marbles"},{"floor":46.0,"key":"Oddly Smooth Stone"},{"floor":46.0,"key":"Centennial Puzzle"},{"floor":48.0,"key":"Smiling Mask"}],"event_choices":[{"damage_healed":0.0,"max_hp_gain":0.0,"max_hp_loss":0.0,"gold_gain":0.0,"cards_transformed":["Strike_G"],"event_name":"Transmorgrifier","player_choice":"Transformed","floor":11.0,"gold_loss":0.0,"damage_taken":0.0,"cards_obtained":["Masterful Stab"]},{"damage_healed":0.0,"max_hp_gain":0.0,"max_hp_loss":0.0,"gold_gain":0.0,"event_name":"Back to Basics","player_choice":"Simplicity","floor":20.0,"gold_loss":0.0,"damage_taken":0.0,"cards_upgraded":["Defend_G","Defend_G","Defend_G","Defend_G","Defend_G","Strike_G","Strike_G","Strike_G","Strike_G"]},{"damage_healed":0.0,"max_hp_gain":0.0,"max_hp_loss":0.0,"gold_gain":0.0,"event_name":"Vampires","player_choice":"Became a vampire (Vial)","floor":22.0,"relics_lost":["Blood Vial"],"gold_loss":0.0,"damage_taken":0.0,"cards_obtained":["Bite","Bite","Bite","Bite","Bite"]},{"damage_healed":0.0,"max_hp_gain":0.0,"max_hp_loss":0.0,"gold_gain":0.0,"event_name":"Beggar","player_choice":"Ignored","floor":27.0,"gold_loss":0.0,"damage_taken":0.0},{"damage_healed":0.0,"max_hp_gain":0.0,"max_hp_loss":0.0,"gold_gain":0.0,"event_name":"Lab","player_choice":"Got Potions","floor":36.0,"gold_loss":0.0,"damage_taken":0.0},{"damage_healed":0.0,"max_hp_gain":0.0,"max_hp_loss":0.0,"gold_gain":0.0,"event_name":"Duplicator","player_choice":"Copied","floor":38.0,"gold_loss":0.0,"damage_taken":0.0,"cards_obtained":["Footwork"]}],"is_beta":false,"boss_relics":[{"not_picked":["Ectoplasm","Empty Cage"],"picked":"Black Star"},{"not_picked":["Pandora\u0027s Box","Runic Pyramid"],"picked":"Orrery"}],"items_purged_floors":[],"is_endless":false,"potions_floor_spawned":[1,5,7,10,13,18,33,35,42],"ascension_level":20}