{"gold_per_floor":[114,134,59,9,9,38,38,67,67,67,67,67,83,118,118,214,214,230,77,77,95,113,113,113],"floor_reached":24,"playtime":1896,"items_purged":["Decay"],"score":223,"play_id":"8f7e11ce-b970-4526-9a75-504987f2e5be","local_time":"20190526222910","is_ascension_mode":true,"campfire_choices":[{"floor":7,"key":"RECALL"},{"floor":10,"key":"REST"},{"floor":12,"key":"REST"},{"floor":15,"key":"REST"},{"data":"Demon Form","floor":23,"key":"SMITH"}],"neow_cost":"CURSE","seed_source_timestamp":932301440036000,"circlet_count":0,"master_deck":["Strike_R","Strike_R","Strike_R","Strike_R","Defend_R","Defend_R","Defend_R","Defend_R","Bash","Perfected Strike","Feel No Pain","Flame Barrier+1","Havoc+1","Burning Pact+1","Anger","Whirlwind","Offering+1","Shame","Spot Weakness+1","Demon Form+1","Armaments+1","Flame Barrier+1","Sentinel+1","Intimidate+1"],"relics":["Burning Blood","Unceasing Top","Toxic Egg 2","Omamori","The Courier","Blood Vial","Dream Catcher","Calling Bell","Centennial Puzzle","Shuriken","Turnip"],"potions_floor_usage":[8,16,24],"damage_taken":[{"damage":8,"enemies":"2 Louse","floor":1,"turns":3},{"damage":5,"enemies":"Jaw Worm","floor":2,"turns":4},{"damage":30,"enemies":"3 Sentries","floor":6,"turns":10},{"damage":30,"enemies":"Lagavulin","floor":8,"turns":10},{"damage":4,"enemies":"Cultist","floor":13,"turns":4},{"damage":34,"enemies":"Gremlin Nob","floor":14,"turns":5},{"damage":39,"enemies":"Hexaghost","floor":16,"turns":12},{"damage":25,"enemies":"Shell Parasite","floor":18,"turns":7},{"damage":8,"enemies":"Chosen","floor":21,"turns":6},{"damage":10,"enemies":"Sentry and Sphere","floor":22,"turns":5},{"damage":65,"enemies":"Slavers","floor":24,"turns":4}],"seed_played":"9152577233791868904","potions_obtained":[{"floor":1,"key":"Ancient Potion"},{"floor":2,"key":"Weak Potion"},{"floor":14,"key":"SkillPotion"},{"floor":16,"key":"FearPotion"},{"floor":18,"key":"SpeedPotion"},{"floor":21,"key":"PowerPotion"}],"is_trial":false,"path_per_floor":["M","M","$","?","$","E","R","E","T","R","?","R","M","E","R","B",null,"M","$","?","M","M","R","E"],"character_chosen":"IRONCLAD","items_purchased":["Demon Form","Armaments+1"],"campfire_rested":3,"item_purchase_floors":[19,19],"current_hp_per_floor":[78,79,79,79,79,55,55,31,31,55,37,61,65,39,63,32,80,61,61,61,61,59,59,0],"gold":113,"neow_bonus":"ONE_RARE_RELIC","is_prod":false,"is_daily":false,"chose_seed":false,"campfire_upgraded":1,"win_rate":0,"timestamp":1558927750,"path_taken":["M","M","$","?","$","E","R","E","T","R","?","R","M","E","R","BOSS","M","$","?","M","M","R","E"],"build_version":"2019-01-23","purchased_purges":1,"victory":false,"max_hp_per_floor":[80,80,80,80,80,80,80,80,80,80,80,80,80,80,80,80,80,80,80,80,80,80,80,80],"card_choices":[{"not_picked":["Infernal Blade","Heavy Blade"],"picked":"Perfected Strike","floor":1},{"not_picked":["Heavy Blade","Rage"],"picked":"Feel No Pain","floor":2},{"not_picked":["Fire Breathing","Heavy Blade"],"picked":"Flame Barrier","floor":6},{"not_picked":["Entrench+1","Power Through+1"],"picked":"Havoc+1","floor":8},{"not_picked":["Power Through+1","Warcry+1"],"picked":"Burning Pact+1","floor":13},{"not_picked":["Thunderclap","Iron Wave"],"picked":"Anger","floor":14},{"not_picked":["Thunderclap","Sword Boomerang"],"picked":"Whirlwind","floor":15},{"not_picked":["Exhume+1","Barricade"],"picked":"Offering+1","floor":16},{"not_picked":["True Grit+1","Anger"],"picked":"Spot Weakness+1","floor":18},{"not_picked":["Evolve","Anger+1"],"picked":"Sentinel+1","floor":21},{"not_picked":["Dual Wield+1","Carnage"],"picked":"Intimidate+1","floor":22}],"player_experience":197047,"relics_obtained":[{"floor":6,"key":"Toxic Egg 2"},{"floor":8,"key":"Omamori"},{"floor":9,"key":"The Courier"},{"floor":14,"key":"Dream Catcher"},{"floor":17,"key":"Centennial Puzzle"},{"floor":17,"key":"Shuriken"},{"floor":17,"key":"Turnip"}],"event_choices":[{"cards_removed":["Strike_R"],"damage_healed":0,"gold_gain":0,"player_choice":"Card Removal","damage_taken":0,"max_hp_gain":0,"max_hp_loss":0,"event_name":"The Cleric","floor":4,"gold_loss":50},{"damage_healed":0,"gold_gain":0,"player_choice":"Success","damage_taken":18,"relics_obtained":["Blood Vial"],"max_hp_gain":0,"max_hp_loss":0,"event_name":"Scrap Ooze","floor":11,"gold_loss":0},{"damage_healed":0,"gold_gain":0,"player_choice":"Copied","damage_taken":0,"max_hp_gain":0,"max_hp_loss":0,"event_name":"Duplicator","floor":20,"gold_loss":0,"cards_obtained":["Flame Barrier"]}],"is_beta":false,"boss_relics":[{"not_picked":["Philosopher\u0027s Stone","Empty Cage"],"picked":"Calling Bell"}],"items_purged_floors":[3],"is_endless":false,"potions_floor_spawned":[1,2,14,16,18,21],"killed_by":"Slavers","ascension_level":1}