{"gold_per_floor":[119,137,137,149,149,149,184,184,184,204,204,204,222,233,233,330,330,340,355,274,291,218,218,252,252,328,328,344,373,373,390,390,490,490,508,508,413,428,440,466,479,479,506,506,520,532,80,93,93,93],"floor_reached":50,"playtime":3908,"items_purged":["Heatsinks"],"score":591,"play_id":"3e423e05-7da0-4ce5-a3aa-957e445d2ad3","local_time":"20190308220404","is_ascension_mode":false,"campfire_choices":[{"data":"Dualcast","floor":6.0,"key":"SMITH"},{"floor":8.0,"key":"REST"},{"data":"Electrodynamics","floor":12.0,"key":"SMITH"},{"floor":15.0,"key":"REST"},{"floor":23.0,"key":"REST"},{"data":"Redo","floor":25.0,"key":"SMITH"},{"data":"Zap","floor":32.0,"key":"SMITH"},{"data":"Machine Learning","floor":42,"key":"SMITH"},{"data":"Melter","floor":44,"key":"SMITH"},{"data":"Defend_B","floor":49,"key":"SMITH"}],"neow_cost":"NONE","seed_source_timestamp":0,"circlet_count":0,"master_deck":["Defend_B","Defend_B","Defend_B+1","Zap+1","Dualcast+1","Amplify+1","Gash+1","Genetic Algorithm","Redo+1","Melter+1","Electrodynamics+1","Gash+1","All For One","Self Repair+1","Recycle+1","Glacier","Double Energy+1","Bite+1","Bite+1","Bite+1","Bite+1","Bite+1","Reboot+1","Gash+1","Machine Learning+1","Transmutation+1","Defragment+1","Barrage+1","Redo+1","Reprogram+1","White Noise+1"],"special_seed":0,"relics":["Cracked Core","Kunai","Bag of Marbles","Runic Pyramid","Bottled Tornado","Molten Egg 2","Toxic Egg 2","Busted Crown","Vajra","Pen Nib","Whetstone","Mummified Hand"],"potions_floor_usage":[50,50,50],"damage_taken":[{"damage":0.0,"enemies":"Small Slimes","floor":1.0,"turns":2.0},{"damage":7.0,"enemies":"2 Louse","floor":2.0,"turns":2.0},{"damage":1.0,"enemies":"Cultist","floor":4.0,"turns":3.0},{"damage":40.0,"enemies":"3 Sentries","floor":7.0,"turns":11.0},{"damage":0.0,"enemies":"Exordium Wildlife","floor":10.0,"turns":2.0},{"damage":0.0,"enemies":"Large Slime","floor":13.0,"turns":3.0},{"damage":0.0,"enemies":"2 Fungi Beasts","floor":14.0,"turns":1.0},{"damage":0.0,"enemies":"Slime Boss","floor":16.0,"turns":5.0},{"damage":10.0,"enemies":"Spheric Guardian","floor":18.0,"turns":3.0},{"damage":14.0,"enemies":"Shell Parasite","floor":19.0,"turns":3.0},{"damage":24.0,"enemies":"Shelled Parasite and Fungi","floor":21.0,"turns":4.0},{"damage":29.0,"enemies":"Slavers","floor":24.0,"turns":3.0},{"damage":27.0,"enemies":"Snake Plant","floor":28.0,"turns":4.0},{"damage":21.0,"enemies":"Book of Stabbing","floor":29.0,"turns":4.0},{"damage":6.0,"enemies":"Colosseum Slavers","floor":30.0,"turns":3.0},{"damage":15.0,"enemies":"Chosen and Byrds","floor":31.0,"turns":3.0},{"damage":48.0,"enemies":"Automaton","floor":33.0,"turns":7.0},{"damage":13.0,"enemies":"Orb Walker","floor":35.0,"turns":3.0},{"damage":26,"enemies":"3 Darklings","floor":38,"turns":5},{"damage":2,"enemies":"Transient","floor":39,"turns":5},{"damage":25,"enemies":"Reptomancer","floor":40,"turns":5},{"damage":15,"enemies":"4 Shapes","floor":41,"turns":2},{"damage":14,"enemies":"Maw","floor":45,"turns":5},{"damage":15,"enemies":"3 Darklings","floor":46,"turns":3},{"damage":0,"enemies":"Transient","floor":48,"turns":5},{"damage":67,"enemies":"Donu and Deca","floor":50,"turns":4}],"seed_played":"1512738545358085375","potions_obtained":[{"floor":2.0,"key":"Poison Potion"},{"floor":4.0,"key":"Fire Potion"},{"floor":7.0,"key":"Strength Potion"},{"floor":13.0,"key":"FocusPotion"},{"floor":35,"key":"FocusPotion"}],"is_trial":false,"path_per_floor":["M","M","?","M","$","R","E","R","T","M","?","R","M","M","R","B",null,"M","M","$","M","$","R","E","R","T","?","M","E","?","M","R","B",null,"M","?","?","M","M","E","M","R","T","R","M","M","$","M","R","B"],"character_chosen":"DEFECT","items_purchased":["Heatsinks","Glacier","Redo+1","Reprogram+1","Mummified Hand"],"campfire_rested":3,"item_purchase_floors":[20,22,47,47,47],"current_hp_per_floor":[75,68,68,67,67,67,27,49,49,49,49,49,49,49,71,71,75,65,51,51,37,37,59,40,40,40,40,45,46,52,43,43,30,52,42,42,42,41,52,52,43,43,43,43,52,52,52,52,52,0],"gold":93,"neow_bonus":"TRANSFORM_CARD","is_prod":false,"is_daily":false,"chose_seed":false,"campfire_upgraded":7,"win_rate":0,"timestamp":1552104244,"path_taken":["M","M","?","M","$","R","E","R","T","M","?","R","M","M","R","BOSS","M","M","$","M","$","R","E","R","T","?","M","E","?","M","R","BOSS","M","?","?","M","M","E","M","R","T","R","M","?","$","M","R","BOSS"],"build_version":"2019-01-23","purchased_purges":1,"victory":false,"max_hp_per_floor":[75,75,75,75,75,75,75,75,75,75,75,75,75,75,75,75,75,75,75,75,75,75,75,75,75,75,52,52,52,52,52,52,52,52,52,52,52,52,52,52,52,52,52,52,52,52,52,52,52,52],"card_choices":[{"not_picked":["Rebound","BootSequence"],"picked":"Gash","floor":1.0},{"not_picked":["Hologram","Sweeping Beam"],"picked":"Genetic Algorithm","floor":2.0},{"not_picked":["Streamline","Cold Snap"],"picked":"Redo","floor":4.0},{"not_picked":["Go for the Eyes","Stack"],"picked":"Melter","floor":7.0},{"not_picked":["Gash","Cold Snap"],"picked":"Electrodynamics","floor":10.0},{"not_picked":["Streamline","Lockon","Stack"],"picked":"SKIP","floor":13.0},{"not_picked":["Rebound","Sweeping Beam"],"picked":"Gash","floor":14.0},{"not_picked":["Seek","Multi-Cast"],"picked":"All For One","floor":16.0},{"not_picked":["Leap","Cold Snap","Melter"],"picked":"SKIP","floor":18.0},{"not_picked":["Sweeping Beam","White Noise"],"picked":"Self Repair+1","floor":19.0},{"not_picked":["Streamline+1","Leap"],"picked":"Recycle+1","floor":21.0},{"not_picked":["Streamline+1","Glacier"],"picked":"Double Energy+1","floor":24.0},{"not_picked":["Leap","Conserve Battery","BootSequence+1"],"picked":"SKIP","floor":28.0},{"not_picked":["Rebound+1","Undo"],"picked":"Reboot","floor":29.0},{"not_picked":["Compile Driver+1","Sweeping Beam+1"],"picked":"Gash+1","floor":31.0},{"not_picked":["Hyperbeam+1","Meteor Strike+1"],"picked":"Machine Learning","floor":33.0},{"not_picked":["Stack+1"],"picked":"SKIP","floor":35},{"not_picked":[],"picked":"Transmutation+1","floor":36},{"not_picked":["Rebound+1"],"picked":"SKIP","floor":38},{"not_picked":["Conserve Battery+1"],"picked":"SKIP","floor":39},{"not_picked":["Cold Snap+1"],"picked":"SKIP","floor":40},{"not_picked":[],"picked":"Defragment+1","floor":41},{"not_picked":[],"picked":"Barrage+1","floor":45},{"not_picked":["Sweeping Beam+1"],"picked":"SKIP","floor":46},{"not_picked":[],"picked":"White Noise+1","floor":48}],"player_experience":109357,"relics_obtained":[{"floor":7.0,"key":"Kunai"},{"floor":9.0,"key":"Bag of Marbles"},{"floor":24.0,"key":"Bottled Tornado"},{"floor":26.0,"key":"Molten Egg 2"},{"floor":29.0,"key":"Toxic Egg 2"},{"floor":40,"key":"Pen Nib"},{"floor":43,"key":"Whetstone"}],"event_choices":[{"damage_healed":0.0,"max_hp_gain":0.0,"max_hp_loss":0.0,"gold_gain":0.0,"event_name":"Living Wall","player_choice":"Grow","floor":3.0,"gold_loss":0.0,"damage_taken":0.0,"cards_upgraded":["Amplify"]},{"damage_healed":0.0,"max_hp_gain":0.0,"max_hp_loss":0.0,"gold_gain":0.0,"event_name":"Scrap Ooze","player_choice":"Fled","floor":11.0,"gold_loss":0.0,"damage_taken":0.0},{"damage_healed":0.0,"max_hp_gain":0.0,"max_hp_loss":23.0,"gold_gain":0.0,"event_name":"Vampires","player_choice":"Became a vampire","floor":27.0,"gold_loss":0.0,"damage_taken":0.0,"cards_obtained":["Bite","Bite","Bite","Bite","Bite"]},{"damage_healed":0.0,"max_hp_gain":0.0,"max_hp_loss":0.0,"gold_gain":0.0,"event_name":"Colosseum","player_choice":"Fight","floor":30.0,"gold_loss":0.0,"damage_taken":0.0},{"damage_healed":0.0,"max_hp_gain":0.0,"max_hp_loss":0.0,"gold_gain":0.0,"event_name":"Colosseum","player_choice":"Fled From Nobs","floor":30.0,"gold_loss":0.0,"damage_taken":0.0},{"damage_healed":0,"gold_gain":0,"player_choice":"Memory 1","damage_taken":0,"max_hp_gain":0,"max_hp_loss":0,"event_name":"SensoryStone","floor":36,"gold_loss":0},{"damage_healed":0,"gold_gain":0,"player_choice":"Paid Gold","damage_taken":0,"relics_obtained":["Vajra"],"max_hp_gain":0,"max_hp_loss":0,"event_name":"WeMeetAgain","floor":37,"gold_loss":95}],"is_beta":false,"boss_relics":[{"not_picked":["Fusion Hammer","Orrery"],"picked":"Runic Pyramid"},{"not_picked":["Sozu","Nuclear Battery"],"picked":"Busted Crown"}],"items_purged_floors":[47],"is_endless":false,"potions_floor_spawned":[2,4,7,10,13,19,28,29,33,35,40,41,45],"killed_by":"Donu and Deca","ascension_level":0}