{"gold_per_floor":[114,128,146,65,65,65,98,108,108,108,141,155,155,174,174,248,248,265,265,265,315,329,329,345,345,369,383,15,34,68,79,79,157,157,169,169,83,133,146,180,192,204],"floor_reached":42,"playtime":6981,"items_purged":["Strike_B"],"score":1166,"play_id":"16f6eea0-6b37-48f9-a826-587e4adeed28","local_time":"20190515141100","is_ascension_mode":true,"campfire_choices":[{"data":"Zap","floor":6.0,"key":"SMITH"},{"data":"Defragment","floor":10.0,"key":"SMITH"},{"data":"Dualcast","floor":15.0,"key":"SMITH"},{"data":"Doom and Gloom","floor":23.0,"key":"SMITH"},{"data":"Loop","floor":25.0,"key":"SMITH"},{"data":"Undo","floor":32.0,"key":"SMITH"},{"floor":41.0,"key":"REST"}],"neow_cost":"NONE","seed_source_timestamp":0,"circlet_count":0,"master_deck":["AscendersBane","Strike_B","Strike_B","Strike_B","Defend_B","Defend_B","Defend_B","Defend_B+1","Zap+1","Dualcast+1","Defragment+1","Ball Lightning+1","Doom and Gloom+1","Chill","Coolheaded+1","Skim","Self Repair","BootSequence","Reboot","Conserve Battery","Cold Snap","Loop+1","Hologram","Undo+1","Compile Driver","Ball Lightning","Sweeping Beam+1","Genetic Algorithm+1","Loop","Static Discharge","Hologram+1"],"special_seed":0,"relics":["Cracked Core","Bag of Marbles","Mummified Hand","Symbiotic Virus","Sundial","Inserter","Enchiridion","Blood Vial","HandDrill","Bottled Lightning","Black Star","MawBank","War Paint"],"potions_floor_usage":[42],"damage_taken":[{"damage":7.0,"enemies":"Jaw Worm","floor":1.0,"turns":3.0},{"damage":8.0,"enemies":"Small Slimes","floor":2.0,"turns":3.0},{"damage":1.0,"enemies":"2 Louse","floor":3.0,"turns":2.0},{"damage":15.0,"enemies":"3 Sentries","floor":7.0,"turns":4.0},{"damage":8.0,"enemies":"Blue Slaver","floor":8.0,"turns":3.0},{"damage":6.0,"enemies":"Gremlin Nob","floor":11.0,"turns":3.0},{"damage":5.0,"enemies":"Red Slaver","floor":12.0,"turns":2.0},{"damage":1.0,"enemies":"2 Fungi Beasts","floor":14.0,"turns":3.0},{"damage":0.0,"enemies":"Hexaghost","floor":16.0,"turns":9.0},{"damage":7.0,"enemies":"Shell Parasite","floor":18.0,"turns":6.0},{"damage":0.0,"enemies":"Spheric Guardian","floor":22.0,"turns":3.0},{"damage":0.0,"enemies":"Centurion and Healer","floor":24.0,"turns":3.0},{"damage":12.0,"enemies":"Snake Plant","floor":27.0,"turns":3.0},{"damage":0.0,"enemies":"Cultist and Chosen","floor":29.0,"turns":5.0},{"damage":15.0,"enemies":"Book of Stabbing","floor":30.0,"turns":4.0},{"damage":0.0,"enemies":"Snecko","floor":31.0,"turns":4.0},{"damage":0.0,"enemies":"Champ","floor":33.0,"turns":10.0},{"damage":0.0,"enemies":"3 Shapes","floor":35.0,"turns":5.0},{"damage":0.0,"enemies":"Orb Walker","floor":39.0,"turns":3.0},{"damage":50.0,"enemies":"Giant Head","floor":40.0,"turns":6.0},{"damage":53,"enemies":"Reptomancer","floor":42,"turns":5}],"seed_played":"-4394620543910660593","potions_obtained":[{"floor":1.0,"key":"Strength Potion"},{"floor":2.0,"key":"AttackPotion"},{"floor":12.0,"key":"Swift Potion"},{"floor":14.0,"key":"Weak Potion"},{"floor":22.0,"key":"SkillPotion"},{"floor":24.0,"key":"Swift Potion"},{"floor":31.0,"key":"GamblersBrew"}],"is_trial":false,"path_per_floor":["M","M","M","$","?","R","E","M","T","R","E","M","?","M","R","B",null,"M","?","?","?","M","R","M","R","T","M","$","M","E","M","R","B",null,"M","?","$","?","M","E","R","E"],"character_chosen":"DEFECT","items_purchased":["Doom and Gloom","HandDrill","Undo","Loop"],"campfire_rested":1,"item_purchase_floors":[4,28,28,37],"current_hp_per_floor":[57,49,48,48,71,71,56,48,48,48,42,37,37,43,43,50,66,66,45,45,38,45,45,52,52,52,49,49,58,52,61,61,71,71,71,71,71,71,71,28,49,0],"gold":204,"neow_bonus":"RANDOM_COMMON_RELIC","is_prod":false,"is_daily":false,"chose_seed":false,"campfire_upgraded":6,"win_rate":0,"timestamp":1557943860,"path_taken":["M","M","M","$","?","R","E","M","T","R","E","M","?","M","R","BOSS","M","?","?","?","M","R","M","R","T","M","$","M","E","?","R","BOSS","M","?","$","?","M","E","R","E"],"build_version":"2019-01-23","purchased_purges":1,"victory":false,"max_hp_per_floor":[71,71,71,71,71,71,71,71,71,71,71,71,71,71,71,71,71,71,71,71,71,71,71,71,71,71,71,71,71,71,71,71,71,71,71,71,71,71,71,71,71,71],"card_choices":[{"not_picked":["Reprogram","Rip and Tear"],"picked":"Defragment","floor":1.0},{"not_picked":["Turbo","Undo","Leap"],"picked":"SKIP","floor":2.0},{"not_picked":["Aggregate","Barrage"],"picked":"Ball Lightning","floor":3.0},{"not_picked":["Undo","Hologram"],"picked":"Chill","floor":7.0},{"not_picked":["Lockon","Barrage"],"picked":"Coolheaded","floor":8.0},{"not_picked":["Double Energy","Rebound"],"picked":"Skim","floor":11.0},{"not_picked":["Consume","Coolheaded"],"picked":"Self Repair","floor":12.0},{"not_picked":["Force Field","Sunder"],"picked":"BootSequence","floor":14.0},{"not_picked":["Meteor Strike","Hyperbeam"],"picked":"Reboot","floor":16.0},{"not_picked":["Barrage","Sweeping Beam"],"picked":"Conserve Battery","floor":18.0},{"not_picked":["BootSequence","Chaos"],"picked":"Cold Snap","floor":22.0},{"not_picked":["Fusion","Cold Snap"],"picked":"Loop","floor":24.0},{"not_picked":["Steam","Cold Snap"],"picked":"Hologram","floor":27.0},{"not_picked":["Cold Snap","Steam"],"picked":"Compile Driver","floor":29.0},{"not_picked":["Tempest","BootSequence+1"],"picked":"Ball Lightning","floor":30.0},{"not_picked":["Aggregate+1","Scrape"],"picked":"Sweeping Beam+1","floor":31.0},{"not_picked":["Reboot","Amplify"],"picked":"Machine Learning","floor":33.0},{"not_picked":["Leap+1","Go for the Eyes"],"picked":"Genetic Algorithm+1","floor":35.0},{"not_picked":["Blizzard","Beam Cell"],"picked":"Static Discharge","floor":39.0},{"not_picked":["Chaos","Hello World"],"picked":"Hologram+1","floor":40.0}],"player_experience":639512,"relics_obtained":[{"floor":7.0,"key":"Mummified Hand"},{"floor":9.0,"key":"Symbiotic Virus"},{"floor":11.0,"key":"Sundial"},{"floor":19.0,"key":"Enchiridion"},{"floor":26.0,"key":"Blood Vial"},{"floor":30.0,"key":"Bottled Lightning"},{"floor":40.0,"key":"MawBank"},{"floor":40.0,"key":"War Paint"}],"event_choices":[{"damage_healed":23.0,"max_hp_gain":0.0,"max_hp_loss":0.0,"gold_gain":0.0,"event_name":"Big Fish","player_choice":"Banana","floor":5.0,"gold_loss":0.0,"damage_taken":0.0},{"damage_healed":0.0,"max_hp_gain":0.0,"max_hp_loss":0.0,"gold_gain":0.0,"event_name":"Living Wall","player_choice":"Grow","floor":13.0,"gold_loss":0.0,"damage_taken":0.0,"cards_upgraded":["Ball Lightning"]},{"damage_healed":0.0,"max_hp_gain":0.0,"max_hp_loss":0.0,"gold_gain":0.0,"event_name":"Cursed Tome","player_choice":"Obtained Book","floor":19.0,"gold_loss":0.0,"damage_taken":21.0},{"damage_healed":0.0,"max_hp_gain":0.0,"max_hp_loss":0.0,"gold_gain":0.0,"event_name":"The Mausoleum","player_choice":"Ignored","floor":20.0,"gold_loss":0.0,"damage_taken":0.0},{"damage_healed":0.0,"max_hp_gain":0.0,"max_hp_loss":0.0,"gold_gain":50.0,"event_name":"FaceTrader","player_choice":"Touch","floor":21.0,"gold_loss":0.0,"damage_taken":7.0},{"cards_removed":["Machine Learning"],"damage_healed":0.0,"max_hp_gain":0.0,"max_hp_loss":0.0,"gold_gain":0.0,"event_name":"Falling","player_choice":"Removed Power","floor":36.0,"gold_loss":0.0,"damage_taken":0.0},{"damage_healed":0.0,"max_hp_gain":0.0,"max_hp_loss":0.0,"gold_gain":50.0,"event_name":"Golden Shrine","player_choice":"Pray","floor":38.0,"gold_loss":0.0,"damage_taken":0.0}],"is_beta":false,"boss_relics":[{"not_picked":["Pandora\u0027s Box","Philosopher\u0027s Stone"],"picked":"Inserter"},{"not_picked":["Calling Bell","Runic Pyramid"],"picked":"Black Star"}],"items_purged_floors":[28],"is_endless":false,"potions_floor_spawned":[1,2,12,14,22,24,31,39],"killed_by":"Reptomancer","ascension_level":20}