{"gold_per_floor":[217,29,29,29,49,49,79,91,91,91,107,119,146,221,221,221],"floor_reached":16,"playtime":782,"items_purged":[],"score":149,"play_id":"e4db638d-1759-4912-9014-a7f451a0da29","local_time":"20190104002329","is_ascension_mode":true,"campfire_choices":[{"floor":6,"key":"REST"},{"data":"Clothesline","floor":10,"key":"SMITH"},{"data":"Inflame","floor":15,"key":"SMITH"}],"neow_cost":"NONE","seed_source_timestamp":1901124812556535,"circlet_count":0,"master_deck":["Strike_R","Strike_R","Strike_R","Defend_R","Defend_R","Defend_R","Defend_R","Bash","Shrug It Off","Anger","Berserk","Clothesline+1","Headbutt","Thunderclap","Cleave","Flame Barrier","Inflame+1"],"relics":["Burning Blood","Bag of Marbles","Boot","The Courier","PreservedInsect"],"potions_floor_usage":[7,7,13],"damage_taken":[{"damage":25,"enemies":"Jaw Worm","floor":1,"turns":5},{"damage":6,"enemies":"Small Slimes","floor":5,"turns":4},{"damage":22,"enemies":"Lagavulin","floor":7,"turns":5},{"damage":0,"enemies":"Cultist","floor":8,"turns":2},{"damage":18,"enemies":"Gremlin Gang","floor":11,"turns":3},{"damage":10,"enemies":"2 Fungi Beasts","floor":12,"turns":4},{"damage":16,"enemies":"Gremlin Nob","floor":13,"turns":3},{"damage":33,"enemies":"Hexaghost","floor":16,"turns":9}],"seed_played":"6795523138292964682","potions_obtained":[{"floor":1,"key":"SkillPotion"},{"floor":5,"key":"Ancient Potion"},{"floor":8,"key":"Strength Potion"}],"is_trial":false,"path_per_floor":["M","$","?","?","M","R","E","M","T","R","M","M","E","?","R","B"],"character_chosen":"IRONCLAD","items_purchased":["Bag of Marbles","Shrug It Off"],"campfire_rested":1,"item_purchase_floors":[2,2],"current_hp_per_floor":[53,53,53,53,53,77,61,67,67,67,55,51,41,30,30,0],"gold":221,"neow_bonus":"HUNDRED_GOLD","is_prod":false,"is_daily":false,"chose_seed":false,"campfire_upgraded":2,"win_rate":0,"timestamp":1546579409,"path_taken":["M","$","?","?","?","R","E","M","T","R","M","?","E","?","R","BOSS"],"build_version":"2019-01-03v3","purchased_purges":0,"victory":false,"max_hp_per_floor":[80,80,80,80,80,80,80,80,80,80,80,80,80,80,80,80],"card_choices":[{"not_picked":["Havoc","Bloodletting","Body Slam"],"picked":"SKIP","floor":1},{"not_picked":["Blood for Blood","Shrug It Off"],"picked":"Clothesline","floor":5},{"not_picked":["Entrench","Shrug It Off"],"picked":"Headbutt","floor":7},{"not_picked":["Heavy Blade","Shrug It Off"],"picked":"Thunderclap","floor":8},{"not_picked":["Berserk","Heavy Blade"],"picked":"Cleave","floor":11},{"not_picked":["Battle Trance","Sword Boomerang"],"picked":"Flame Barrier","floor":12},{"not_picked":["Pommel Strike","Hemokinesis"],"picked":"Inflame","floor":13}],"player_experience":195158,"relics_obtained":[{"floor":7,"key":"Boot"},{"floor":9,"key":"The Courier"},{"floor":13,"key":"PreservedInsect"}],"event_choices":[{"damage_healed":0,"gold_gain":0,"cards_transformed":["Strike_R"],"player_choice":"Change","damage_taken":0,"max_hp_gain":0,"max_hp_loss":0,"event_name":"Living Wall","floor":3,"gold_loss":0,"cards_obtained":["Anger"]},{"damage_healed":0,"gold_gain":0,"cards_transformed":["Strike_R"],"player_choice":"Transformed","damage_taken":0,"max_hp_gain":0,"max_hp_loss":0,"event_name":"Transmorgrifier","floor":4,"gold_loss":0,"cards_obtained":["Berserk"]},{"damage_healed":0,"gold_gain":75,"player_choice":"Gather Gold","damage_taken":11,"max_hp_gain":0,"max_hp_loss":0,"event_name":"World of Goop","floor":14,"gold_loss":0}],"is_beta":false,"boss_relics":[],"items_purged_floors":[],"is_endless":false,"potions_floor_spawned":[1,5,8],"killed_by":"Hexaghost","ascension_level":7}