{"gold_per_floor":[118,193,205,205,222,222,239,264,264,276,288],"floor_reached":11,"playtime":438,"items_purged":[],"score":124,"play_id":"9c39316d-49ae-40fa-8488-cfe8881d39df","local_time":"20190514004927","is_ascension_mode":true,"campfire_choices":[{"data":"Zap","floor":6,"key":"SMITH"},{"data":"Defragment","floor":10,"key":"SMITH"}],"neow_cost":"NONE","seed_source_timestamp":802761960079791,"circlet_count":0,"master_deck":["AscendersBane","Strike_B","Strike_B","Strike_B","Strike_B","Defend_B","Defend_B","Defend_B","Defend_B","Zap+1","Dualcast","Defragment+1","Compile Driver","Conserve Battery","Coolheaded","Steam"],"relics":["Cracked Core","Matryoshka","Bottled Tornado","MawBank","Ice Cream"],"potions_floor_usage":[],"damage_taken":[{"damage":0,"enemies":"Small Slimes","floor":1,"turns":3},{"damage":3,"enemies":"Jaw Worm","floor":3,"turns":4},{"damage":0,"enemies":"2 Louse","floor":5,"turns":2},{"damage":7,"enemies":"2 Fungi Beasts","floor":7,"turns":4},{"damage":5,"enemies":"Lagavulin","floor":8,"turns":8},{"damage":70,"enemies":"Gremlin Nob","floor":11,"turns":5}],"seed_played":"-6085157847712435677","potions_obtained":[{"floor":5,"key":"LiquidBronze"}],"is_trial":false,"path_per_floor":["M","?","M","T","M","R","M","E","T","R","E"],"character_chosen":"DEFECT","items_purchased":[],"campfire_rested":0,"item_purchase_floors":[],"current_hp_per_floor":[71,60,57,57,57,57,50,45,45,45,0],"gold":288,"neow_bonus":"TEN_PERCENT_HP_BONUS","is_prod":false,"is_daily":false,"chose_seed":false,"campfire_upgraded":2,"win_rate":0,"timestamp":1557809367,"path_taken":["M","?","M","?","M","R","M","E","T","R","E"],"build_version":"2019-01-23","purchased_purges":0,"victory":false,"max_hp_per_floor":[78,78,78,78,78,78,78,78,78,78,78],"card_choices":[{"not_picked":["Gash","Consume"],"picked":"Defragment","floor":1},{"not_picked":["Barrage","Steam Power"],"picked":"Compile Driver","floor":3},{"not_picked":["Rip and Tear","Go for the Eyes"],"picked":"Conserve Battery","floor":5},{"not_picked":["Cold Snap","Blizzard"],"picked":"Coolheaded","floor":7},{"not_picked":["Undo","White Noise"],"picked":"Steam","floor":8}],"player_experience":598853,"relics_obtained":[{"floor":4,"key":"Matryoshka"},{"floor":8,"key":"Bottled Tornado"},{"floor":9,"key":"MawBank"},{"floor":9,"key":"Ice Cream"}],"event_choices":[{"damage_healed":0,"gold_gain":75,"player_choice":"Gather Gold","damage_taken":11,"max_hp_gain":0,"max_hp_loss":0,"event_name":"World of Goop","floor":2,"gold_loss":0}],"is_beta":false,"boss_relics":[],"items_purged_floors":[],"is_endless":false,"potions_floor_spawned":[5],"killed_by":"Gremlin Nob","ascension_level":14}