{"gold_per_floor":[211,228,16,66,84,115,115,140,166,166,200,214,233,233,233,306,306,318,233,36,36,36,62,62,75,75,90,121,121,133,33,33,109,109,127,140,140,415,220,255,271,302,378,228,256,256,273,305,305,305,305,305,12,47,47],"floor_reached":55,"playtime":2874,"items_purged":["Strike_R","Strike_R+1","Regret","Strike_R+1"],"score":1503,"play_id":"f8ad23e3-349e-414d-a3cc-4f93de005966","local_time":"20190525121409","is_ascension_mode":true,"campfire_choices":[{"data":"Whirlwind","floor":7,"key":"SMITH"},{"data":"Disarm","floor":10,"key":"SMITH"},{"floor":15,"key":"REST"},{"data":"True Grit","floor":24,"key":"SMITH"},{"data":"Limit Break","floor":29,"key":"SMITH"},{"data":"Inflame","floor":32,"key":"SMITH"},{"floor":46,"key":"RECALL"},{"floor":49,"key":"REST"},{"data":"Bash","floor":52,"key":"SMITH"}],"neow_cost":"NONE","seed_source_timestamp":471131316722344,"circlet_count":0,"master_deck":["AscendersBane","Strike_R+1","Strike_R+1","Defend_R+1","Defend_R+1","Defend_R+1","Defend_R+1","Bash+1","Iron Wave","Whirlwind+1","Feed+1","Disarm+1","Clothesline","Spot Weakness","Sword Boomerang","Clothesline","Limit Break+1","True Grit+1","Fiend Fire+1","Shrug It Off","Shrug It Off","Inflame+1","Shrug It Off+1","Corruption","Limit Break+1","Disarm"],"special_seed":0,"relics":["Burning Blood","PreservedInsect","Whetstone","Blood Vial","Vajra","Boot","Runic Pyramid","Molten Egg 2","Pen Nib","Regal Pillow","WingedGreaves","Busted Crown","Bag of Marbles","Gremlin Horn","Incense Burner","Omamori","DollysMirror","Bottled Lightning"],"potions_floor_usage":[16,47,55,55],"damage_taken":[{"damage":7,"enemies":"Small Slimes","floor":1,"turns":4},{"damage":6,"enemies":"Cultist","floor":2,"turns":4},{"damage":4,"enemies":"2 Louse","floor":5,"turns":3},{"damage":8,"enemies":"Gremlin Nob","floor":6,"turns":3},{"damage":26,"enemies":"Lagavulin","floor":8,"turns":7},{"damage":15,"enemies":"3 Sentries","floor":11,"turns":4},{"damage":16,"enemies":"Exordium Thugs","floor":12,"turns":3},{"damage":5,"enemies":"3 Louse","floor":13,"turns":3},{"damage":28,"enemies":"Slime Boss","floor":16,"turns":12},{"damage":23,"enemies":"Shell Parasite","floor":18,"turns":5},{"damage":7,"enemies":"Book of Stabbing","floor":23,"turns":4},{"damage":0,"enemies":"Chosen","floor":25,"turns":6},{"damage":0,"enemies":"Sentry and Sphere","floor":27,"turns":3},{"damage":2,"enemies":"Gremlin Leader","floor":28,"turns":2},{"damage":5,"enemies":"Cultist and Chosen","floor":30,"turns":4},{"damage":63,"enemies":"Collector","floor":33,"turns":8},{"damage":1,"enemies":"3 Darklings","floor":35,"turns":2},{"damage":0,"enemies":"3 Shapes","floor":36,"turns":8},{"damage":13,"enemies":"Giant Head","floor":40,"turns":6},{"damage":50,"enemies":"Jaw Worm Horde","floor":41,"turns":4},{"damage":18,"enemies":"Reptomancer","floor":42,"turns":6},{"damage":0,"enemies":"Giant Head","floor":45,"turns":6},{"damage":32,"enemies":"Spire Growth","floor":47,"turns":4},{"damage":3,"enemies":"Nemesis","floor":48,"turns":5},{"damage":48,"enemies":"Time Eater","floor":50,"turns":7},{"damage":41,"enemies":"Shield and Spear","floor":54,"turns":6},{"damage":77,"enemies":"The Heart","floor":55,"turns":5}],"seed_played":"-5368342635944366165","potions_obtained":[{"floor":8,"key":"Weak Potion"},{"floor":12,"key":"Strength Potion"},{"floor":18,"key":"GamblersBrew"}],"is_trial":false,"path_per_floor":["M","M","$","?","M","E","R","E","T","R","E","M","M","?","R","B",null,"M","?","$","?","?","E","R","M","T","M","E","R","M","$","R","B",null,"M","M","$","?","$","E","M","E","T","$","E","R","M","E","R","B",null,"R","$","E","B"],"character_chosen":"IRONCLAD","items_purchased":["PreservedInsect","Whirlwind","Fiend Fire+1","Shrug It Off","Corruption","DollysMirror","SteroidPotion","Disarm"],"campfire_rested":2,"item_purchase_floors":[3,3,20,20,39,53,53,53],"current_hp_per_floor":[67,67,67,60,62,60,60,40,40,40,37,33,40,40,66,50,81,70,70,70,70,70,71,71,83,83,95,101,101,103,103,103,46,89,96,107,107,107,107,100,62,56,56,56,64,64,40,49,99,59,104,104,104,75,0],"gold":47,"neow_bonus":"HUNDRED_GOLD","is_prod":false,"is_daily":false,"chose_seed":false,"campfire_upgraded":6,"win_rate":0,"timestamp":1558800849,"path_taken":["M","M","$","?","?","E","R","E","T","R","E","M","M","?","R","BOSS","M","?","$","?","?","E","R","M","T","M","E","R","M","$","R","BOSS","M","?","$","?","$","E","M","E","T","$","E","R","?","E","R","BOSS","R","$","E","BOSS"],"build_version":"2019-01-23","purchased_purges":4,"victory":false,"max_hp_per_floor":[75,75,75,75,75,75,75,75,75,75,79,83,87,87,87,91,91,95,95,95,95,95,95,95,99,99,103,103,103,103,103,103,103,103,103,107,107,107,107,107,111,115,115,115,115,115,115,119,119,119,119,119,119,123,123],"card_choices":[{"not_picked":["Armaments","Evolve"],"picked":"Iron Wave","floor":1},{"not_picked":["Evolve","Entrench"],"picked":"Wild Strike","floor":2},{"not_picked":["Clothesline","Armaments"],"picked":"Feed","floor":5},{"not_picked":["Flame Barrier","Cleave"],"picked":"Disarm","floor":6},{"not_picked":["Combust","Intimidate"],"picked":"Clothesline","floor":8},{"not_picked":["Perfected Strike","Dual Wield","Searing Blow"],"picked":"SKIP","floor":11},{"not_picked":["True Grit","Exhume"],"picked":"Spot Weakness","floor":12},{"not_picked":["Rupture","Flex"],"picked":"Sword Boomerang","floor":13},{"not_picked":["Offering","Dark Embrace"],"picked":"Limit Break","floor":16},{"not_picked":["Sentinel","Iron Wave+1"],"picked":"True Grit","floor":18},{"not_picked":["Body Slam+1","Ghostly Armor","Dual Wield"],"picked":"SKIP","floor":23},{"not_picked":["Evolve","Blood for Blood+1"],"picked":"Shrug It Off","floor":25},{"not_picked":["Cleave+1","Fire Breathing","Iron Wave+1"],"picked":"SKIP","floor":27},{"not_picked":["Iron Wave+1","Carnage+1","Combust+1"],"picked":"SKIP","floor":28},{"not_picked":["Headbutt+1","Evolve+1"],"picked":"Inflame","floor":30},{"not_picked":["Havoc"],"picked":"SKIP","floor":35},{"not_picked":[],"picked":"Shrug It Off+1","floor":36},{"not_picked":["Fire Breathing+1"],"picked":"SKIP","floor":40},{"not_picked":["Flex"],"picked":"SKIP","floor":41},{"not_picked":["Warcry"],"picked":"SKIP","floor":42},{"not_picked":["Intimidate+1"],"picked":"SKIP","floor":45},{"not_picked":["Rupture+1"],"picked":"SKIP","floor":47},{"not_picked":["Perfected Strike+1"],"picked":"SKIP","floor":48},{"not_picked":["Whirlwind+1"],"picked":"SKIP","floor":54}],"player_experience":1326763,"relics_obtained":[{"floor":6,"key":"Whetstone"},{"floor":8,"key":"Blood Vial"},{"floor":9,"key":"Vajra"},{"floor":11,"key":"Boot"},{"floor":23,"key":"Pen Nib"},{"floor":26,"key":"Regal Pillow"},{"floor":28,"key":"WingedGreaves"},{"floor":40,"key":"Bag of Marbles"},{"floor":42,"key":"Gremlin Horn"},{"floor":45,"key":"Incense Burner"},{"floor":48,"key":"Omamori"},{"floor":54,"key":"Bottled Lightning"}],"event_choices":[{"damage_healed":0,"gold_gain":50,"player_choice":"Touch","damage_taken":7,"max_hp_gain":0,"max_hp_loss":0,"event_name":"FaceTrader","floor":4,"gold_loss":0},{"damage_healed":0,"gold_gain":0,"player_choice":"1 cards matched","damage_taken":0,"max_hp_gain":0,"max_hp_loss":0,"event_name":"Match and Keep!","floor":14,"gold_loss":0,"cards_obtained":["Clothesline"]},{"damage_healed":0,"gold_gain":0,"player_choice":"Obtained Relic","damage_taken":0,"relics_obtained":["Molten Egg 2"],"max_hp_gain":0,"max_hp_loss":0,"event_name":"Addict","floor":19,"gold_loss":85},{"damage_healed":0,"gold_gain":0,"player_choice":"Simplicity","damage_taken":0,"max_hp_gain":0,"max_hp_loss":0,"event_name":"Back to Basics","floor":21,"gold_loss":0,"cards_upgraded":["Strike_R","Strike_R","Strike_R","Defend_R","Defend_R","Defend_R","Defend_R"]},{"cards_removed":["Wild Strike"],"damage_healed":0,"gold_gain":0,"player_choice":"Purged","damage_taken":0,"max_hp_gain":0,"max_hp_loss":0,"event_name":"Purifier","floor":22,"gold_loss":0},{"damage_healed":0,"gold_gain":275,"player_choice":"Desecrate","damage_taken":0,"max_hp_gain":0,"max_hp_loss":0,"event_name":"Golden Shrine","floor":38,"gold_loss":0,"cards_obtained":["Regret"]}],"is_beta":false,"boss_relics":[{"not_picked":["Runic Cube","Orrery"],"picked":"Runic Pyramid"},{"not_picked":["Snecko Eye","Calling Bell"],"picked":"Busted Crown"}],"items_purged_floors":[20,31,39,44],"is_endless":false,"potions_floor_spawned":[8,12,18,23,33,36,40,45,54],"killed_by":"The Heart","ascension_level":15}