{"gold_per_floor":[113,124,124,138,63,91,91,41,41,66,83,113,113,140,140,235,235,255,269,286,296,310,341,13,13],"floor_reached":25,"playtime":2905,"items_purged":["Regret","Defend_B"],"score":266,"play_id":"8137a040-e9bd-4c55-9f96-d13c4d9e8d14","local_time":"20190424225020","is_ascension_mode":true,"campfire_choices":[{"data":"White Noise","floor":7,"key":"SMITH"},{"data":"Coolheaded","floor":13,"key":"SMITH"},{"data":"Go for the Eyes","floor":15,"key":"SMITH"}],"neow_cost":"NONE","seed_source_timestamp":4352951667022298,"circlet_count":0,"master_deck":["Strike_B","Strike_B","Defend_B","Defend_B","Defend_B","Zap","Dualcast","White Noise+1","Cold Snap","Coolheaded+1","Ball Lightning","Reprogram","Genetic Algorithm","Cold Snap","Go for the Eyes+1","Electrodynamics","Defragment","Storm","Loop+1","Reinforced Body"],"relics":["Cracked Core","Meat on the Bone","Anchor","Kunai","Dodecahedron","Bag of Preparation","Darkstone Periapt","White Beast Statue","Blood Vial","Orichalcum"],"potions_floor_usage":[10,16,19,22,23,25,25,25,25],"damage_taken":[{"damage":7,"enemies":"Cultist","floor":1,"turns":5},{"damage":0,"enemies":"2 Louse","floor":2,"turns":2},{"damage":8,"enemies":"Jaw Worm","floor":4,"turns":3},{"damage":18,"enemies":"3 Sentries","floor":6,"turns":8},{"damage":16,"enemies":"Gremlin Nob","floor":10,"turns":4},{"damage":3,"enemies":"Red Slaver","floor":11,"turns":3},{"damage":11,"enemies":"3 Sentries","floor":12,"turns":7},{"damage":8,"enemies":"Lagavulin","floor":14,"turns":6},{"damage":30,"enemies":"Hexaghost","floor":16,"turns":14},{"damage":0,"enemies":"Chosen","floor":18,"turns":4},{"damage":0,"enemies":"2 Thieves","floor":19,"turns":3},{"damage":6,"enemies":"Centurion and Healer","floor":20,"turns":3},{"damage":15,"enemies":"Sentry and Sphere","floor":21,"turns":6},{"damage":6,"enemies":"Shelled Parasite and Fungi","floor":22,"turns":7},{"damage":10,"enemies":"Slavers","floor":23,"turns":5},{"damage":44,"enemies":"Book of Stabbing","floor":25,"turns":4}],"seed_played":"7185290727694140080","potions_obtained":[{"floor":6,"key":"Poison Potion"},{"floor":10,"key":"Dexterity Potion"},{"floor":11,"key":"SmokeBomb"},{"floor":12,"key":"SteroidPotion"},{"floor":18,"key":"Poison Potion"},{"floor":19,"key":"FearPotion"},{"floor":22,"key":"FearPotion"},{"floor":23,"key":"EntropicBrew"}],"is_trial":false,"path_per_floor":["M","M","?","M","$","E","R","?","T","E","M","E","R","E","R","B",null,"M","M","M","M","M","E","$","E"],"character_chosen":"DEFECT","items_purchased":["Orichalcum","Reinforced Body"],"campfire_rested":0,"item_purchase_floors":[24,24],"current_hp_per_floor":[68,68,68,60,60,42,42,42,42,38,47,48,48,40,40,22,75,75,75,69,54,48,38,38,0],"gold":13,"neow_bonus":"TRANSFORM_CARD","is_prod":false,"is_daily":false,"chose_seed":false,"campfire_upgraded":3,"win_rate":0,"timestamp":1556160620,"path_taken":["M","?","?","M","$","E","R","?","T","E","?","E","R","E","R","BOSS","M","M","M","M","M","E","$","E"],"build_version":"2019-01-23","purchased_purges":2,"victory":false,"max_hp_per_floor":[75,75,75,75,75,75,75,75,75,75,75,75,75,75,75,75,75,75,75,75,75,75,75,75,75],"card_choices":[{"not_picked":["Gash","Static Discharge"],"picked":"Cold Snap","floor":1},{"not_picked":["Leap","Redo"],"picked":"Coolheaded","floor":2},{"not_picked":["Steam Power","Scrape"],"picked":"Ball Lightning","floor":4},{"not_picked":["Static Discharge","Chaos"],"picked":"Reprogram","floor":6},{"not_picked":["Redo","Static Discharge"],"picked":"Genetic Algorithm","floor":10},{"not_picked":["Gash","Leap"],"picked":"Cold Snap","floor":11},{"not_picked":["Thunder Strike","Sweeping Beam"],"picked":"Go for the Eyes","floor":12},{"not_picked":["Stack","Storm","Steam"],"picked":"SKIP","floor":14},{"not_picked":["Fission","Buffer"],"picked":"Electrodynamics","floor":16},{"not_picked":["Aggregate","Rebound"],"picked":"Defragment","floor":18},{"not_picked":["Cold Snap","Coolheaded"],"picked":"Storm","floor":19},{"not_picked":["Stack","Sweeping Beam+1","Scrape"],"picked":"SKIP","floor":20},{"not_picked":["Melter","Rip and Tear","Blizzard"],"picked":"SKIP","floor":21},{"not_picked":["Coolheaded","Darkness","Hologram"],"picked":"SKIP","floor":22},{"not_picked":["Conserve Battery","Steam"],"picked":"Loop+1","floor":23}],"player_experience":128341,"relics_obtained":[{"floor":6,"key":"Anchor"},{"floor":9,"key":"Kunai"},{"floor":10,"key":"Dodecahedron"},{"floor":12,"key":"Bag of Preparation"},{"floor":14,"key":"Darkstone Periapt"},{"floor":23,"key":"Blood Vial"}],"event_choices":[{"damage_healed":0,"gold_gain":0,"player_choice":"Box","damage_taken":0,"relics_obtained":["Meat on the Bone"],"max_hp_gain":0,"max_hp_loss":0,"event_name":"Big Fish","floor":3,"gold_loss":0,"cards_obtained":["Regret"]},{"cards_removed":["Strike_B"],"damage_healed":0,"gold_gain":0,"player_choice":"Card Removal","damage_taken":0,"max_hp_gain":0,"max_hp_loss":0,"event_name":"The Cleric","floor":8,"gold_loss":50}],"is_beta":false,"boss_relics":[{"not_picked":["Runic Dome","Fusion Hammer"],"picked":"White Beast Statue"}],"items_purged_floors":[5,24],"is_endless":false,"potions_floor_spawned":[6,10,11,12,18,19,20,21,22,23],"killed_by":"Book of Stabbing","ascension_level":1}