{"gold_per_floor":[115,125,125,141,141,141,160,194,194,204,218,252,252,252,252,326,326,337,337,364,11,0,0],"floor_reached":23,"playtime":1185,"items_purged":["Strike_B"],"score":498,"play_id":"4ee0d47c-b1cd-4f18-8cb0-f35fb5ed4239","local_time":"20190516015200","is_ascension_mode":true,"campfire_choices":[{"floor":6.0,"key":"REST"},{"data":"Undo","floor":13.0,"key":"SMITH"},{"data":"Echo Form","floor":15.0,"key":"SMITH"}],"neow_cost":"NONE","seed_source_timestamp":126379209297293,"circlet_count":0,"master_deck":["AscendersBane","Strike_B+1","Strike_B","Defend_B","Defend_B","Defend_B","Defend_B","Zap+1","Dualcast","Ball Lightning","Undo+1","Ball Lightning+1","Coolheaded","Echo Form+1","FTL","Sweeping Beam","Conserve Battery","Electrodynamics","Reinforced Body","Coolheaded","Defragment"],"special_seed":0,"relics":["Cracked Core","NeowsBlessing","Bottled Flame","Mango","Ice Cream","Eternal Feather","Red Mask"],"potions_floor_usage":[22,23],"damage_taken":[{"damage":0.0,"enemies":"Small Slimes","floor":1.0,"turns":1.0},{"damage":0.0,"enemies":"Cultist","floor":2.0,"turns":1.0},{"damage":0.0,"enemies":"2 Louse","floor":4.0,"turns":1.0},{"damage":11.0,"enemies":"Exordium Thugs","floor":7.0,"turns":2.0},{"damage":7.0,"enemies":"Gremlin Nob","floor":8.0,"turns":3.0},{"damage":0.0,"enemies":"Large Slime","floor":10.0,"turns":3.0},{"damage":10.0,"enemies":"3 Louse","floor":11.0,"turns":3.0},{"damage":5.0,"enemies":"Lagavulin","floor":12.0,"turns":5.0},{"damage":0.0,"enemies":"Slime Boss","floor":16.0,"turns":7.0},{"damage":25.0,"enemies":"Shell Parasite","floor":18.0,"turns":6.0},{"damage":14.0,"enemies":"Colosseum Slavers","floor":19.0,"turns":3.0},{"damage":36.0,"enemies":"Masked Bandits","floor":20.0,"turns":3.0},{"damage":5,"enemies":"2 Thieves","floor":22,"turns":4},{"damage":24,"enemies":"Slavers","floor":23,"turns":3}],"seed_played":"-2046202347838300720","potions_obtained":[{"floor":1.0,"key":"FocusPotion"},{"floor":8.0,"key":"Regen Potion"},{"floor":12.0,"key":"Fire Potion"}],"is_trial":false,"path_per_floor":["M","M","?","M","?","R","M","E","T","M","M","E","R","?","R","B",null,"M","?","?","$","M","E"],"character_chosen":"DEFECT","items_purchased":["Regen Potion","Coolheaded","Defragment","Poison Potion"],"campfire_rested":1,"item_purchase_floors":[21,21,21,21],"current_hp_per_floor":[64,64,64,64,43,64,53,46,60,60,50,59,59,59,59,59,79,54,40,4,4,13,0],"gold":0,"neow_bonus":"THREE_ENEMY_KILL","is_prod":false,"is_daily":false,"chose_seed":false,"campfire_upgraded":2,"win_rate":0,"timestamp":1557985920,"path_taken":["M","M","?","?","?","R","M","E","T","M","M","E","R","?","R","BOSS","M","?","?","$","M","E"],"build_version":"2019-01-23","purchased_purges":1,"victory":false,"max_hp_per_floor":[71,71,71,71,71,71,71,71,85,85,85,85,85,85,85,85,85,85,85,85,85,85,85],"card_choices":[{"not_picked":["Auto Shields","Compile Driver"],"picked":"Ball Lightning","floor":1.0},{"not_picked":["Turbo","Stack"],"picked":"Undo","floor":2.0},{"not_picked":["Recycle","Stack"],"picked":"Ball Lightning","floor":4.0},{"not_picked":["Sweeping Beam","Gash"],"picked":"Coolheaded","floor":7.0},{"not_picked":["Steam Power","Steam"],"picked":"Echo Form","floor":8.0},{"not_picked":["Compile Driver","Streamline"],"picked":"FTL","floor":10.0},{"not_picked":["Undo","Cold Snap"],"picked":"Sweeping Beam","floor":11.0},{"not_picked":["Scrape","Turbo"],"picked":"Conserve Battery","floor":12.0},{"not_picked":["Biased Cognition","Echo Form"],"picked":"Electrodynamics","floor":16.0},{"not_picked":["Compile Driver","Blizzard+1"],"picked":"Reinforced Body","floor":18.0},{"not_picked":["Hello World","Doom and Gloom","Hologram"],"picked":"SKIP","floor":22}],"player_experience":681315,"relics_obtained":[{"floor":8.0,"key":"Bottled Flame"},{"floor":9.0,"key":"Mango"},{"floor":12.0,"key":"Ice Cream"},{"floor":20.0,"key":"Red Mask"}],"event_choices":[{"damage_healed":0.0,"max_hp_gain":0.0,"max_hp_loss":0.0,"gold_gain":0.0,"event_name":"Upgrade Shrine","player_choice":"Upgraded","floor":3.0,"gold_loss":0.0,"damage_taken":0.0,"cards_upgraded":["Zap"]},{"damage_healed":0.0,"max_hp_gain":0.0,"max_hp_loss":0.0,"gold_gain":0.0,"event_name":"Shining Light","player_choice":"Entered Light","floor":5.0,"gold_loss":0.0,"damage_taken":21.0,"cards_upgraded":["Strike_B","Ball Lightning"]},{"cards_removed":["Strike_B"],"damage_healed":0.0,"max_hp_gain":0.0,"max_hp_loss":0.0,"gold_gain":0.0,"event_name":"Living Wall","player_choice":"Forget","floor":14.0,"gold_loss":0.0,"damage_taken":0.0},{"damage_healed":0.0,"max_hp_gain":0.0,"max_hp_loss":0.0,"gold_gain":0.0,"event_name":"Colosseum","player_choice":"Fight","floor":19.0,"gold_loss":0.0,"damage_taken":0.0},{"damage_healed":0.0,"max_hp_gain":0.0,"max_hp_loss":0.0,"gold_gain":0.0,"event_name":"Colosseum","player_choice":"Fled From Nobs","floor":19.0,"gold_loss":0.0,"damage_taken":0.0},{"damage_healed":0.0,"max_hp_gain":0.0,"max_hp_loss":0.0,"gold_gain":0.0,"event_name":"Masked Bandits","player_choice":"Fought Bandits","floor":20.0,"gold_loss":0.0,"damage_taken":0.0}],"is_beta":false,"boss_relics":[{"not_picked":["Pandora\u0027s Box","Coffee Dripper"],"picked":"Eternal Feather"}],"items_purged_floors":[21],"is_endless":false,"potions_floor_spawned":[1,8,12],"killed_by":"Slavers","ascension_level":20}