{"path_per_floor":["M","T","$","T","$","M","E","$","T","R","M","M","R","?","R","B",null,"M","?","$","M","M"],"character_chosen":"IRONCLAD","items_purchased":["Flash of Steel","Shrug It Off"],"gold_per_floor":[111,185,8,8,8,25,53,53,53,53,66,82,82,82,82,184,184,201,201,47,64,83],"floor_reached":23,"campfire_rested":1,"playtime":1063,"current_hp_per_floor":[80,80,80,80,80,80,80,80,80,80,80,72,72,56,80,35,80,64,64,64,56,50],"items_purged":["Defend_R","Defend_R"],"gold":83,"play_id":"1c15874d-5145-41d7-8054-a91d40c7adcd","is_prod":false,"is_daily":false,"is_ascension_mode":false,"campfire_upgraded":2,"path_taken":["M","?","$","?","?","M","E","$","T","R","M","?","R","?","R","BOSS","M","?","$","M","?","E"],"build_version":"2018-02-01-PROD3","purchased_purges":2,"victory":false,"master_deck":["Strike_R","Strike_R","Strike_R","Strike_R","Strike_R+1","Defend_R","Defend_R","Bash+1","Blood for Blood+1","Flash of Steel+1","Shrug It Off+1","Immolate+1","Thunderclap+1","Dual Wield+1","Flash of Steel+1","Shrug It Off","True Grit+1"],"max_hp_per_floor":[80,80,80,80,80,80,80,80,80,80,80,80,80,80,80,80,80,80,80,80,80,80],"relics":["Burning Blood","NeowsBlessing","Molten Egg 2","Ancient Tea Set","Ginger","Frozen Eye","Black Star"],"card_choices":[{"not_picked":["Iron Wave","Evolve"],"picked":"Blood for Blood"},{"not_picked":["Blood for Blood","Dual Wield"],"picked":"Shrug It Off"},{"not_picked":["Clash","Flame Barrier"],"picked":"Immolate"},{"not_picked":["Anger","Seeing Red"],"picked":"Thunderclap"},{"not_picked":["Sword Boomerang","Cleave"],"picked":"Dual Wield"},{"not_picked":["Sever Soul","Limit Break"],"picked":"True Grit"}],"player_experience":36246,"potions_floor_usage":[22,23],"damage_taken":[{"damage":0,"enemies":"Blue Slaver","floor":1,"turns":1},{"damage":0,"enemies":"Cultist","floor":6,"turns":1},{"damage":0,"enemies":"Lagavulin","floor":7,"turns":1},{"damage":6,"enemies":"Jaw Worm","floor":11,"turns":2},{"damage":14,"enemies":"3 Louse","floor":12,"turns":3},{"damage":51,"enemies":"Slime Boss","floor":16,"turns":9},{"damage":22,"enemies":"Shell Parasite","floor":18,"turns":5},{"damage":14,"enemies":"2 Thieves","floor":21,"turns":4},{"damage":12,"enemies":"Centurion and Healer","floor":22,"turns":3},{"damage":50,"enemies":"Book of Stabbing","floor":23,"turns":4}],"event_choices":[{"event_name":"Shining Light","player_choice":"Entered Light","floor":14,"damage_taken":0},{"event_name":"Duplicator","player_choice":"One dupe","floor":19,"damage_taken":0}],"boss_relics":[{"not_picked":["Velvet Choker","White Beast Statue"],"picked":"Black Star"}],"potions_floor_spawned":[6,11,12,21],"seed_played":"62230695283676993","killed_by":"Book of Stabbing","ascension_level":0,"is_trial":false}