{"gold_per_floor":[359,359,18,30,42,42,74,87,87,87,37,37,37,137,137,233,233,251,263,34,34,44,44,70,70,70,95,126,126,142,168,168,168],"floor_reached":33,"playtime":3834,"items_purged":[],"score":522,"play_id":"9ec466b3-c47e-4d45-8125-dded4ea58d42","local_time":"20190504135217","is_ascension_mode":true,"campfire_choices":[{"data":"Neutralize","floor":6,"key":"SMITH"},{"floor":10,"key":"REST"},{"floor":15,"key":"REST"},{"data":"Cloak And Dagger","floor":23,"key":"SMITH"},{"data":"Adrenaline","floor":25,"key":"SMITH"},{"data":"Cloak And Dagger","floor":29,"key":"SMITH"},{"data":"Infinite Blades","floor":32,"key":"SMITH"}],"neow_cost":"CURSE","seed_source_timestamp":5183764828775522,"circlet_count":0,"master_deck":["AscendersBane","Defend_G","Defend_G","Defend_G","Defend_G","Defend_G","Strike_G+1","Strike_G","Strike_G","Strike_G","Strike_G","Survivor+1","Neutralize+1","Finisher+1","Blade Dance","Adrenaline+1","Corpse Explosion","PiercingWail","Glass Knife+1","Dodge and Roll","Cloak And Dagger+1","Glass Knife","Tools of the Trade","Terror","Cloak And Dagger+1","Predator","Leg Sweep","Infinite Blades+1"],"relics":["Ring of the Snake","FossilizedHelix","Bottled Lightning","Matryoshka","Unceasing Top","Sozu","Whetstone","Sundial","Strawberry","Peace Pipe","Mercury Hourglass","Red Mask","Centennial Puzzle"],"potions_floor_usage":[7,22],"damage_taken":[{"damage":6,"enemies":"Jaw Worm","floor":1,"turns":8},{"damage":0,"enemies":"2 Louse","floor":4,"turns":3},{"damage":0,"enemies":"Cultist","floor":5,"turns":4},{"damage":33,"enemies":"Gremlin Nob","floor":7,"turns":5},{"damage":0,"enemies":"Looter","floor":8,"turns":3},{"damage":29,"enemies":"The Guardian","floor":16,"turns":18},{"damage":2,"enemies":"Shell Parasite","floor":18,"turns":5},{"damage":0,"enemies":"Chosen","floor":19,"turns":5},{"damage":4,"enemies":"Centurion and Healer","floor":22,"turns":5},{"damage":0,"enemies":"Slavers","floor":24,"turns":3},{"damage":10,"enemies":"Book of Stabbing","floor":27,"turns":5},{"damage":0,"enemies":"Masked Bandits","floor":28,"turns":3},{"damage":6,"enemies":"Snake Plant","floor":30,"turns":3},{"damage":5,"enemies":"Slavers","floor":31,"turns":3},{"damage":68,"enemies":"Collector","floor":33,"turns":9}],"seed_played":"-3537086055081666286","potions_obtained":[{"floor":5,"key":"Weak Potion"},{"floor":8,"key":"FairyPotion"},{"floor":16,"key":"AttackPotion"}],"is_trial":false,"path_per_floor":["M","?","$","M","M","R","E","M","T","R","?","$","?","?","R","B",null,"M","M","$","?","M","R","E","R","T","E","?","R","M","E","R","B"],"character_chosen":"THE_SILENT","items_purchased":["Blade Dance","FossilizedHelix","Glass Knife","Whetstone"],"campfire_rested":2,"item_purchase_floors":[3,3,20,20],"current_hp_per_floor":[57,43,43,43,43,43,10,10,10,31,31,31,24,24,45,16,57,55,55,55,70,66,66,66,66,73,63,63,63,57,52,52,0],"gold":168,"neow_bonus":"TWO_FIFTY_GOLD","is_prod":false,"is_daily":false,"chose_seed":false,"campfire_upgraded":5,"win_rate":0,"timestamp":1556992337,"path_taken":["M","?","$","M","M","R","E","M","T","R","?","$","?","?","R","BOSS","M","M","$","?","M","R","E","R","T","E","?","R","M","E","R","BOSS"],"build_version":"2019-01-23","purchased_purges":0,"victory":false,"max_hp_per_floor":[70,70,70,70,70,70,70,70,70,70,70,70,70,70,70,70,70,70,70,70,70,70,70,70,70,77,77,77,77,77,77,77,77],"card_choices":[{"not_picked":["Deflect","Dodge and Roll"],"picked":"Finisher","floor":1},{"not_picked":["Underhanded Strike","Bane","Outmaneuver"],"picked":"SKIP","floor":4},{"not_picked":["PiercingWail","Backflip"],"picked":"Adrenaline","floor":5},{"not_picked":["Poisoned Stab","Setup"],"picked":"Corpse Explosion","floor":7},{"not_picked":["Accuracy","Escape Plan"],"picked":"PiercingWail","floor":8},{"not_picked":["Phantasmal Killer","Tools of the Trade"],"picked":"Glass Knife","floor":16},{"not_picked":["Quick Slash","Dagger Spray"],"picked":"Dodge and Roll","floor":18},{"not_picked":["Flying Knee+1","Noxious Fumes"],"picked":"Cloak And Dagger","floor":19},{"not_picked":["Endless Agony","Setup"],"picked":"Tools of the Trade","floor":22},{"not_picked":["Backflip","Expertise"],"picked":"Terror","floor":24},{"not_picked":["Blade Dance","Backflip"],"picked":"Cloak And Dagger","floor":27},{"not_picked":["Eviscerate","Deadly Poison"],"picked":"Predator","floor":28},{"not_picked":["Bouncing Flask+1","Dash"],"picked":"Leg Sweep","floor":30},{"not_picked":["Crippling Poison","Acrobatics"],"picked":"Infinite Blades","floor":31}],"player_experience":298045,"relics_obtained":[{"floor":7,"key":"Bottled Lightning"},{"floor":9,"key":"Matryoshka"},{"floor":24,"key":"Sundial"},{"floor":26,"key":"Strawberry"},{"floor":26,"key":"Peace Pipe"},{"floor":27,"key":"Mercury Hourglass"},{"floor":28,"key":"Red Mask"},{"floor":31,"key":"Centennial Puzzle"}],"event_choices":[{"damage_healed":0,"gold_gain":0,"player_choice":"Entered Light","damage_taken":14,"max_hp_gain":0,"max_hp_loss":0,"event_name":"Shining Light","floor":2,"gold_loss":0,"cards_upgraded":["Strike_G","Survivor"]},{"cards_removed":["Injury"],"damage_healed":0,"gold_gain":0,"player_choice":"Card Removal","damage_taken":0,"max_hp_gain":0,"max_hp_loss":0,"event_name":"The Cleric","floor":11,"gold_loss":50},{"damage_healed":0,"gold_gain":0,"player_choice":"Success","damage_taken":7,"relics_obtained":["Unceasing Top"],"max_hp_gain":0,"max_hp_loss":0,"event_name":"Scrap Ooze","floor":13,"gold_loss":0},{"damage_healed":0,"gold_gain":100,"player_choice":"Pray","damage_taken":0,"max_hp_gain":0,"max_hp_loss":0,"event_name":"Golden Shrine","floor":14,"gold_loss":0},{"damage_healed":23,"gold_gain":0,"player_choice":"Heal","damage_taken":0,"max_hp_gain":0,"max_hp_loss":0,"event_name":"The Library","floor":21,"gold_loss":0},{"damage_healed":0,"gold_gain":0,"player_choice":"Fought Bandits","damage_taken":0,"max_hp_gain":0,"max_hp_loss":0,"event_name":"Masked Bandits","floor":28,"gold_loss":0}],"is_beta":false,"boss_relics":[{"not_picked":["White Beast Statue","Tiny House"],"picked":"Sozu"}],"items_purged_floors":[],"is_endless":false,"potions_floor_spawned":[5,8,16,24,27,28,30],"killed_by":"Collector","ascension_level":12}