{"gold_per_floor":[117,292,136,136,25,58,58,81,81,81,156,192,227,239,251,263],"floor_reached":16,"playtime":463,"items_purged":["Strike_B"],"score":170,"play_id":"f9b11f93-fa2e-4504-94eb-017d57be7b91","local_time":"20190526010553","is_ascension_mode":true,"campfire_choices":[{"data":"Zap","floor":7,"key":"SMITH"},{"floor":10,"key":"REST"},{"floor":15,"key":"REST"}],"neow_cost":"NONE","seed_source_timestamp":15791503740734,"circlet_count":0,"master_deck":["AscendersBane","Strike_B","Strike_B","Defend_B","Defend_B","Defend_B","Defend_B","Zap+1","Dualcast","Dark Shackles","Static Discharge","Darkness","Doom and Gloom","Steam","Machine Learning","White Noise","Sweeping Beam"],"relics":["Cracked Core","Omamori","Golden Idol","Shovel","Ancient Tea Set","MawBank"],"potions_floor_usage":[16],"damage_taken":[{"damage":2,"enemies":"Jaw Worm","floor":1,"turns":3},{"damage":35,"enemies":"3 Sentries","floor":6,"turns":7},{"damage":15,"enemies":"2 Louse","floor":8,"turns":2},{"damage":23,"enemies":"Gremlin Nob","floor":12,"turns":4},{"damage":0,"enemies":"Small Slimes","floor":13,"turns":3},{"damage":29,"enemies":"Hexaghost","floor":16,"turns":9}],"seed_played":"894224762997396906","potions_obtained":[{"floor":12,"key":"SkillPotion"},{"floor":13,"key":"FearPotion"}],"is_trial":false,"path_per_floor":["M","?","$","?","$","E","R","M","T","R","?","E","M","?","R","B"],"character_chosen":"DEFECT","items_purchased":["Dark Shackles","Static Discharge","Darkness"],"campfire_rested":2,"item_purchase_floors":[3,5,5],"current_hp_per_floor":[66,66,66,66,66,31,31,16,16,38,27,4,4,4,26,0],"gold":263,"neow_bonus":"RANDOM_COMMON_RELIC","is_prod":false,"is_daily":false,"chose_seed":false,"campfire_upgraded":1,"win_rate":0,"timestamp":1558825553,"path_taken":["M","?","$","?","?","E","R","M","T","R","?","E","M","?","R","BOSS"],"build_version":"2019-01-23","purchased_purges":1,"victory":false,"max_hp_per_floor":[75,75,75,75,75,75,75,75,75,75,75,75,75,75,75,75],"card_choices":[{"not_picked":["Go for the Eyes","Gash","Compile Driver"],"picked":"SKIP","floor":1},{"not_picked":["Reinforced Body","Steam"],"picked":"Doom and Gloom","floor":6},{"not_picked":["Conserve Battery","Barrage"],"picked":"Steam","floor":8},{"not_picked":["Heatsinks","Steam Power"],"picked":"Machine Learning","floor":12},{"not_picked":["Conserve Battery","Gash"],"picked":"White Noise","floor":13}],"player_experience":670007,"relics_obtained":[{"floor":6,"key":"Shovel"},{"floor":9,"key":"Ancient Tea Set"},{"floor":12,"key":"MawBank"}],"event_choices":[{"damage_healed":0,"gold_gain":175,"player_choice":"AGREE","damage_taken":0,"max_hp_gain":0,"max_hp_loss":0,"event_name":"Liars Game","floor":2,"gold_loss":0,"cards_obtained":["Doubt"]},{"damage_healed":0,"gold_gain":0,"player_choice":"Take Wound","damage_taken":0,"relics_obtained":["Golden Idol"],"max_hp_gain":0,"max_hp_loss":0,"event_name":"Golden Idol","floor":4,"gold_loss":0,"cards_obtained":["Injury"]},{"damage_healed":0,"gold_gain":75,"player_choice":"Gather Gold","damage_taken":11,"max_hp_gain":0,"max_hp_loss":0,"event_name":"World of Goop","floor":11,"gold_loss":0},{"damage_healed":0,"gold_gain":0,"cards_transformed":["Strike_B"],"player_choice":"Transformed","damage_taken":0,"max_hp_gain":0,"max_hp_loss":0,"event_name":"Transmorgrifier","floor":14,"gold_loss":0,"cards_obtained":["Sweeping Beam"]}],"is_beta":false,"boss_relics":[],"items_purged_floors":[3],"is_endless":false,"potions_floor_spawned":[12,13],"killed_by":"Hexaghost","ascension_level":12}