{"gold_per_floor":[114,114,114,139,139,173,173,213,240,261,279,279,78,125,125,256,256,271,271,126,140,161,205,205,241,266,306,231,255,286,164,164,289,289,312,312,587,600,613,613,651,670,670,701,701,701,701,74,74,74],"floor_reached":50,"playtime":2113,"items_purged":["Defend_R","Pain"],"score":811,"play_id":"db790803-94b5-40eb-88bc-34309707f804","local_time":"20190527114422","is_ascension_mode":true,"campfire_choices":[{"floor":7,"key":"REST"},{"floor":12,"key":"REST"},{"data":"Perfected Strike","floor":15,"key":"SMITH"},{"data":"Armaments","floor":24,"key":"SMITH"},{"floor":32,"key":"REST"},{"floor":40,"key":"REST"},{"floor":45,"key":"REST"},{"floor":47,"key":"REST"},{"floor":49,"key":"REST"}],"neow_cost":"NONE","seed_source_timestamp":448232558501026,"circlet_count":0,"master_deck":["Strike_R","Strike_R","Strike_R","Strike_R","Strike_R","Defend_R","Bash+1","Perfected Strike+1","Offering+1","Pommel Strike","Twin Strike","Spot Weakness","Demon Form","Armaments+1","Flame Barrier+1","Twin Strike+1","Pommel Strike+1","Whirlwind","Battle Trance+1","Pommel Strike","Flame Barrier","Immolate","Regret","Double Tap","Bludgeon"],"relics":["Burning Blood","Golden Idol","Bronze Scales","Dodecahedron","Anchor","Happy Flower","Cursed Key","Nloth\u0027s Gift","Bottled Flame","Mummified Hand","Smiling Mask","Blue Candle","War Paint","Empty Cage","Singing Bowl","Thread and Needle","Juzu Bracelet","Bottled Lightning","Toy Ornithopter"],"potions_floor_usage":[21,25,27,27,39,41,44,50,50],"damage_taken":[{"damage":8,"enemies":"Jaw Worm","floor":1,"turns":4},{"damage":10,"enemies":"Small Slimes","floor":4,"turns":3},{"damage":24,"enemies":"Gremlin Nob","floor":6,"turns":4},{"damage":31,"enemies":"3 Sentries","floor":8,"turns":7},{"damage":6,"enemies":"2 Louse","floor":10,"turns":1},{"damage":0,"enemies":"Red Slaver","floor":11,"turns":2},{"damage":6,"enemies":"Slime Boss","floor":16,"turns":6},{"damage":8,"enemies":"Chosen","floor":18,"turns":2},{"damage":0,"enemies":"3 Byrds","floor":21,"turns":3},{"damage":6,"enemies":"Snecko","floor":22,"turns":2},{"damage":30,"enemies":"Book of Stabbing","floor":23,"turns":4},{"damage":40,"enemies":"Slavers","floor":25,"turns":3},{"damage":7,"enemies":"Book of Stabbing","floor":27,"turns":3},{"damage":0,"enemies":"Snake Plant","floor":29,"turns":2},{"damage":13,"enemies":"Slavers","floor":30,"turns":3},{"damage":18,"enemies":"Champ","floor":33,"turns":5},{"damage":1,"enemies":"Orb Walker","floor":35,"turns":2},{"damage":7,"enemies":"3 Shapes","floor":38,"turns":2},{"damage":42,"enemies":"Spire Growth","floor":39,"turns":3},{"damage":32,"enemies":"Giant Head","floor":41,"turns":6},{"damage":10,"enemies":"4 Shapes","floor":42,"turns":4},{"damage":54,"enemies":"Nemesis","floor":44,"turns":5},{"damage":111,"enemies":"Awakened One","floor":50,"turns":6}],"seed_played":"8450064944145301822","potions_obtained":[{"floor":1,"key":"BloodPotion"},{"floor":10,"key":"EssenceOfSteel"},{"floor":25,"key":"Regen Potion"},{"floor":29,"key":"Weak Potion"},{"floor":30,"key":"BloodPotion"},{"floor":33,"key":"AttackPotion"},{"floor":44,"key":"Fire Potion"}],"is_trial":false,"path_per_floor":["M","?","?","M","?","E","R","E","T","M","M","R","$","T","R","B",null,"M","?","$","M","M","E","R","E","T","E","?","M","E","$","R","B",null,"M","?","?","M","M","R","E","M","T","E","R","?","R","$","R","B"],"character_chosen":"IRONCLAD","items_purchased":["MealTicket","Fruit Juice","Armaments","Flame Barrier","Bottled Lightning","LiquidBronze","Fire Potion","Toy Ornithopter"],"campfire_rested":7,"item_purchase_floors":[13,20,20,31,48,48,48,48],"current_hp_per_floor":[86,64,57,53,53,35,61,36,36,36,42,68,68,68,68,68,88,86,86,86,93,93,69,69,44,44,52,52,58,51,51,78,66,93,93,93,93,92,56,83,57,55,55,18,47,47,76,76,97,0],"gold":74,"neow_bonus":"TEN_PERCENT_HP_BONUS","is_prod":false,"is_daily":false,"chose_seed":false,"campfire_upgraded":2,"win_rate":0,"timestamp":1558975462,"path_taken":["M","?","?","M","?","E","R","E","T","M","M","R","$","?","R","BOSS","M","?","$","M","?","E","R","E","T","E","?","M","E","$","R","BOSS","M","?","?","M","?","R","E","M","T","E","R","?","R","?","R","BOSS"],"build_version":"2019-01-23","purchased_purges":2,"victory":false,"max_hp_per_floor":[88,88,88,88,88,88,88,88,88,88,88,88,88,88,88,88,88,88,88,88,93,93,93,93,93,93,93,93,93,93,93,93,93,93,93,93,93,93,93,93,93,95,95,97,97,97,97,97,97,97],"card_choices":[{"not_picked":["Heavy Blade","Bloodletting"],"picked":"Perfected Strike","floor":1},{"not_picked":["Warcry","Thunderclap","Searing Blow"],"picked":"SKIP","floor":4},{"not_picked":["Dual Wield","Carnage"],"picked":"Offering","floor":6},{"not_picked":["Power Through","Thunderclap"],"picked":"Pommel Strike","floor":8},{"not_picked":["Cleave","Bloodletting"],"picked":"Twin Strike","floor":10},{"not_picked":["Infernal Blade","Thunderclap"],"picked":"Spot Weakness","floor":11},{"not_picked":["Barricade","Feed"],"picked":"Demon Form","floor":16},{"not_picked":["Warcry","Hemokinesis"],"picked":"Cleave","floor":18},{"not_picked":["Rupture","Inflame"],"picked":"Flame Barrier+1","floor":21},{"not_picked":["Shrug It Off","Intimidate+1"],"picked":"Twin Strike+1","floor":22},{"not_picked":["Armaments","Exhume"],"picked":"Pommel Strike+1","floor":23},{"not_picked":["Anger","Berserk"],"picked":"Sword Boomerang","floor":25},{"not_picked":["Entrench","Berserk"],"picked":"Whirlwind","floor":27},{"not_picked":["Cleave","Power Through"],"picked":"Battle Trance","floor":29},{"not_picked":["Barricade","Shrug It Off"],"picked":"Pommel Strike","floor":30},{"not_picked":["Feed","Juggernaut"],"picked":"Immolate","floor":33},{"not_picked":["Sword Boomerang","Armaments","Wild Strike+1"],"picked":"SKIP","floor":35},{"not_picked":["Battle Trance+1","Sword Boomerang","Rage+1"],"picked":"SKIP","floor":38},{"not_picked":["Reckless Charge","Rage+1"],"picked":"Double Tap","floor":39},{"not_picked":["Iron Wave+1","Fiend Fire"],"picked":"Bludgeon","floor":41},{"not_picked":["Warcry","Entrench+1","Feel No Pain+1"],"picked":"Singing Bowl","floor":42},{"not_picked":["Feed","Havoc+1","Rupture"],"picked":"Singing Bowl","floor":44}],"player_experience":35207,"relics_obtained":[{"floor":6,"key":"Bronze Scales"},{"floor":8,"key":"Dodecahedron"},{"floor":9,"key":"Anchor"},{"floor":14,"key":"Happy Flower"},{"floor":23,"key":"Bottled Flame"},{"floor":25,"key":"Mummified Hand"},{"floor":26,"key":"Smiling Mask"},{"floor":27,"key":"Blue Candle"},{"floor":30,"key":"War Paint"},{"floor":41,"key":"Singing Bowl"},{"floor":43,"key":"Thread and Needle"},{"floor":44,"key":"Juzu Bracelet"}],"event_choices":[{"damage_healed":0,"gold_gain":0,"player_choice":"Take Damage","damage_taken":22,"relics_obtained":["Golden Idol"],"max_hp_gain":0,"max_hp_loss":0,"event_name":"Golden Idol","floor":2,"gold_loss":0},{"cards_removed":["Defend_R"],"damage_healed":0,"gold_gain":0,"player_choice":"Card Removal","damage_taken":7,"max_hp_gain":0,"max_hp_loss":0,"event_name":"Golden Wing","floor":3,"gold_loss":0},{"damage_healed":0,"gold_gain":0,"player_choice":"Grow","damage_taken":0,"max_hp_gain":0,"max_hp_loss":0,"event_name":"Living Wall","floor":5,"gold_loss":0,"cards_upgraded":["Bash"]},{"damage_healed":0,"gold_gain":0,"player_choice":"Traded Relic","damage_taken":0,"relics_obtained":["Nloth\u0027s Gift"],"max_hp_gain":0,"max_hp_loss":0,"event_name":"N\u0027loth","floor":19,"relics_lost":["MealTicket"],"gold_loss":0},{"cards_removed":["Regret"],"damage_healed":0,"gold_gain":0,"player_choice":"Gave Gold","damage_taken":0,"max_hp_gain":0,"max_hp_loss":0,"event_name":"Beggar","floor":28,"gold_loss":75},{"cards_removed":["Sword Boomerang"],"damage_healed":0,"gold_gain":0,"player_choice":"Removed Attack","damage_taken":0,"max_hp_gain":0,"max_hp_loss":0,"event_name":"Falling","floor":36,"gold_loss":0},{"damage_healed":0,"gold_gain":275,"player_choice":"Desecrate","damage_taken":0,"max_hp_gain":0,"max_hp_loss":0,"event_name":"Golden Shrine","floor":37,"gold_loss":0,"cards_obtained":["Regret"]},{"damage_healed":0,"gold_gain":0,"player_choice":"Leave","damage_taken":0,"max_hp_gain":0,"max_hp_loss":0,"event_name":"FaceTrader","floor":46,"gold_loss":0}],"is_beta":false,"boss_relics":[{"not_picked":["Runic Cube","Black Blood"],"picked":"Cursed Key"},{"not_picked":["White Beast Statue","Black Star"],"picked":"Empty Cage"}],"items_purged_floors":[31,48],"is_endless":false,"potions_floor_spawned":[1,10,25,29,30,33,35,38,44],"killed_by":"Awakened One","ascension_level":4}