{"gold_per_floor":[111,123,123,123,123,123,38,82,107,143,143,168,168,186,186,186],"floor_reached":16,"playtime":563,"items_purged":[],"score":216,"play_id":"fe745242-4fc8-4b72-b80c-acefd64af147","local_time":"20190521225724","is_ascension_mode":true,"campfire_choices":[{"data":"Strike_B","floor":6.0,"key":"SMITH"},{"floor":15.0,"key":"REST"}],"neow_cost":"NONE","seed_source_timestamp":105831680120454,"circlet_count":0,"master_deck":["AscendersBane","Strike_B","Strike_B","Strike_B+1","Defend_B","Defend_B","Defend_B","Defend_B","Zap+1","Dualcast","Cold Snap+1","Static Discharge+1","Conserve Battery","Capacitor+1","Auto Shields","Sweeping Beam","Echo Form"],"special_seed":0,"relics":["Cracked Core","Golden Idol","Centennial Puzzle","Dream Catcher","Bronze Scales","PreservedInsect"],"potions_floor_usage":[16],"damage_taken":[{"damage":2.0,"enemies":"Small Slimes","floor":1.0,"turns":4.0},{"damage":7.0,"enemies":"Jaw Worm","floor":2.0,"turns":2.0},{"damage":14.0,"enemies":"3 Sentries","floor":8.0,"turns":6.0},{"damage":9.0,"enemies":"Lagavulin","floor":10.0,"turns":7.0},{"damage":2.0,"enemies":"2 Louse","floor":12.0,"turns":2.0},{"damage":1.0,"enemies":"Blue Slaver","floor":14.0,"turns":3.0},{"damage":23,"enemies":"The Guardian","floor":16,"turns":2}],"seed_played":"-7021801687001817462","potions_obtained":[{"floor":1.0,"key":"Explosive Potion"},{"floor":10.0,"key":"EssenceOfSteel"},{"floor":14.0,"key":"Energy Potion"}],"is_trial":false,"path_per_floor":["M","M","?","?","?","R","$","E","T","E","?","M","T","M","R","B"],"character_chosen":"DEFECT","items_purchased":["Static Discharge"],"campfire_rested":1,"item_purchase_floors":[7],"current_hp_per_floor":[62,55,48,48,48,48,48,34,34,25,6,4,4,3,22,0],"gold":186,"neow_bonus":"UPGRADE_CARD","is_prod":false,"is_daily":false,"chose_seed":false,"campfire_upgraded":1,"win_rate":0,"timestamp":1558493844,"path_taken":["M","M","?","?","?","R","?","E","T","E","?","?","?","M","R","BOSS"],"build_version":"2019-01-23","purchased_purges":0,"victory":false,"max_hp_per_floor":[71,71,71,71,64,64,64,64,64,64,64,64,64,64,64,64],"card_choices":[{"not_picked":["Fusion","Barrage","Stack"],"picked":"SKIP","floor":1.0},{"not_picked":["Go for the Eyes","Hologram"],"picked":"Cold Snap","floor":2.0},{"not_picked":["White Noise","Hello World"],"picked":"Conserve Battery","floor":8.0},{"not_picked":["Beam Cell","Ball Lightning"],"picked":"Capacitor","floor":10.0},{"not_picked":["Stack","Hologram"],"picked":"Auto Shields","floor":12.0},{"not_picked":["Hologram","Tempest"],"picked":"Sweeping Beam","floor":14.0},{"not_picked":["Cold Snap","Compile Driver"],"picked":"Echo Form","floor":15.0}],"player_experience":728962,"relics_obtained":[{"floor":8.0,"key":"Centennial Puzzle"},{"floor":9.0,"key":"Dream Catcher"},{"floor":10.0,"key":"Bronze Scales"},{"floor":13.0,"key":"PreservedInsect"}],"event_choices":[{"cards_removed":["Strike_B"],"damage_healed":0.0,"max_hp_gain":0.0,"max_hp_loss":0.0,"gold_gain":0.0,"event_name":"Golden Wing","player_choice":"Card Removal","floor":3.0,"gold_loss":0.0,"damage_taken":7.0},{"damage_healed":0.0,"max_hp_gain":0.0,"max_hp_loss":0.0,"gold_gain":0.0,"event_name":"Living Wall","player_choice":"Grow","floor":4.0,"gold_loss":0.0,"damage_taken":0.0,"cards_upgraded":["Cold Snap"]},{"damage_healed":0.0,"max_hp_gain":0.0,"max_hp_loss":7.0,"gold_gain":0.0,"event_name":"Golden Idol","player_choice":"Lose Max HP","floor":5.0,"gold_loss":0.0,"damage_taken":0.0,"relics_obtained":["Golden Idol"]},{"damage_healed":0.0,"max_hp_gain":0.0,"max_hp_loss":0.0,"gold_gain":0.0,"event_name":"Shining Light","player_choice":"Entered Light","floor":11.0,"gold_loss":0.0,"damage_taken":19.0,"cards_upgraded":["Capacitor","Static Discharge"]}],"is_beta":false,"boss_relics":[],"items_purged_floors":[],"is_endless":false,"potions_floor_spawned":[1,10,14],"killed_by":"The Guardian","ascension_level":20}