{"gold_per_floor":[118,133,153,153,4,36,36,36,36,36,68,68,87,103,103,103],"floor_reached":16,"playtime":470,"items_purged":["Strike_B"],"score":220,"play_id":"838fce2c-2965-4267-89bc-3a5aae98904c","local_time":"20190525202512","is_ascension_mode":true,"campfire_choices":[{"floor":7.0,"key":"REST"},{"floor":12.0,"key":"REST"},{"data":"Static Discharge","floor":15.0,"key":"SMITH"}],"neow_cost":"NONE","seed_source_timestamp":442406300869222,"circlet_count":0,"master_deck":["AscendersBane","Strike_B","Strike_B","Strike_B+1","Defend_B","Defend_B","Defend_B","Defend_B","Zap","Dualcast","Streamline+1","Reinforced Body","Static Discharge+1","Electrodynamics","Thunder Strike","Self Repair"],"special_seed":0,"relics":["Cracked Core","Darkstone Periapt","Emotion Chip","Bag of Preparation"],"potions_floor_usage":[],"damage_taken":[{"damage":0.0,"enemies":"Cultist","floor":1.0,"turns":3.0},{"damage":2.0,"enemies":"Jaw Worm","floor":2.0,"turns":3.0},{"damage":0.0,"enemies":"2 Louse","floor":3.0,"turns":2.0},{"damage":40.0,"enemies":"Gremlin Nob","floor":6.0,"turns":5.0},{"damage":13.0,"enemies":"3 Sentries","floor":11.0,"turns":3.0},{"damage":1.0,"enemies":"Exordium Wildlife","floor":13.0,"turns":2.0},{"damage":5.0,"enemies":"Gremlin Gang","floor":14.0,"turns":2.0},{"damage":35,"enemies":"The Guardian","floor":16,"turns":5}],"seed_played":"2991412017836269489","potions_obtained":[{"floor":1.0,"key":"FocusPotion"},{"floor":2.0,"key":"LiquidBronze"},{"floor":6.0,"key":"GamblersBrew"}],"is_trial":false,"path_per_floor":["M","M","M","?","$","E","R","?","T","$","E","R","M","M","R","B"],"character_chosen":"DEFECT","items_purchased":["Static Discharge"],"campfire_rested":2,"item_purchase_floors":[5],"current_hp_per_floor":[71,69,69,46,46,6,29,29,29,29,16,39,38,33,33,0],"gold":103,"neow_bonus":"TEN_PERCENT_HP_BONUS","is_prod":false,"is_daily":false,"chose_seed":false,"campfire_upgraded":1,"win_rate":0,"timestamp":1558830312,"path_taken":["M","?","M","?","$","E","R","?","T","?","E","R","M","M","R","BOSS"],"build_version":"2019-01-23","purchased_purges":1,"victory":false,"max_hp_per_floor":[78,78,78,78,78,78,78,78,78,78,78,78,78,78,78,78],"card_choices":[{"not_picked":["Storm","Steam"],"picked":"Streamline","floor":1.0},{"not_picked":["Beam Cell","Conserve Battery"],"picked":"Reinforced Body","floor":2.0},{"not_picked":["Compile Driver","Sunder","Barrage"],"picked":"SKIP","floor":3.0},{"not_picked":["Beam Cell","Sweeping Beam"],"picked":"Electrodynamics","floor":6.0},{"not_picked":["Chill","Heatsinks"],"picked":"Thunder Strike","floor":11.0},{"not_picked":["Sweeping Beam","Rebound","Turbo"],"picked":"SKIP","floor":13.0},{"not_picked":["Compile Driver","Sweeping Beam"],"picked":"Self Repair","floor":14.0}],"player_experience":811367,"relics_obtained":[{"floor":6.0,"key":"Darkstone Periapt"},{"floor":9.0,"key":"Emotion Chip"},{"floor":11.0,"key":"Bag of Preparation"}],"event_choices":[{"damage_healed":0.0,"max_hp_gain":0.0,"max_hp_loss":0.0,"gold_gain":0.0,"event_name":"Shining Light","player_choice":"Entered Light","floor":4.0,"gold_loss":0.0,"damage_taken":23.0,"cards_upgraded":["Strike_B","Streamline"]},{"damage_healed":0.0,"max_hp_gain":0.0,"max_hp_loss":0.0,"gold_gain":0.0,"event_name":"Dead Adventurer","player_choice":"Searched \u00270\u0027 times","floor":8.0,"gold_loss":0.0,"damage_taken":0.0}],"is_beta":false,"boss_relics":[],"items_purged_floors":[5],"is_endless":false,"potions_floor_spawned":[1,2,6],"killed_by":"The Guardian","ascension_level":20}