{"gold_per_floor":[11,29,46,46,46,46,85,149,149,149,182,207,207,37,37,37],"floor_reached":16,"playtime":773,"items_purged":["Injury"],"score":200,"play_id":"c38ae8b8-afcb-4c50-afa3-d376fdb03550","local_time":"20190509183429","is_ascension_mode":true,"campfire_choices":[{"data":"Bash","floor":6,"key":"SMITH"},{"data":"Dark Embrace","floor":10,"key":"SMITH"},{"floor":13,"key":"REST"},{"data":"Cleave","floor":15,"key":"SMITH"}],"neow_cost":"NO_GOLD","seed_source_timestamp":434319760259035,"circlet_count":0,"master_deck":["AscendersBane","Strike_R","Strike_R","Strike_R","Strike_R","Strike_R","Defend_R","Defend_R","Defend_R","Defend_R","Bash+1","Dark Embrace+1","Cleave+1","Shockwave","Inflame","Brutality","Sword Boomerang","Disarm","Iron Wave","Flash of Steel"],"special_seed":0,"relics":["Burning Blood","Golden Idol","Paper Frog","Juzu Bracelet","Bronze Scales","Dodecahedron"],"potions_floor_usage":[7,8,16],"damage_taken":[{"damage":9.0,"enemies":"2 Louse","floor":1.0,"turns":3.0},{"damage":0,"enemies":"Small Slimes","floor":2,"turns":2},{"damage":1,"enemies":"Cultist","floor":3,"turns":3},{"damage":17,"enemies":"Gremlin Nob","floor":7,"turns":4},{"damage":20,"enemies":"3 Sentries","floor":8,"turns":5},{"damage":25,"enemies":"Lagavulin","floor":11,"turns":6},{"damage":18,"enemies":"Exordium Wildlife","floor":12,"turns":5},{"damage":41,"enemies":"The Guardian","floor":16,"turns":10}],"seed_played":"-8236175571150993769","potions_obtained":[{"floor":2,"key":"EssenceOfSteel"},{"floor":3,"key":"Explosive Potion"},{"floor":11,"key":"FearPotion"}],"is_trial":false,"path_per_floor":["M","M","M","?","$","R","E","?","T","R","E","M","R","$","R","B"],"character_chosen":"IRONCLAD","items_purchased":["Flash of Steel"],"campfire_rested":1,"item_purchase_floors":[14],"current_hp_per_floor":[65,71,75,75,75,75,64,50,50,50,31,19,41,41,41,0],"gold":37,"neow_bonus":"THREE_RARE_CARDS","is_prod":false,"is_daily":false,"chose_seed":false,"campfire_upgraded":3,"win_rate":0,"timestamp":1557441269,"path_taken":["M","M","M","?","$","R","E","?","T","R","E","M","R","$","R","BOSS"],"build_version":"2019-01-23","purchased_purges":1,"victory":false,"max_hp_per_floor":[75,75,75,75,75,75,75,75,75,75,75,75,75,75,75,75],"card_choices":[{"not_picked":["Limit Break","Reaper"],"picked":"Dark Embrace","floor":0.0},{"not_picked":["Warcry","Battle Trance"],"picked":"Cleave","floor":1.0},{"not_picked":["Flex","Rupture"],"picked":"Shockwave","floor":2},{"not_picked":["True Grit","Pommel Strike"],"picked":"Inflame","floor":3},{"not_picked":["Clash","Havoc"],"picked":"Brutality","floor":7},{"not_picked":["Infernal Blade","Havoc"],"picked":"Sword Boomerang","floor":8},{"not_picked":["Feel No Pain","Dual Wield"],"picked":"Disarm","floor":11},{"not_picked":["Wild Strike","Searing Blow"],"picked":"Iron Wave","floor":12}],"player_experience":471101,"relics_obtained":[{"floor":7,"key":"Paper Frog"},{"floor":8,"key":"Juzu Bracelet"},{"floor":9,"key":"Bronze Scales"},{"floor":11,"key":"Dodecahedron"}],"event_choices":[{"damage_healed":0,"gold_gain":0,"player_choice":"Take Wound","damage_taken":0,"relics_obtained":["Golden Idol"],"max_hp_gain":0,"max_hp_loss":0,"event_name":"Golden Idol","floor":4,"gold_loss":0,"cards_obtained":["Injury"]},{"damage_healed":0,"gold_gain":30,"player_choice":"Searched \u00272\u0027 times","damage_taken":0,"max_hp_gain":0,"max_hp_loss":0,"event_name":"Dead Adventurer","floor":8,"gold_loss":0}],"is_beta":false,"boss_relics":[],"items_purged_floors":[14],"is_endless":false,"potions_floor_spawned":[2,3,11],"killed_by":"The Guardian","ascension_level":17}