{"gold_per_floor":[116,134,152,5,56,91,91,117,117,147,147,161,161,36,36,139,139,159,259,259,275,295,328,328,328],"floor_reached":25,"playtime":2526,"items_purged":["Strike_R","Defend_R"],"score":300,"play_id":"89e86212-75d9-4e6e-9cb6-a457f376d821","local_time":"20190414233209","is_ascension_mode":true,"campfire_choices":[{"data":"Armaments","floor":7,"key":"SMITH"},{"data":"Entrench","floor":13,"key":"SMITH"},{"data":"Metallicize","floor":15,"key":"SMITH"}],"neow_cost":"PERCENT_DAMAGE","seed_source_timestamp":3491896113376816,"circlet_count":0,"master_deck":["Defend_R","Bash","Pommel Strike+1","Armaments+1","Metallicize+1","Inflame","Feel No Pain","Shrug It Off","Entrench+1","Iron Wave","Reaper","Heavy Blade","Bite","Bite","Bite","Bite","Bite","Shrug It Off","True Grit","Juggernaut"],"relics":["Burning Blood","Vajra","Strawberry","Blue Candle","StoneCalendar","Boot","Velvet Choker","Unceasing Top","Question Card","Dodecahedron"],"potions_floor_usage":[6,16,25,25],"damage_taken":[{"damage":1,"enemies":"Cultist","floor":1,"turns":3},{"damage":5,"enemies":"2 Louse","floor":2,"turns":3},{"damage":8,"enemies":"Jaw Worm","floor":3,"turns":5},{"damage":15,"enemies":"3 Sentries","floor":6,"turns":13},{"damage":18,"enemies":"Gremlin Nob","floor":8,"turns":4},{"damage":13,"enemies":"3 Sentries","floor":10,"turns":7},{"damage":8,"enemies":"Looter","floor":12,"turns":3},{"damage":17,"enemies":"Hexaghost","floor":16,"turns":11},{"damage":0,"enemies":"Chosen","floor":18,"turns":6},{"damage":29,"enemies":"Colosseum Slavers","floor":19,"turns":7},{"damage":33,"enemies":"Colosseum Nobs","floor":19,"turns":7},{"damage":8,"enemies":"Shell Parasite","floor":21,"turns":5},{"damage":23,"enemies":"Snake Plant","floor":22,"turns":5},{"damage":63,"enemies":"Slavers","floor":23,"turns":7},{"damage":54,"enemies":"Gremlin Leader","floor":25,"turns":4}],"seed_played":"-3275088756918693225","potions_obtained":[{"floor":1,"key":"Energy Potion"},{"floor":3,"key":"Ancient Potion"},{"floor":8,"key":"Poison Potion"},{"floor":21,"key":"Strength Potion"},{"floor":22,"key":"GamblersBrew"},{"floor":23,"key":"Poison Potion"}],"is_trial":false,"path_per_floor":["M","M","M","$","T","E","R","E","T","E","?","M","R","$","R","B",null,"M","?","?","M","M","E","?","E"],"character_chosen":"IRONCLAD","items_purchased":["Metallicize","Iron Wave"],"campfire_rested":0,"item_purchase_floors":[4,14],"current_hp_per_floor":[61,62,60,60,60,58,58,46,46,39,39,37,37,37,37,26,87,87,59,59,60,57,34,34,0],"gold":328,"neow_bonus":"REMOVE_TWO","is_prod":false,"is_daily":false,"chose_seed":false,"campfire_upgraded":3,"win_rate":0,"timestamp":1555299129,"path_taken":["M","M","M","$","?","E","R","E","T","E","?","?","R","$","R","BOSS","M","?","?","M","M","E","?","E"],"build_version":"2019-01-23","purchased_purges":2,"victory":false,"max_hp_per_floor":[80,80,80,80,80,87,87,87,87,87,87,87,87,87,87,87,87,87,87,60,60,60,60,60,60],"card_choices":[{"not_picked":["Sever Soul","Anger","Bloodletting"],"picked":"SKIP","floor":1},{"not_picked":["Twin Strike","Sword Boomerang"],"picked":"Pommel Strike","floor":2},{"not_picked":["Anger","Wild Strike"],"picked":"Armaments","floor":3},{"not_picked":["Battle Trance","Burning Pact"],"picked":"Inflame","floor":6},{"not_picked":["Twin Strike","Anger"],"picked":"Feel No Pain","floor":8},{"not_picked":["Shockwave","Sentinel"],"picked":"Shrug It Off","floor":10},{"not_picked":["Headbutt","Cleave"],"picked":"Entrench","floor":12},{"not_picked":["Immolate","Barricade"],"picked":"Reaper","floor":16},{"not_picked":["Twin Strike","Havoc"],"picked":"Heavy Blade","floor":18},{"not_picked":["Reckless Charge","Thunderclap","Burning Pact"],"picked":"Shrug It Off","floor":21},{"not_picked":["Heavy Blade","Sword Boomerang","Seeing Red"],"picked":"True Grit","floor":22},{"not_picked":["Havoc","Whirlwind+1","Headbutt"],"picked":"Juggernaut","floor":23}],"player_experience":86141,"relics_obtained":[{"floor":5,"key":"Vajra"},{"floor":6,"key":"Strawberry"},{"floor":8,"key":"Blue Candle"},{"floor":9,"key":"StoneCalendar"},{"floor":10,"key":"Boot"},{"floor":19,"key":"Unceasing Top"},{"floor":19,"key":"Question Card"},{"floor":23,"key":"Dodecahedron"}],"event_choices":[{"damage_healed":0,"gold_gain":0,"player_choice":"Upgraded","damage_taken":0,"max_hp_gain":0,"max_hp_loss":0,"event_name":"Upgrade Shrine","floor":11,"gold_loss":0,"cards_upgraded":["Pommel Strike"]},{"damage_healed":0,"gold_gain":0,"player_choice":"Fight","damage_taken":0,"max_hp_gain":0,"max_hp_loss":0,"event_name":"Colosseum","floor":19,"gold_loss":0},{"damage_healed":0,"gold_gain":0,"player_choice":"Fought Nobs","damage_taken":0,"max_hp_gain":0,"max_hp_loss":0,"event_name":"Colosseum","floor":19,"gold_loss":0},{"damage_healed":0,"gold_gain":0,"player_choice":"Became a vampire","damage_taken":0,"max_hp_gain":0,"max_hp_loss":27,"event_name":"Vampires","floor":20,"gold_loss":0,"cards_obtained":["Bite","Bite","Bite","Bite","Bite"]},{"cards_removed":["Defend_R"],"damage_healed":0,"gold_gain":0,"player_choice":"Elegance","damage_taken":0,"max_hp_gain":0,"max_hp_loss":0,"event_name":"Back to Basics","floor":24,"gold_loss":0}],"is_beta":false,"boss_relics":[{"not_picked":["Runic Cube","Runic Dome"],"picked":"Velvet Choker"}],"items_purged_floors":[4,14],"is_endless":false,"potions_floor_spawned":[1,3,8,21,22,23],"killed_by":"Gremlin Leader","ascension_level":3}