{"gold_per_floor":[111,21,21,21,21,49,60,85,85,85],"floor_reached":10,"playtime":204,"items_purged":[],"score":198,"play_id":"44eab9a5-86da-43b7-912d-7ea509224fa5","local_time":"20190515141807","is_ascension_mode":true,"campfire_choices":[],"neow_cost":"NONE","seed_source_timestamp":85879745046050,"circlet_count":0,"master_deck":["AscendersBane","Strike_B","Strike_B","Strike_B","Defend_B","Defend_B","Defend_B","Defend_B","Zap","Dualcast","Beam Cell","Defragment","Ball Lightning","Reprogram"],"relics":["Cracked Core","NeowsBlessing","Singing Bowl","Bag of Marbles","Sundial","Bottled Lightning"],"potions_floor_usage":[8],"damage_taken":[{"damage":0,"enemies":"2 Louse","floor":1,"turns":1},{"damage":0,"enemies":"Lagavulin","floor":6,"turns":1},{"damage":0,"enemies":"Small Slimes","floor":7,"turns":1},{"damage":55,"enemies":"Gremlin Nob","floor":8,"turns":5},{"damage":20,"enemies":"Lagavulin","floor":10,"turns":2}],"seed_played":"-3392803061158985899","potions_obtained":[{"floor":6,"key":"SkillPotion"}],"is_trial":false,"path_per_floor":["M","$","?","?","T","E","M","E","T","E"],"character_chosen":"DEFECT","items_purchased":["Defragment"],"campfire_rested":0,"item_purchase_floors":[2],"current_hp_per_floor":[64,64,57,57,57,57,57,4,4,0],"gold":85,"neow_bonus":"THREE_ENEMY_KILL","is_prod":false,"is_daily":false,"chose_seed":false,"campfire_upgraded":0,"win_rate":0,"timestamp":1557944287,"path_taken":["M","$","?","?","?","E","?","E","T","E"],"build_version":"2019-01-23","purchased_purges":0,"victory":false,"max_hp_per_floor":[71,71,71,71,71,71,71,73,73,73],"card_choices":[{"not_picked":["Turbo","Scrape"],"picked":"Beam Cell","floor":1},{"not_picked":["Genetic Algorithm","Compile Driver"],"picked":"Ball Lightning","floor":6},{"not_picked":["Fusion","Aggregate"],"picked":"Reprogram","floor":7},{"not_picked":["Reboot","Compile Driver","Stack"],"picked":"Singing Bowl","floor":8}],"player_experience":646696,"relics_obtained":[{"floor":5,"key":"Singing Bowl"},{"floor":6,"key":"Bag of Marbles"},{"floor":8,"key":"Sundial"},{"floor":9,"key":"Bottled Lightning"}],"event_choices":[{"cards_removed":["Strike_B"],"damage_healed":0,"gold_gain":0,"player_choice":"Card Removal","damage_taken":7,"max_hp_gain":0,"max_hp_loss":0,"event_name":"Golden Wing","floor":3,"gold_loss":0},{"damage_healed":0,"gold_gain":0,"player_choice":"Ignored","damage_taken":0,"max_hp_gain":0,"max_hp_loss":0,"event_name":"Liars Game","floor":4,"gold_loss":0}],"is_beta":false,"boss_relics":[],"items_purged_floors":[],"is_endless":false,"potions_floor_spawned":[6],"killed_by":"Lagavulin","ascension_level":20}