{"gold_per_floor":[111,127,77,92,104,137,137,167,193,208,208,208,283,283,283,387,387,403,403,415,415,434,468,468,13,40,40,40,40,52,83,83,187,237,250,269,181,194,208,208,240,55,80,100,100,100,100,112,112,112],"floor_reached":51,"playtime":1782,"items_purged":[],"score":775,"play_id":"c5a34740-1cc4-4cb7-b40a-4e5902a08956","local_time":"20190526065441","is_ascension_mode":false,"campfire_choices":[{"floor":7,"key":"REST"},{"data":"Adrenaline","floor":11,"key":"SMITH"},{"floor":15,"key":"REST"},{"floor":24,"key":"REST"},{"data":"Poisoned Stab","floor":29,"key":"SMITH"},{"floor":32,"key":"REST"},{"floor":40,"key":"REST"},{"floor":45,"key":"REST"},{"floor":47,"key":"REST"},{"floor":49,"key":"REST"}],"neow_cost":"NONE","seed_source_timestamp":344782982126962,"circlet_count":0,"master_deck":["Defend_G","Defend_G","Defend_G","Defend_G","Defend_G","Strike_G+1","Strike_G+1","Survivor","Neutralize+1","Poisoned Stab+1","Poisoned Stab","Bane+1","Unload","Catalyst","Adrenaline+1","Quick Slash","Quick Slash","A Thousand Cuts+1","Endless Agony+1","Flying Knee","Die Die Die","Deadly Poison","Dagger Spray","Noxious Fumes+1","Glass Knife","Predator+1","Corpse Explosion","Backflip","Endless Agony+1","Bouncing Flask+1","Dagger Throw+1","Dodge and Roll+1","Slice+1","Well Laid Plans+1","Caltrops+1","Parasite","Slice+1","Dodge and Roll+1","Thinking Ahead","Noxious Fumes+1","PiercingWail+1","Deadly Poison+1"],"relics":["Sozu","Incense Burner","Dream Catcher","Smiling Mask","WristBlade","Ancient Tea Set","Medical Kit","Ornamental Fan","Centennial Puzzle","Snake Skull","Mummified Hand","Tiny House","Vajra","Frozen Egg 2","Whetstone","Oddly Smooth Stone"],"potions_floor_usage":[],"damage_taken":[{"damage":0,"enemies":"Small Slimes","floor":1,"turns":4},{"damage":0,"enemies":"2 Louse","floor":2,"turns":2},{"damage":1,"enemies":"Cultist","floor":4,"turns":4},{"damage":6,"enemies":"Large Slime","floor":5,"turns":5},{"damage":16,"enemies":"Lagavulin","floor":6,"turns":5},{"damage":5,"enemies":"3 Sentries","floor":8,"turns":6},{"damage":0,"enemies":"Looter","floor":10,"turns":2},{"damage":15,"enemies":"Hexaghost","floor":16,"turns":9},{"damage":5,"enemies":"Shell Parasite","floor":18,"turns":5},{"damage":7,"enemies":"2 Thieves","floor":20,"turns":3},{"damage":12,"enemies":"Centurion and Healer","floor":22,"turns":4},{"damage":2,"enemies":"Slavers","floor":23,"turns":4},{"damage":0,"enemies":"3 Cultists","floor":30,"turns":4},{"damage":18,"enemies":"Gremlin Leader","floor":31,"turns":5},{"damage":20,"enemies":"Champ","floor":33,"turns":7},{"damage":6,"enemies":"Orb Walker","floor":35,"turns":2},{"damage":9,"enemies":"3 Darklings","floor":36,"turns":3},{"damage":0,"enemies":"Transient","floor":38,"turns":5},{"damage":48,"enemies":"Spire Growth","floor":39,"turns":4},{"damage":14,"enemies":"Nemesis","floor":41,"turns":5},{"damage":13,"enemies":"Writhing Mass","floor":44,"turns":5},{"damage":0,"enemies":"Sphere and 2 Shapes","floor":48,"turns":2},{"damage":60,"enemies":"Time Eater","floor":50,"turns":6}],"seed_played":"-5285525371346449486","potions_obtained":[],"is_trial":false,"path_per_floor":["M","M","?","M","M","E","R","E","T","M","R","?","?","?","R","B",null,"M","?","M","?","M","E","R","$","T","?","?","R","M","E","R","B",null,"M","M","?","M","M","R","E","$","T","M","R","?","R","M","R","B",null],"character_chosen":"THE_SILENT","items_purchased":["Medical Kit","Ornamental Fan","Whetstone","Caltrops+1"],"campfire_rested":8,"item_purchase_floors":[25,25,42,42],"current_hp_per_floor":[70,70,70,69,63,47,68,63,63,63,63,63,52,45,66,51,70,65,65,58,58,46,44,65,65,65,65,65,65,65,47,68,48,75,69,60,60,60,12,34,20,20,20,7,29,29,51,51,73,13],"gold":112,"neow_bonus":"BOSS_RELIC","is_prod":false,"is_daily":false,"chose_seed":false,"campfire_upgraded":2,"win_rate":0.0,"timestamp":1558871681,"path_taken":["M","M","?","M","M","E","R","E","T","M","R","?","?","?","R","BOSS","M","?","?","?","M","E","R","$","T","?","?","R","M","E","R","BOSS","M","?","?","M","?","R","E","$","T","M","R","?","R","M","R","BOSS"],"build_version":"2019-01-23","purchased_purges":0,"victory":true,"max_hp_per_floor":[70,70,70,70,70,70,70,70,70,70,70,70,70,70,70,70,70,70,70,70,70,70,70,70,70,70,70,70,70,70,70,70,70,75,75,75,75,75,75,75,75,75,75,75,75,75,75,75,75,75],"card_choices":[{"not_picked":["Deflect","Dagger Throw"],"picked":"Poisoned Stab","floor":1},{"not_picked":["Outmaneuver","Blade Dance"],"picked":"Poisoned Stab","floor":2},{"not_picked":["Slice","Dagger Spray"],"picked":"Bane","floor":4},{"not_picked":["Deadly Poison","Calculated Gamble"],"picked":"Unload","floor":5},{"not_picked":["Reflex","Distraction"],"picked":"Catalyst","floor":6},{"not_picked":["Underhanded Strike","Eviscerate"],"picked":"Adrenaline","floor":8},{"not_picked":["Dagger Throw","Outmaneuver"],"picked":"Quick Slash","floor":10},{"not_picked":["Poisoned Stab","Masterful Stab"],"picked":"Quick Slash","floor":15},{"not_picked":["Unload","Adrenaline"],"picked":"A Thousand Cuts","floor":16},{"not_picked":["Bane+1","Reflex"],"picked":"Endless Agony+1","floor":18},{"not_picked":["Poisoned Stab","Slice"],"picked":"Flying Knee","floor":20},{"not_picked":["Blur","Deflect","Calculated Gamble"],"picked":"SKIP","floor":22},{"not_picked":["Poisoned Stab","Quick Slash"],"picked":"Deadly Poison","floor":23},{"not_picked":["Riddle With Holes","Outmaneuver"],"picked":"Dagger Spray","floor":24},{"not_picked":["Heel Hook+1","Underhanded Strike"],"picked":"Noxious Fumes+1","floor":30},{"not_picked":["Infinite Blades+1","Bane+1"],"picked":"Glass Knife","floor":31},{"not_picked":["Backflip","Bane"],"picked":"Predator+1","floor":32},{"not_picked":["Venomology","Phantasmal Killer"],"picked":"Corpse Explosion","floor":33},{"not_picked":["Underhanded Strike+1","Outmaneuver+1"],"picked":"Backflip","floor":34},{"not_picked":["Dagger Spray+1","Bouncing Flask"],"picked":"Endless Agony+1","floor":35},{"not_picked":["Flying Knee","Skewer"],"picked":"Bouncing Flask+1","floor":36},{"not_picked":["Masterful Stab","Leg Sweep"],"picked":"Dagger Throw+1","floor":38},{"not_picked":["Deflect","PiercingWail"],"picked":"Dodge and Roll+1","floor":39},{"not_picked":["Masterful Stab+1","Heel Hook"],"picked":"Slice+1","floor":40},{"not_picked":["Leg Sweep+1","Die Die Die"],"picked":"Well Laid Plans+1","floor":41},{"not_picked":["Prepared","Backflip"],"picked":"Slice+1","floor":44},{"not_picked":["Reflex","Dagger Throw"],"picked":"Dodge and Roll+1","floor":45},{"not_picked":["Secret Technique","Blind"],"picked":"Thinking Ahead","floor":46},{"not_picked":["Backstab","Acrobatics+1"],"picked":"Noxious Fumes+1","floor":47},{"not_picked":["Predator+1","Noxious Fumes+1"],"picked":"PiercingWail+1","floor":48},{"not_picked":["Caltrops+1","Expertise"],"picked":"Deadly Poison+1","floor":49}],"player_experience":16730,"relics_obtained":[{"floor":6,"key":"Incense Burner"},{"floor":8,"key":"Dream Catcher"},{"floor":9,"key":"Smiling Mask"},{"floor":23,"key":"Ancient Tea Set"},{"floor":26,"key":"Centennial Puzzle"},{"floor":31,"key":"Mummified Hand"},{"floor":41,"key":"Frozen Egg 2"},{"floor":43,"key":"Oddly Smooth Stone"}],"event_choices":[{"cards_removed":["Strike_G"],"damage_healed":0,"gold_gain":0,"player_choice":"Card Removal","damage_taken":0,"max_hp_gain":0,"max_hp_loss":0,"event_name":"The Cleric","floor":3,"gold_loss":50},{"damage_healed":0,"gold_gain":0,"player_choice":"Grow","damage_taken":0,"max_hp_gain":0,"max_hp_loss":0,"event_name":"Living Wall","floor":12,"gold_loss":0,"cards_upgraded":["Neutralize"]},{"damage_healed":0,"gold_gain":75,"player_choice":"Gather Gold","damage_taken":11,"max_hp_gain":0,"max_hp_loss":0,"event_name":"World of Goop","floor":13,"gold_loss":0},{"cards_removed":["Strike_G"],"damage_healed":0,"gold_gain":0,"player_choice":"Card Removal","damage_taken":7,"max_hp_gain":0,"max_hp_loss":0,"event_name":"Golden Wing","floor":14,"gold_loss":0},{"damage_healed":0,"gold_gain":0,"player_choice":"Forge","damage_taken":0,"max_hp_gain":0,"max_hp_loss":0,"event_name":"Accursed Blacksmith","floor":19,"gold_loss":0,"cards_upgraded":["A Thousand Cuts"]},{"damage_healed":0,"gold_gain":0,"player_choice":"Read","damage_taken":0,"max_hp_gain":0,"max_hp_loss":0,"event_name":"The Library","floor":21,"gold_loss":0,"cards_obtained":["Die Die Die"]},{"damage_healed":0,"gold_gain":0,"player_choice":"Opened","damage_taken":0,"relics_obtained":["Snake Skull"],"max_hp_gain":0,"max_hp_loss":0,"event_name":"The Mausoleum","floor":27,"gold_loss":0},{"cards_removed":["Strike_G"],"damage_healed":0,"gold_gain":0,"player_choice":"Purged","damage_taken":0,"max_hp_gain":0,"max_hp_loss":0,"event_name":"Purifier","floor":28,"gold_loss":0},{"damage_healed":0,"gold_gain":0,"player_choice":"Paid Gold","damage_taken":0,"relics_obtained":["Vajra"],"max_hp_gain":0,"max_hp_loss":0,"event_name":"WeMeetAgain","floor":37,"gold_loss":88},{"damage_healed":0,"gold_gain":0,"player_choice":"Memory 1","damage_taken":0,"max_hp_gain":0,"max_hp_loss":0,"event_name":"SensoryStone","floor":46,"gold_loss":0}],"is_beta":false,"boss_relics":[{"not_picked":["Runic Dome","HoveringKite"],"picked":"WristBlade"},{"not_picked":["Fusion Hammer","Eternal Feather"],"picked":"Tiny House"}],"items_purged_floors":[],"is_endless":false,"potions_floor_spawned":[2,6,10,16,23,30,39,41,44],"ascension_level":0}