{"gold_per_floor":[110,110,123,141,153,153,187,187,211,237,237,247,247,264,264,264],"floor_reached":16,"playtime":1090,"items_purged":[],"score":207,"play_id":"f0f73561-e3c1-4c7d-884c-0abcfad4985e","local_time":"20190505154045","is_ascension_mode":true,"campfire_choices":[{"data":"Survivor","floor":6.0,"key":"SMITH"},{"floor":8,"key":"REST"},{"data":"Blur","floor":11,"key":"SMITH"},{"data":"Flying Knee","floor":13,"key":"SMITH"},{"data":"Terror","floor":15,"key":"SMITH"}],"neow_cost":"NONE","seed_source_timestamp":0,"circlet_count":0,"master_deck":["AscendersBane","Defend_G","Defend_G+1","Defend_G+1","Defend_G","Defend_G","Strike_G","Strike_G","Strike_G","Strike_G","Strike_G","Survivor+1","Neutralize+1","Masterful Stab","Underhanded Strike","PiercingWail","Blur+1","Backstab","Crippling Poison","Flying Knee+1","Terror+1"],"special_seed":0,"relics":["Ring of the Snake","PreservedInsect","Bag of Preparation","Snake Skull"],"potions_floor_usage":[7,7],"damage_taken":[{"damage":1.0,"enemies":"Small Slimes","floor":1.0,"turns":5.0},{"damage":4.0,"enemies":"Jaw Worm","floor":3.0,"turns":4.0},{"damage":4.0,"enemies":"2 Louse","floor":4.0,"turns":3.0},{"damage":1.0,"enemies":"Large Slime","floor":5.0,"turns":7.0},{"damage":9,"enemies":"Lagavulin","floor":7,"turns":8},{"damage":5,"enemies":"3 Sentries","floor":10,"turns":8},{"damage":0,"enemies":"Red Slaver","floor":12,"turns":4},{"damage":0,"enemies":"Exordium Wildlife","floor":14,"turns":3},{"damage":36,"enemies":"Slime Boss","floor":16,"turns":9}],"seed_played":"4134871336894107880","potions_obtained":[{"floor":1.0,"key":"AttackPotion"},{"floor":3.0,"key":"Weak Potion"}],"is_trial":false,"path_per_floor":["M","?","M","M","M","R","E","R","T","E","R","M","R","M","R","B"],"character_chosen":"THE_SILENT","items_purchased":[],"campfire_rested":1,"item_purchase_floors":[],"current_hp_per_floor":[58,38,34,30,29,29,20,39,39,34,34,34,34,34,34,0],"gold":264,"neow_bonus":"UPGRADE_CARD","is_prod":false,"is_daily":false,"chose_seed":false,"campfire_upgraded":4,"win_rate":0,"timestamp":1557085245,"path_taken":["M","?","M","M","M","R","E","R","T","E","R","M","R","M","R","BOSS"],"build_version":"2019-01-23","purchased_purges":0,"victory":false,"max_hp_per_floor":[66,66,66,66,66,66,66,66,66,66,66,66,66,66,66,66],"card_choices":[{"not_picked":["Finisher","Escape Plan"],"picked":"Masterful Stab","floor":1.0},{"not_picked":["Deadly Poison","Masterful Stab"],"picked":"Underhanded Strike","floor":3.0},{"not_picked":["Poisoned Stab","Acrobatics"],"picked":"PiercingWail","floor":4.0},{"not_picked":["Blade Dance","Outmaneuver"],"picked":"Blur","floor":5.0},{"not_picked":["Heel Hook","Choke"],"picked":"Backstab","floor":7},{"not_picked":["Storm of Steel","Blade Dance"],"picked":"Crippling Poison","floor":10},{"not_picked":["Backflip","Outmaneuver"],"picked":"Flying Knee","floor":12},{"not_picked":["Bouncing Flask","Slice"],"picked":"Terror","floor":14}],"player_experience":333922,"relics_obtained":[{"floor":7,"key":"PreservedInsect"},{"floor":9,"key":"Bag of Preparation"},{"floor":10,"key":"Snake Skull"}],"event_choices":[{"damage_healed":0.0,"max_hp_gain":0.0,"max_hp_loss":0.0,"gold_gain":0.0,"event_name":"Shining Light","player_choice":"Entered Light","floor":2.0,"gold_loss":0.0,"damage_taken":20.0,"cards_upgraded":["Defend_G","Defend_G"]}],"is_beta":false,"boss_relics":[],"items_purged_floors":[],"is_endless":false,"potions_floor_spawned":[1,3],"killed_by":"Slime Boss","ascension_level":17}