{"gold_per_floor":[139,89,89,42,61,61,81,81,81,115,74,89,123,123,123,219,219,239,164,164,175,187,214,234,267,267,267,267,267,182,196,196,298,298,314,314,113,128,148,148,160,172,172,188,216,227,227,327,327,327,327,327,24,50,50],"floor_reached":55,"playtime":3066,"items_purged":["Clumsy"],"score":747,"play_id":"b73c5500-11b1-452f-b755-ce5817216cc5","local_time":"20190429225938","is_ascension_mode":false,"campfire_choices":[{"data":"Whirlwind","floor":6,"key":"SMITH"},{"data":"Bash","floor":8,"key":"SMITH"},{"data":"Spot Weakness","floor":15,"key":"SMITH"},{"data":"Shrug It Off","floor":29,"key":"SMITH"},{"data":"Pommel Strike","floor":32,"key":"SMITH"},{"data":"Demon Form","floor":40,"key":"SMITH"},{"floor":49,"key":"RECALL"},{"data":"Demon Form","floor":52,"key":"SMITH"}],"neow_cost":"NONE","seed_source_timestamp":110256666352538,"circlet_count":0,"master_deck":["Strike_R+1","Strike_R+1","Strike_R+1","Defend_R+1","Defend_R+1","Defend_R+1","Defend_R+1","Bash+1","Whirlwind+1","Pommel Strike+1","Twin Strike","Armaments","Spot Weakness+1","Shrug It Off+1","Impervious","Whirlwind+1","Shrug It Off","Reaper","Body Slam+1","Demon Form+1","Feel No Pain+1","Demon Form+1","True Grit","Pommel Strike+1","Hemokinesis+1","Heavy Blade+1","Corruption","Flame Barrier+1"],"relics":["Burning Blood","Tiny Chest","Anchor","Singing Bowl","Mango","Dodecahedron","Cursed Key","Bottled Flame","Molten Egg 2","Charon\u0027s Ashes","Blood Vial","Art of War","Empty Cage","Happy Flower","Kunai","Girya","Pen Nib","Pocketwatch"],"potions_floor_usage":[16,16,22,33,42,54,55,55,55],"damage_taken":[{"damage":5,"enemies":"2 Louse","floor":1,"turns":3},{"damage":1,"enemies":"Jaw Worm","floor":5,"turns":2},{"damage":0,"enemies":"Small Slimes","floor":7,"turns":2},{"damage":12,"enemies":"3 Sentries","floor":10,"turns":4},{"damage":0,"enemies":"2 Fungi Beasts","floor":12,"turns":3},{"damage":36,"enemies":"Lagavulin","floor":13,"turns":5},{"damage":10,"enemies":"Slime Boss","floor":16,"turns":9},{"damage":0,"enemies":"Chosen","floor":18,"turns":3},{"damage":2,"enemies":"Spheric Guardian","floor":21,"turns":3},{"damage":5,"enemies":"Shelled Parasite and Fungi","floor":22,"turns":2},{"damage":22,"enemies":"Slavers","floor":23,"turns":2},{"damage":0,"enemies":"Centurion and Healer","floor":24,"turns":4},{"damage":41,"enemies":"Gremlin Leader","floor":25,"turns":8},{"damage":2,"enemies":"Cultist and Chosen","floor":31,"turns":3},{"damage":99,"enemies":"Champ","floor":33,"turns":15},{"damage":4,"enemies":"3 Darklings","floor":35,"turns":3},{"damage":27,"enemies":"3 Shapes","floor":38,"turns":2},{"damage":25,"enemies":"Writhing Mass","floor":39,"turns":5},{"damage":1,"enemies":"3 Darklings","floor":41,"turns":4},{"damage":0,"enemies":"Jaw Worm Horde","floor":42,"turns":1},{"damage":25,"enemies":"Sphere and 2 Shapes","floor":44,"turns":3},{"damage":57,"enemies":"Giant Head","floor":45,"turns":8},{"damage":47,"enemies":"Writhing Mass","floor":46,"turns":6},{"damage":81,"enemies":"Awakened One","floor":50,"turns":9},{"damage":46,"enemies":"Shield and Spear","floor":54,"turns":5},{"damage":77,"enemies":"The Heart","floor":55,"turns":3}],"seed_played":"1860519293172148106","potions_obtained":[{"floor":10,"key":"Explosive Potion"},{"floor":12,"key":"Explosive Potion"},{"floor":13,"key":"Poison Potion"},{"floor":16,"key":"SpeedPotion"},{"floor":22,"key":"Strength Potion"},{"floor":25,"key":"FairyPotion"},{"floor":33,"key":"Explosive Potion"},{"floor":39,"key":"Block Potion"},{"floor":42,"key":"Regen Potion"},{"floor":45,"key":"SkillPotion"},{"floor":54,"key":"GamblersBrew"}],"is_trial":false,"path_per_floor":["M","?","T","$","M","R","M","R","T","E","$","M","E","T","R","B",null,"M","?","?","M","M","E","M","E","T","?","?","R","?","M","R","B",null,"M","?","$","M","M","R","M","M","T","M","E","M","?","?","R","B",null,"R","$","E","B"],"character_chosen":"IRONCLAD","items_purchased":["Pommel Strike","Spot Weakness","Happy Flower","True Grit","Pen Nib","Corruption"],"campfire_rested":0,"item_purchase_floors":[4,11,37,37,53,53],"current_hp_per_floor":[80,80,80,80,80,80,80,80,80,90,90,96,68,68,68,64,98,98,98,98,100,100,86,92,75,75,75,75,75,75,83,83,16,106,106,106,106,87,84,84,105,112,112,93,72,45,100,100,100,25,100,100,100,60,0],"gold":50,"neow_bonus":"RANDOM_COMMON_RELIC","is_prod":false,"is_daily":false,"chose_seed":false,"campfire_upgraded":7,"win_rate":0,"timestamp":1556593178,"path_taken":["M","?","?","$","M","R","M","R","T","E","$","M","E","?","R","BOSS","M","?","?","M","M","E","M","E","T","?","?","R","?","M","R","BOSS","M","?","$","M","?","R","M","M","T","M","E","M","?","?","R","BOSS","R","$","E","BOSS"],"build_version":"2019-01-23","purchased_purges":1,"victory":false,"max_hp_per_floor":[80,80,80,80,80,80,80,80,80,96,96,96,98,98,98,98,98,98,98,98,100,100,102,102,104,104,104,104,104,104,106,106,106,106,106,106,106,108,108,108,110,112,112,112,112,114,100,100,100,100,100,100,100,100,100],"card_choices":[{"not_picked":["Cleave","Armaments"],"picked":"Whirlwind","floor":1},{"not_picked":["Burning Pact","Rage"],"picked":"Twin Strike","floor":5},{"not_picked":["Clothesline","Flex"],"picked":"Armaments","floor":7},{"not_picked":["Havoc","Dual Wield","Perfected Strike"],"picked":"Singing Bowl","floor":10},{"not_picked":["Headbutt","Wild Strike"],"picked":"Shrug It Off","floor":12},{"not_picked":["Disarm","Twin Strike","Clash"],"picked":"Singing Bowl","floor":13},{"not_picked":["Juggernaut","Barricade"],"picked":"Impervious","floor":16},{"not_picked":["Anger","Clothesline"],"picked":"Whirlwind+1","floor":18},{"not_picked":["Warcry","Intimidate","Uppercut"],"picked":"Singing Bowl","floor":21},{"not_picked":["Anger","Flex"],"picked":"Shrug It Off","floor":22},{"not_picked":["Fire Breathing","Shrug It Off","Sever Soul"],"picked":"Singing Bowl","floor":23},{"not_picked":["Iron Wave","Carnage"],"picked":"Reaper","floor":24},{"not_picked":["Warcry","Berserk","Whirlwind"],"picked":"Singing Bowl","floor":25},{"not_picked":["Body Slam+1","Havoc+1","Anger+1"],"picked":"Singing Bowl","floor":31},{"not_picked":["Offering","Berserk"],"picked":"Demon Form","floor":33},{"not_picked":["Clothesline+1","Warcry+1"],"picked":"Feel No Pain+1","floor":35},{"not_picked":["Havoc","Iron Wave+1","Thunderclap+1"],"picked":"Singing Bowl","floor":38},{"not_picked":["Armaments","Dual Wield"],"picked":"Pommel Strike+1","floor":39},{"not_picked":["Fire Breathing","Armaments+1","Clash+1"],"picked":"Singing Bowl","floor":41},{"not_picked":["Ghostly Armor","Dropkick+1","Cleave+1"],"picked":"Singing Bowl","floor":42},{"not_picked":["Bloodletting","Anger+1"],"picked":"Hemokinesis+1","floor":44},{"not_picked":["Twin Strike+1","Dual Wield+1"],"picked":"Heavy Blade+1","floor":45},{"not_picked":["Exhume","Cleave+1","Infernal Blade"],"picked":"Singing Bowl","floor":46},{"not_picked":["Armaments+1","Dropkick+1"],"picked":"Flame Barrier+1","floor":54}],"player_experience":244264,"relics_obtained":[{"floor":3,"key":"Anchor"},{"floor":9,"key":"Singing Bowl"},{"floor":10,"key":"Mango"},{"floor":13,"key":"Dodecahedron"},{"floor":23,"key":"Bottled Flame"},{"floor":25,"key":"Molten Egg 2"},{"floor":26,"key":"Charon\u0027s Ashes"},{"floor":43,"key":"Kunai"},{"floor":45,"key":"Girya"},{"floor":54,"key":"Pocketwatch"}],"event_choices":[{"cards_removed":["Strike_R"],"damage_healed":0,"gold_gain":0,"player_choice":"Card Removal","damage_taken":0,"max_hp_gain":0,"max_hp_loss":0,"event_name":"The Cleric","floor":2,"gold_loss":50},{"cards_removed":["Strike_R"],"damage_healed":0,"gold_gain":0,"player_choice":"Gave Gold","damage_taken":0,"max_hp_gain":0,"max_hp_loss":0,"event_name":"Beggar","floor":19,"gold_loss":75},{"damage_healed":0,"gold_gain":0,"player_choice":"Simplicity","damage_taken":0,"max_hp_gain":0,"max_hp_loss":0,"event_name":"Back to Basics","floor":20,"gold_loss":0,"cards_upgraded":["Strike_R","Strike_R","Strike_R","Defend_R","Defend_R","Defend_R","Defend_R"]},{"damage_healed":0,"gold_gain":0,"player_choice":"Opened","damage_taken":0,"relics_obtained":["Blood Vial"],"max_hp_gain":0,"max_hp_loss":0,"event_name":"The Mausoleum","floor":27,"gold_loss":0,"cards_obtained":["Writhe"]},{"damage_healed":0,"gold_gain":0,"player_choice":"Read","damage_taken":0,"max_hp_gain":0,"max_hp_loss":0,"event_name":"The Library","floor":28,"gold_loss":0,"cards_obtained":["Body Slam"]},{"damage_healed":0,"gold_gain":0,"player_choice":"Obtained Relic","damage_taken":0,"relics_obtained":["Art of War"],"max_hp_gain":0,"max_hp_loss":0,"event_name":"Addict","floor":30,"gold_loss":85},{"damage_healed":0,"gold_gain":0,"player_choice":"Copied","damage_taken":0,"max_hp_gain":0,"max_hp_loss":0,"event_name":"Duplicator","floor":36,"gold_loss":0,"cards_obtained":["Demon Form"]},{"damage_healed":100,"gold_gain":0,"player_choice":"Heal","damage_taken":0,"max_hp_gain":0,"max_hp_loss":14,"event_name":"The Moai Head","floor":47,"gold_loss":0},{"damage_healed":0,"gold_gain":100,"player_choice":"Pray","damage_taken":0,"max_hp_gain":0,"max_hp_loss":0,"event_name":"Golden Shrine","floor":48,"gold_loss":0}],"is_beta":false,"boss_relics":[{"not_picked":["Busted Crown","Calling Bell"],"picked":"Cursed Key"},{"not_picked":["Fusion Hammer","Mark of Pain"],"picked":"Empty Cage"}],"items_purged_floors":[53],"is_endless":false,"potions_floor_spawned":[10,12,13,16,22,25,33,39,41,42,45,54],"killed_by":"The Heart","ascension_level":0}