{"gold_per_floor":[13,32,48,48,64,64,89,101,125,137,208,208],"floor_reached":12,"playtime":532,"items_purged":[],"score":164,"play_id":"ac0b634e-a8a3-4af1-921d-a608ad9a6fd2","local_time":"20190515134035","is_ascension_mode":true,"campfire_choices":[{"floor":6,"key":"REST"}],"neow_cost":"NO_GOLD","seed_source_timestamp":2510898022753847,"circlet_count":0,"master_deck":["AscendersBane","Strike_B","Strike_B","Strike_B","Strike_B","Defend_B","Defend_B","Defend_B","Defend_B","Zap","Dualcast","Core Surge","Conserve Battery+1","Coolheaded","Ball Lightning","Loop","Genetic Algorithm","Undo"],"relics":["Cracked Core","Turnip","Bag of Marbles","Singing Bowl"],"potions_floor_usage":[10,12],"damage_taken":[{"damage":7,"enemies":"Small Slimes","floor":1,"turns":3},{"damage":0,"enemies":"Cultist","floor":2,"turns":3},{"damage":12,"enemies":"Jaw Worm","floor":3,"turns":3},{"damage":26,"enemies":"Exordium Thugs","floor":5,"turns":4},{"damage":19,"enemies":"3 Sentries","floor":7,"turns":8},{"damage":16,"enemies":"Large Slime","floor":8,"turns":5},{"damage":0,"enemies":"Exordium Wildlife","floor":10,"turns":3},{"damage":33,"enemies":"Gremlin Gang","floor":12,"turns":3}],"seed_played":"-3171389804429398253","potions_obtained":[{"floor":3,"key":"SteroidPotion"},{"floor":7,"key":"SpeedPotion"}],"is_trial":false,"path_per_floor":["M","M","M","?","M","R","E","M","T","M","T","M"],"character_chosen":"DEFECT","items_purchased":[],"campfire_rested":1,"item_purchase_floors":[],"current_hp_per_floor":[57,57,45,45,19,40,21,5,5,5,5,0],"gold":208,"neow_bonus":"THREE_RARE_CARDS","is_prod":false,"is_daily":false,"chose_seed":false,"campfire_upgraded":0,"win_rate":0,"timestamp":1557942035,"path_taken":["M","M","M","?","?","R","E","M","T","M","?","M"],"build_version":"2019-01-23","purchased_purges":0,"victory":false,"max_hp_per_floor":[71,71,71,71,71,71,71,71,71,71,71,71],"card_choices":[{"not_picked":["Creative AI","Reboot"],"picked":"Core Surge","floor":0},{"not_picked":["Streamline","Rip and Tear"],"picked":"Conserve Battery","floor":1},{"not_picked":["Blizzard","Barrage"],"picked":"Coolheaded","floor":2},{"not_picked":["Blizzard","Buffer"],"picked":"Ball Lightning","floor":3},{"not_picked":["White Noise","Redo","Tempest"],"picked":"SKIP","floor":5},{"not_picked":["Barrage","Stack"],"picked":"Loop","floor":7},{"not_picked":["Go for the Eyes","Sunder"],"picked":"Genetic Algorithm","floor":8},{"not_picked":["Turbo","Stack"],"picked":"Undo","floor":10}],"player_experience":1268312,"relics_obtained":[{"floor":7,"key":"Turnip"},{"floor":9,"key":"Bag of Marbles"},{"floor":11,"key":"Singing Bowl"}],"event_choices":[{"damage_healed":0,"gold_gain":0,"player_choice":"Forge","damage_taken":0,"max_hp_gain":0,"max_hp_loss":0,"event_name":"Accursed Blacksmith","floor":4,"gold_loss":0,"cards_upgraded":["Conserve Battery"]}],"is_beta":false,"boss_relics":[],"items_purged_floors":[],"is_endless":false,"potions_floor_spawned":[3,7],"killed_by":"Gremlin Gang","ascension_level":20}