{"gold_per_floor":[115,130,144,144,144,169,230,256,256,256,276,292,126,151,151,256,256,269,296,296,314,11,41,59,86,86,115,115,144,158,184,184,284,284,295,315,315,315,335,369,369,402,429,30,50,67,82,115,115,115,115,115,41,66,66],"floor_reached":56,"playtime":4713,"items_purged":["Strike_R","Strike_R","Defend_R"],"score":1459,"play_id":"09d20b5d-725d-44a2-a638-df4caed3fbe5","local_time":"20190527125632","is_ascension_mode":true,"campfire_choices":[{"floor":10,"key":"DIG"},{"data":"Shockwave","floor":15,"key":"SMITH"},{"data":"Battle Trance","floor":28,"key":"SMITH"},{"floor":32,"key":"RECALL"},{"data":"Shrug It Off","floor":41,"key":"SMITH"},{"data":"Panache","floor":49,"key":"SMITH"},{"data":"Disarm","floor":52,"key":"SMITH"}],"neow_cost":"NONE","seed_source_timestamp":981465219457700,"circlet_count":0,"master_deck":["Strike_R","Strike_R","Defend_R+1","Defend_R","Defend_R","Bash","Metallicize","Cleave","Pommel Strike+1","Spot Weakness+1","Sword Boomerang","Pummel","Pummel","Shockwave+1","Disarm+1","Shrug It Off+1","Juggernaut","Reaper","Sword Boomerang+1","Heavy Blade+1","Havoc","Battle Trance+1","Panache+1","Shrug It Off","Warcry+1","Blood for Blood+1","Whirlwind+1","Inflame+1","Anger","Bloodletting+1","Limit Break+1","Corruption+1","Madness+1","Madness+1","Headbutt+1","Shrug It Off+1","Berserk+1","Master of Strategy+1","Exhume+1","Warcry+1"],"relics":["Burning Blood","Bronze Scales","Bottled Flame","Shovel","Strawberry","Incense Burner","Dream Catcher","Mercury Hourglass","Black Star","Red Mask","Smiling Mask","Meat on the Bone","Vajra","Bird Faced Urn","Regal Pillow","Toxic Egg 2","Frozen Egg 2","Bottled Tornado","Gremlin Horn","Ancient Tea Set","Sozu","Happy Flower","Orichalcum","Molten Egg 2","Charon\u0027s Ashes","Omamori","Juzu Bracelet","Blue Candle","Red Skull","War Paint"],"potions_floor_usage":[6,27,33],"damage_taken":[{"damage":6,"enemies":"Jaw Worm","floor":1,"turns":4},{"damage":0,"enemies":"2 Louse","floor":2,"turns":2},{"damage":3,"enemies":"Small Slimes","floor":3,"turns":3},{"damage":7,"enemies":"3 Sentries","floor":6,"turns":5},{"damage":15,"enemies":"Gremlin Nob","floor":7,"turns":4},{"damage":22,"enemies":"Gremlin Nob","floor":8,"turns":4},{"damage":9,"enemies":"2 Fungi Beasts","floor":11,"turns":3},{"damage":4,"enemies":"Gremlin Gang","floor":12,"turns":2},{"damage":14,"enemies":"Lagavulin","floor":14,"turns":7},{"damage":24,"enemies":"Slime Boss","floor":16,"turns":6},{"damage":6,"enemies":"Chosen","floor":18,"turns":4},{"damage":6,"enemies":"Masked Bandits","floor":19,"turns":3},{"damage":0,"enemies":"3 Byrds","floor":21,"turns":3},{"damage":30,"enemies":"Gremlin Leader","floor":23,"turns":7},{"damage":12,"enemies":"Centurion and Healer","floor":24,"turns":5},{"damage":25,"enemies":"Book of Stabbing","floor":25,"turns":5},{"damage":12,"enemies":"Slavers","floor":27,"turns":3},{"damage":26,"enemies":"Book of Stabbing","floor":29,"turns":4},{"damage":10,"enemies":"Snake Plant","floor":30,"turns":2},{"damage":37,"enemies":"Slavers","floor":31,"turns":3},{"damage":6,"enemies":"Champ","floor":33,"turns":6},{"damage":14,"enemies":"3 Darklings","floor":35,"turns":4},{"damage":14,"enemies":"3 Shapes","floor":36,"turns":2},{"damage":8,"enemies":"Jaw Worm Horde","floor":39,"turns":2},{"damage":0,"enemies":"Reptomancer","floor":40,"turns":2},{"damage":4,"enemies":"Giant Head","floor":42,"turns":5},{"damage":0,"enemies":"4 Shapes","floor":45,"turns":2},{"damage":21,"enemies":"Spire Growth","floor":46,"turns":3},{"damage":0,"enemies":"Jaw Worm Horde","floor":47,"turns":2},{"damage":13,"enemies":"Nemesis","floor":48,"turns":3},{"damage":53,"enemies":"Time Eater","floor":50,"turns":6},{"damage":4,"enemies":"Shield and Spear","floor":54,"turns":3},{"damage":75,"enemies":"The Heart","floor":55,"turns":6}],"seed_played":"1177980891727406424","potions_obtained":[{"floor":1,"key":"SmokeBomb"},{"floor":2,"key":"AttackPotion"},{"floor":8,"key":"Regen Potion"},{"floor":11,"key":"Energy Potion"},{"floor":23,"key":"GamblersBrew"},{"floor":30,"key":"Block Potion"}],"is_trial":false,"path_per_floor":["M","M","M","?","?","E","?","E","T","R","M","M","$","E","R","B",null,"M","?","?","M","$","E","M","E","T","E","R","E","M","E","R","B",null,"M","M","?","?","M","E","R","E","T","$","M","M","M","E","R","B",null,"R","$","E","B",null],"character_chosen":"IRONCLAD","items_purchased":["Disarm","Shrug It Off","Battle Trance","Panache","Shrug It Off","Master of Strategy+1","Exhume+1","Warcry+1"],"campfire_rested":0,"item_purchase_floors":[13,13,22,22,22,44,44,53],"current_hp_per_floor":[80,80,80,73,73,72,63,54,54,54,51,53,53,45,45,27,87,87,87,87,87,87,63,64,57,57,51,51,47,57,78,78,86,87,81,87,76,76,76,87,87,87,87,87,87,72,87,80,80,69,87,87,87,87,39],"gold":66,"neow_bonus":"RANDOM_COMMON_RELIC","is_prod":false,"is_daily":false,"chose_seed":false,"campfire_upgraded":5,"win_rate":0,"timestamp":1558979792,"path_taken":["M","M","M","?","?","E","?","E","T","R","M","M","$","E","R","BOSS","M","?","?","M","$","E","?","E","T","E","R","E","M","E","R","BOSS","M","M","?","?","M","E","R","E","T","$","M","?","M","E","R","BOSS","R","$","E","BOSS"],"build_version":"2019-01-23","purchased_purges":3,"victory":true,"max_hp_per_floor":[80,80,80,80,80,80,80,87,87,87,87,87,87,87,87,87,87,87,87,87,87,87,87,87,87,87,87,87,87,87,87,87,87,87,87,87,87,87,87,87,87,87,87,87,87,87,87,87,87,87,87,87,87,87,87],"card_choices":[{"not_picked":["Body Slam","Perfected Strike"],"picked":"Metallicize","floor":1},{"not_picked":["True Grit","Thunderclap"],"picked":"Cleave","floor":2},{"not_picked":["Wild Strike","Pummel"],"picked":"Pommel Strike","floor":3},{"not_picked":["Feel No Pain","Berserk"],"picked":"Spot Weakness","floor":6},{"not_picked":["Fire Breathing","Cleave"],"picked":"Sword Boomerang","floor":7},{"not_picked":["Blood for Blood","Cleave"],"picked":"Pummel","floor":8},{"not_picked":["Thunderclap","Twin Strike"],"picked":"Pummel","floor":11},{"not_picked":["True Grit","Inflame"],"picked":"Shockwave","floor":12},{"not_picked":["Body Slam","Headbutt"],"picked":"Juggernaut","floor":14},{"not_picked":["Feed","Offering"],"picked":"Reaper","floor":16},{"not_picked":["Rampage","Clash"],"picked":"Sword Boomerang+1","floor":18},{"not_picked":["Spot Weakness","Thunderclap+1"],"picked":"Heavy Blade","floor":19},{"not_picked":["Fire Breathing","Body Slam"],"picked":"Havoc","floor":21},{"not_picked":["Sever Soul","Flex+1"],"picked":"Warcry+1","floor":23},{"not_picked":["Shrug It Off","Second Wind"],"picked":"Blood for Blood+1","floor":24},{"not_picked":["Flex","Berserk"],"picked":"Whirlwind+1","floor":25},{"not_picked":["Whirlwind","Impervious"],"picked":"Inflame+1","floor":27},{"not_picked":["Sever Soul","Body Slam"],"picked":"Anger","floor":29},{"not_picked":["Reckless Charge","Sword Boomerang+1"],"picked":"Bloodletting+1","floor":30},{"not_picked":["Anger","Clash+1","Body Slam+1"],"picked":"SKIP","floor":31},{"not_picked":["Impervious+1","Dark Embrace+1"],"picked":"Limit Break+1","floor":33},{"not_picked":["Anger+1","Hemokinesis+1","Searing Blow+1"],"picked":"SKIP","floor":35},{"not_picked":["Evolve+1","Hemokinesis"],"picked":"Corruption+1","floor":36},{"not_picked":["Entrench+1","Bloodletting+1"],"picked":"Headbutt+1","floor":39},{"not_picked":["Dual Wield+1","Cleave"],"picked":"Shrug It Off+1","floor":40},{"not_picked":["Body Slam+1","Armaments+1"],"picked":"Berserk+1","floor":42},{"not_picked":["Clash+1","Whirlwind+1","Armaments+1"],"picked":"SKIP","floor":45},{"not_picked":["Clash+1","Flex+1","Armaments+1"],"picked":"SKIP","floor":46},{"not_picked":["Pommel Strike+1","Iron Wave+1","Berserk+1"],"picked":"SKIP","floor":47},{"not_picked":["Anger+1","Metallicize+1","Rampage+1"],"picked":"SKIP","floor":48},{"not_picked":["Perfected Strike+1","Dropkick+1","Combust+1"],"picked":"SKIP","floor":54}],"player_experience":203166,"relics_obtained":[{"floor":6,"key":"Bottled Flame"},{"floor":8,"key":"Strawberry"},{"floor":9,"key":"Incense Burner"},{"floor":10,"key":"Dream Catcher"},{"floor":14,"key":"Mercury Hourglass"},{"floor":19,"key":"Red Mask"},{"floor":23,"key":"Smiling Mask"},{"floor":23,"key":"Meat on the Bone"},{"floor":25,"key":"Vajra"},{"floor":25,"key":"Bird Faced Urn"},{"floor":27,"key":"Regal Pillow"},{"floor":27,"key":"Toxic Egg 2"},{"floor":29,"key":"Frozen Egg 2"},{"floor":29,"key":"Bottled Tornado"},{"floor":31,"key":"Gremlin Horn"},{"floor":31,"key":"Ancient Tea Set"},{"floor":40,"key":"Happy Flower"},{"floor":40,"key":"Orichalcum"},{"floor":42,"key":"Molten Egg 2"},{"floor":42,"key":"Charon\u0027s Ashes"},{"floor":43,"key":"Omamori"},{"floor":48,"key":"Juzu Bracelet"},{"floor":48,"key":"Blue Candle"},{"floor":54,"key":"Red Skull"},{"floor":54,"key":"War Paint"}],"event_choices":[{"cards_removed":["Strike_R"],"damage_healed":0,"gold_gain":0,"player_choice":"Card Removal","damage_taken":7,"max_hp_gain":0,"max_hp_loss":0,"event_name":"Golden Wing","floor":4,"gold_loss":0},{"damage_healed":0,"gold_gain":0,"player_choice":"Grow","damage_taken":0,"max_hp_gain":0,"max_hp_loss":0,"event_name":"Living Wall","floor":5,"gold_loss":0,"cards_upgraded":["Pommel Strike"]},{"damage_healed":0,"gold_gain":0,"player_choice":"Searched \u00272\u0027 times","damage_taken":0,"relics_obtained":["Shovel"],"max_hp_gain":0,"max_hp_loss":0,"event_name":"Dead Adventurer","floor":7,"gold_loss":0},{"damage_healed":0,"gold_gain":0,"player_choice":"Fought Bandits","damage_taken":0,"max_hp_gain":0,"max_hp_loss":0,"event_name":"Masked Bandits","floor":19,"gold_loss":0},{"damage_healed":0,"gold_gain":0,"player_choice":"Upgraded","damage_taken":0,"max_hp_gain":0,"max_hp_loss":0,"event_name":"Upgrade Shrine","floor":20,"gold_loss":0,"cards_upgraded":["Heavy Blade"]},{"damage_healed":0,"gold_gain":0,"player_choice":"Embrace Madness","damage_taken":11,"max_hp_gain":0,"max_hp_loss":0,"event_name":"Winding Halls","floor":37,"gold_loss":0,"cards_obtained":["Madness","Madness"]},{"damage_healed":0,"gold_gain":0,"player_choice":"Ignored","damage_taken":0,"max_hp_gain":0,"max_hp_loss":0,"event_name":"NoteForYourself","floor":38,"gold_loss":0}],"is_beta":false,"boss_relics":[{"not_picked":["Runic Dome","Eternal Feather"],"picked":"Black Star"},{"not_picked":["Velvet Choker","White Beast Statue"],"picked":"Sozu"}],"items_purged_floors":[13,44,53],"is_endless":false,"potions_floor_spawned":[1,2,8,11,12,16,18,21,23,30,35,36,47,48],"ascension_level":1}