{"gold_per_floor":[113,124,124,49,60,90,90,110,110,142,142,142,42,55,55,145,145,145,40,40,40,40,40,40,40,40,40,40,40,40],"floor_reached":30,"playtime":5007,"items_purged":["Regret"],"score":523,"play_id":"75935bc9-3105-4ca4-a903-db1f8a81b0d5","local_time":"20190505213010","is_ascension_mode":true,"campfire_choices":[{"data":"Neutralize","floor":7,"key":"SMITH"},{"floor":11,"key":"REST"},{"data":"Phantasmal Killer","floor":15,"key":"SMITH"},{"data":"Infinite Blades","floor":23,"key":"SMITH"},{"floor":25,"key":"REST"},{"floor":28,"key":"REST"}],"neow_cost":"NONE","seed_source_timestamp":95057727389040,"circlet_count":0,"master_deck":["AscendersBane","Defend_G","Defend_G","Defend_G","Defend_G","Defend_G","Strike_G","Strike_G","Strike_G","Strike_G","Survivor","Neutralize+1","Adrenaline","Terror","Dagger Spray","Acrobatics","Noxious Fumes","Tactician","Phantasmal Killer+1","Footwork","Prepared","Dagger Throw","Tools of the Trade","Infinite Blades+1","Backflip","Underhanded Strike","Escape Plan+1","Well Laid Plans+1","Blur","Prepared+1"],"relics":["Ring of the Snake","Calipers","Blue Candle","Mummified Hand","Anchor","Golden Idol","Ectoplasm","Spirit Poop","Nunchaku","Singing Bowl","Molten Egg 2"],"potions_floor_usage":[6,6,16,16,20,24,29],"damage_taken":[{"damage":4,"enemies":"Small Slimes","floor":1,"turns":6},{"damage":0,"enemies":"2 Louse","floor":2,"turns":3},{"damage":0,"enemies":"Jaw Worm","floor":5,"turns":6},{"damage":10,"enemies":"Lagavulin","floor":6,"turns":3},{"damage":0,"enemies":"Blue Slaver","floor":8,"turns":6},{"damage":34,"enemies":"3 Sentries","floor":10,"turns":9},{"damage":0,"enemies":"3 Louse","floor":14,"turns":4},{"damage":8,"enemies":"Hexaghost","floor":16,"turns":11},{"damage":7,"enemies":"Shell Parasite","floor":18,"turns":6},{"damage":11,"enemies":"Colosseum Slavers","floor":20,"turns":6},{"damage":8,"enemies":"3 Byrds","floor":22,"turns":5},{"damage":10,"enemies":"Book of Stabbing","floor":24,"turns":5},{"damage":10,"enemies":"Shelled Parasite and Fungi","floor":27,"turns":5},{"damage":34,"enemies":"Slavers","floor":29,"turns":5},{"damage":17,"enemies":"Snecko","floor":30,"turns":3}],"seed_played":"-3978007195185405836","potions_obtained":[{"floor":2,"key":"AttackPotion"},{"floor":5,"key":"SkillPotion"},{"floor":8,"key":"EssenceOfSteel"},{"floor":14,"key":"GhostInAJar"},{"floor":16,"key":"GhostInAJar"},{"floor":18,"key":"Dexterity Potion"},{"floor":27,"key":"Explosive Potion"}],"is_trial":false,"path_per_floor":["M","M","?","$","M","E","R","M","T","E","R","?","$","M","R","B",null,"M","$","?","?","M","R","E","R","T","M","R","E","M"],"character_chosen":"THE_SILENT","items_purchased":["Footwork","Prepared","Backflip","Underhanded Strike"],"campfire_rested":3,"item_purchase_floors":[13,13,19,19],"current_hp_per_floor":[55,55,55,55,55,45,45,45,45,11,30,30,30,30,30,22,55,48,48,37,37,29,29,19,38,38,28,47,13,0],"gold":40,"neow_bonus":"TRANSFORM_CARD","is_prod":false,"is_daily":false,"chose_seed":false,"campfire_upgraded":3,"win_rate":0,"timestamp":1557106210,"path_taken":["M","M","?","$","M","E","R","M","T","E","R","?","$","?","R","BOSS","M","$","?","?","M","R","E","R","T","M","R","E","M"],"build_version":"2019-01-23","purchased_purges":1,"victory":false,"max_hp_per_floor":[66,66,66,66,66,66,66,66,66,66,66,66,66,66,66,66,66,66,66,66,66,66,66,66,66,66,66,66,66,66],"card_choices":[{"not_picked":["Outmaneuver","Poisoned Stab"],"picked":"Terror","floor":1},{"not_picked":["Deflect","Sucker Punch"],"picked":"Dagger Spray","floor":2},{"not_picked":["Accuracy","Distraction"],"picked":"Acrobatics","floor":5},{"not_picked":["Dagger Throw","Accuracy"],"picked":"Noxious Fumes","floor":6},{"not_picked":["Dodge and Roll","Outmaneuver"],"picked":"Tactician","floor":8},{"not_picked":["Skewer","Dagger Spray"],"picked":"Phantasmal Killer","floor":10},{"not_picked":["Riddle With Holes","Underhanded Strike"],"picked":"Dagger Throw","floor":14},{"not_picked":["Adrenaline","Bullet Time"],"picked":"Tools of the Trade","floor":16},{"not_picked":["Deadly Poison","Terror"],"picked":"Infinite Blades","floor":18},{"not_picked":["Flechettes","PiercingWail"],"picked":"Escape Plan+1","floor":22},{"not_picked":["Deflect+1","Sucker Punch"],"picked":"Well Laid Plans+1","floor":24},{"not_picked":["Slice","Reflex"],"picked":"Blur","floor":27},{"not_picked":["Poisoned Stab","Accuracy"],"picked":"Prepared+1","floor":29}],"player_experience":348213,"relics_obtained":[{"floor":6,"key":"Blue Candle"},{"floor":9,"key":"Mummified Hand"},{"floor":10,"key":"Anchor"},{"floor":24,"key":"Nunchaku"},{"floor":26,"key":"Singing Bowl"},{"floor":29,"key":"Molten Egg 2"}],"event_choices":[{"damage_healed":0,"gold_gain":0,"player_choice":"Box","damage_taken":0,"relics_obtained":["Calipers"],"max_hp_gain":0,"max_hp_loss":0,"event_name":"Big Fish","floor":3,"gold_loss":0,"cards_obtained":["Regret"]},{"damage_healed":0,"gold_gain":0,"player_choice":"Take Wound","damage_taken":0,"relics_obtained":["Golden Idol"],"max_hp_gain":0,"max_hp_loss":0,"event_name":"Golden Idol","floor":12,"gold_loss":0,"cards_obtained":["Injury"]},{"damage_healed":0,"gold_gain":0,"player_choice":"Fight","damage_taken":0,"max_hp_gain":0,"max_hp_loss":0,"event_name":"Colosseum","floor":20,"gold_loss":0},{"damage_healed":0,"gold_gain":0,"player_choice":"Fled From Nobs","damage_taken":0,"max_hp_gain":0,"max_hp_loss":0,"event_name":"Colosseum","floor":20,"gold_loss":0},{"cards_removed":["Injury"],"damage_healed":0,"gold_gain":0,"player_choice":"Offered Curse","damage_taken":0,"relics_obtained":["Spirit Poop"],"max_hp_gain":0,"max_hp_loss":0,"event_name":"Bonfire Elementals","floor":21,"gold_loss":0}],"is_beta":false,"boss_relics":[{"not_picked":["Busted Crown","Black Star"],"picked":"Ectoplasm"}],"items_purged_floors":[4],"is_endless":false,"potions_floor_spawned":[2,5,8,14,16,18,27],"killed_by":"Snecko","ascension_level":18}