{"gold_per_floor":[114,289,304,319,319,349,349,364,364,379,195,225,91,106,106,206,206,221,321,336,336,351,351,366,366,366,111,146,161,176,191,191,291,291,306,321,34,49,64,94,106,133,170,182,69,84,99,114,114,114],"floor_reached":51,"playtime":5648,"items_purged":["Static Discharge","Noxious Fumes","Go for the Eyes"],"score":849,"play_id":"6970b76b-41ff-445d-8860-f49481a9ae6f","local_time":"20190318003411","daily_mods":["Draft","Green Cards","DeadlyEvents"],"is_ascension_mode":false,"campfire_choices":[{"data":"Defragment","floor":7,"key":"SMITH"},{"data":"Apotheosis","floor":15,"key":"SMITH"},{"floor":23,"key":"REST"},{"data":"Seek","floor":25,"key":"SMITH"},{"floor":32,"key":"REST"},{"data":"Seek","floor":41,"key":"SMITH"},{"floor":49,"key":"REST"}],"neow_cost":"","seed_source_timestamp":0,"circlet_count":0,"master_deck":["Cloak And Dagger","Calculated Gamble","Cloak And Dagger","Sweeping Beam","Defragment+1","Prepared","Gash","Doom and Gloom","Dagger Spray","Tempest","Coolheaded","Gash","Glacier","Backflip","Turbo","Scrape","Seek+1","Blur","Backflip","Apotheosis+1","Jack Of All Trades","Stack","Rebound","Fission","Ball Lightning","Expertise","Setup+1","Scrape+1","Panache","Prepared+1","Self Repair","Seek+1","Acrobatics+1","Chaos","Fusion+1","Steam Power+1","Reprogram","Turbo","Madness","Madness"],"special_seed":17973,"relics":["Cracked Core","Oddly Smooth Stone","Calipers","Lantern","Inserter","WingedGreaves","Mercury Hourglass","Incense Burner","Eternal Feather","Art of War","MawBank","Omamori"],"potions_floor_usage":[],"damage_taken":[{"damage":0,"enemies":"Cultist","floor":1,"turns":3},{"damage":8,"enemies":"Small Slimes","floor":3,"turns":3},{"damage":0,"enemies":"Jaw Worm","floor":4,"turns":3},{"damage":6,"enemies":"Lagavulin","floor":6,"turns":5},{"damage":12,"enemies":"Large Slime","floor":8,"turns":5},{"damage":0,"enemies":"Looter","floor":10,"turns":3},{"damage":4,"enemies":"3 Sentries","floor":12,"turns":5},{"damage":3,"enemies":"Blue Slaver","floor":14,"turns":3},{"damage":0,"enemies":"Slime Boss","floor":16,"turns":8},{"damage":21,"enemies":"2 Thieves","floor":18,"turns":4},{"damage":13,"enemies":"Colosseum Slavers","floor":19,"turns":3},{"damage":24,"enemies":"Colosseum Nobs","floor":19,"turns":4},{"damage":0,"enemies":"Shell Parasite","floor":20,"turns":3},{"damage":0,"enemies":"3 Cultists","floor":22,"turns":3},{"damage":0,"enemies":"Snecko","floor":24,"turns":4},{"damage":11,"enemies":"Cultist and Chosen","floor":28,"turns":6},{"damage":0,"enemies":"Snake Plant","floor":29,"turns":2},{"damage":0,"enemies":"Centurion and Healer","floor":30,"turns":2},{"damage":0,"enemies":"Sentry and Sphere","floor":31,"turns":4},{"damage":0,"enemies":"Collector","floor":33,"turns":8},{"damage":19,"enemies":"3 Shapes","floor":35,"turns":3},{"damage":7,"enemies":"3 Darklings","floor":36,"turns":4},{"damage":0,"enemies":"Spire Growth","floor":38,"turns":2},{"damage":4,"enemies":"4 Shapes","floor":39,"turns":4},{"damage":0,"enemies":"Nemesis","floor":40,"turns":7},{"damage":0,"enemies":"Sphere and 2 Shapes","floor":42,"turns":3},{"damage":30,"enemies":"3 Darklings","floor":46,"turns":3},{"damage":40,"enemies":"Jaw Worm Horde","floor":47,"turns":3},{"damage":0,"enemies":"Sphere and 2 Shapes","floor":48,"turns":1},{"damage":34,"enemies":"Awakened One","floor":50,"turns":13}],"seed_played":"-6182514928825895174","potions_obtained":[{"floor":8,"key":"PowerPotion"},{"floor":12,"key":"AttackPotion"},{"floor":16,"key":"Energy Potion"},{"floor":18,"key":"Explosive Potion"},{"floor":22,"key":"Fire Potion"},{"floor":39,"key":"Swift Potion"},{"floor":46,"key":"FocusPotion"}],"is_trial":false,"path_per_floor":["M","?","M","M","?","E","R","M","T","M","$","E","$","M","R","B",null,"M","?","M","?","M","R","M","R","T","$","M","M","M","M","R","B",null,"M","M","$","M","M","E","R","M","T","?","$","M","M","M","R","B",null],"character_chosen":"DEFECT","items_purchased":["Apotheosis","Jack Of All Trades","Stack","Panache","Chaos","Art of War"],"campfire_rested":3,"item_purchase_floors":[11,13,13,27,37,37],"current_hp_per_floor":[75,75,67,67,60,54,54,42,42,42,42,38,38,35,35,35,75,54,17,17,17,17,39,39,39,39,39,28,28,28,38,60,70,75,63,56,56,66,69,69,75,75,75,66,66,43,13,23,69,35],"gold":114,"neow_bonus":"","is_prod":false,"is_daily":true,"chose_seed":false,"campfire_upgraded":4,"win_rate":0,"timestamp":1552887251,"path_taken":["M","?","M","M","?","E","R","?","T","M","?","?","$","M","R","BOSS","M","?","M","?","M","R","M","R","T","$","M","M","M","M","R","BOSS","M","M","$","M","M","E","R","M","T","?","$","M","M","M","R","BOSS"],"build_version":"2019-01-23","purchased_purges":3,"victory":true,"max_hp_per_floor":[75,75,75,75,75,75,75,75,75,75,75,75,75,75,75,75,75,75,75,75,75,75,75,75,75,75,75,75,75,75,75,75,75,75,75,75,75,75,75,75,75,75,75,75,75,75,75,75,75,75],"card_choices":[{"not_picked":["Leap","Slice"],"picked":"Cloak And Dagger","floor":0},{"not_picked":["Acrobatics","Heatsinks"],"picked":"Calculated Gamble","floor":0},{"not_picked":["Blade Dance","Streamline"],"picked":"Cloak And Dagger","floor":0},{"not_picked":["Deflect","Dagger Throw"],"picked":"Sweeping Beam","floor":0},{"not_picked":["Leg Sweep","Dagger Spray"],"picked":"Noxious Fumes","floor":0},{"not_picked":["Sucker Punch","Doom and Gloom"],"picked":"Defragment","floor":0},{"not_picked":["Bane","Dagger Spray"],"picked":"Prepared","floor":0},{"not_picked":["Sunder","Turbo"],"picked":"Gash","floor":0},{"not_picked":["Dagger Spray","Ball Lightning"],"picked":"Doom and Gloom","floor":0},{"not_picked":["Outmaneuver","Turbo"],"picked":"Static Discharge","floor":0},{"not_picked":["Stack","Blade Dance"],"picked":"Dagger Spray","floor":0},{"not_picked":["Blade Dance","Heel Hook"],"picked":"Tempest","floor":0},{"not_picked":["Prepared","Distraction"],"picked":"Coolheaded","floor":0},{"not_picked":["Underhanded Strike","Cold Snap"],"picked":"Gash","floor":0},{"not_picked":["Blizzard","Conserve Battery"],"picked":"Glacier","floor":0},{"not_picked":["Deflect","Prepared"],"picked":"Backflip","floor":1},{"not_picked":["Sweeping Beam","Cold Snap"],"picked":"Turbo","floor":3},{"not_picked":["Stack","Crippling Poison"],"picked":"Scrape","floor":4},{"not_picked":["Barrage","Eviscerate"],"picked":"Seek","floor":6},{"not_picked":["Leap","Dash"],"picked":"Blur","floor":8},{"not_picked":["BootSequence","Dodge and Roll"],"picked":"Backflip","floor":10},{"not_picked":["Reboot","Quick Slash"],"picked":"Auto Shields","floor":12},{"not_picked":["Catalyst","Acrobatics"],"picked":"Rebound","floor":14},{"not_picked":["Multi-Cast","Doppelganger"],"picked":"Fission","floor":16},{"not_picked":["Steam+1","Storm"],"picked":"Ball Lightning","floor":18},{"not_picked":["Eviscerate","PiercingWail"],"picked":"Expertise","floor":19},{"not_picked":["Flying Knee","Skewer"],"picked":"Setup+1","floor":20},{"not_picked":["Coolheaded","Blade Dance","Steam+1"],"picked":"SKIP","floor":22},{"not_picked":["Dagger Spray","Infinite Blades+1"],"picked":"Scrape+1","floor":24},{"not_picked":["Force Field","Leap"],"picked":"Go for the Eyes","floor":28},{"not_picked":["Cloak And Dagger","Dagger Throw"],"picked":"Prepared+1","floor":29},{"not_picked":["Rainbow","Flying Knee"],"picked":"Self Repair","floor":30},{"not_picked":["Sunder","Flying Knee","Coolheaded"],"picked":"SKIP","floor":31},{"not_picked":["Storm of Steel","Amplify"],"picked":"Seek","floor":33},{"not_picked":["PiercingWail","Genetic Algorithm","Stack+1"],"picked":"SKIP","floor":35},{"not_picked":["Stack","Fusion"],"picked":"Acrobatics+1","floor":36},{"not_picked":["Stack+1","Crippling Poison+1"],"picked":"Fusion+1","floor":38},{"not_picked":["Beam Cell+1","Static Discharge+1"],"picked":"Steam Power+1","floor":39},{"not_picked":["Terror","Eviscerate"],"picked":"Reprogram","floor":40},{"not_picked":["Chill+1","Amplify"],"picked":"Turbo","floor":42},{"not_picked":["Sweeping Beam","Flying Knee+1","Dagger Throw"],"picked":"SKIP","floor":46},{"not_picked":["Steam","Underhanded Strike+1","Dodge and Roll+1"],"picked":"SKIP","floor":47},{"not_picked":["Dagger Throw+1","Go for the Eyes","Predator+1"],"picked":"SKIP","floor":48}],"player_experience":145260,"relics_obtained":[{"floor":6,"key":"Oddly Smooth Stone"},{"floor":9,"key":"Calipers"},{"floor":12,"key":"Lantern"},{"floor":19,"key":"WingedGreaves"},{"floor":19,"key":"Mercury Hourglass"},{"floor":26,"key":"Incense Burner"},{"floor":40,"key":"MawBank"},{"floor":43,"key":"Omamori"}],"event_choices":[{"damage_healed":0,"gold_gain":175,"player_choice":"AGREE","damage_taken":0,"max_hp_gain":0,"max_hp_loss":0,"event_name":"Liars Game","floor":2,"gold_loss":0,"cards_obtained":["Doubt"]},{"cards_removed":["Doubt"],"damage_healed":0,"gold_gain":0,"player_choice":"Card Removal","damage_taken":7,"max_hp_gain":0,"max_hp_loss":0,"event_name":"Golden Wing","floor":5,"gold_loss":0},{"damage_healed":0,"gold_gain":0,"player_choice":"Fight","damage_taken":0,"max_hp_gain":0,"max_hp_loss":0,"event_name":"Colosseum","floor":19,"gold_loss":0},{"damage_healed":0,"gold_gain":0,"player_choice":"Fought Nobs","damage_taken":0,"max_hp_gain":0,"max_hp_loss":0,"event_name":"Colosseum","floor":19,"gold_loss":0},{"cards_removed":["Auto Shields"],"damage_healed":0,"gold_gain":0,"player_choice":"Elegance","damage_taken":0,"max_hp_gain":0,"max_hp_loss":0,"event_name":"Back to Basics","floor":21,"gold_loss":0},{"damage_healed":0,"gold_gain":0,"player_choice":"Embrace Madness","damage_taken":9,"max_hp_gain":0,"max_hp_loss":0,"event_name":"Winding Halls","floor":44,"gold_loss":0,"cards_obtained":["Madness","Madness"]}],"is_beta":false,"boss_relics":[{"not_picked":["Snecko Eye","Runic Pyramid"],"picked":"Inserter"},{"not_picked":["Tiny House","Orrery"],"picked":"Eternal Feather"}],"items_purged_floors":[27,37,45],"is_endless":false,"potions_floor_spawned":[8,12,16,18,19,22,29,31,33,38,39,46,47,48],"ascension_level":0}