{"gold_per_floor":[118,135,135,85,31,43,59,59,86,101,101,101,121,138,138,235,235,246,160,0,0,0,0,10,10,63,97,97,113,130,45,45,148,148,164,183,23,23,23,23,23,23,23,50,0,12,37,49,61,73],"floor_reached":51,"playtime":3935,"items_purged":[],"score":685,"play_id":"d57d95c5-9363-4a2d-9feb-120da5308867","local_time":"20180926040951","is_ascension_mode":true,"campfire_choices":[{"data":"Zap","floor":8,"key":"SMITH"},{"data":"White Noise","floor":11,"key":"SMITH"},{"floor":15,"key":"REST"},{"data":"Loop","floor":23,"key":"SMITH"},{"data":"Conserve Battery","floor":25,"key":"SMITH"},{"data":"Biased Cognition","floor":28,"key":"SMITH"},{"floor":32,"key":"REST"},{"data":"Defragment","floor":40,"key":"SMITH"},{"data":"Seek","floor":42,"key":"SMITH"},{"floor":49,"key":"REST"}],"neow_cost":"NONE","seed_source_timestamp":82006169537987,"circlet_count":0,"master_deck":["Strike_B+1","Strike_B+1","Defend_B","Defend_B","Zap+1","Dualcast","Conserve Battery+1","Storm","Coolheaded","Beam Cell","Leap","White Noise+1","Ball Lightning","Cold Snap","Biased Cognition+1","Melter+1","Loop+1","Capacitor","Ball Lightning+1","BootSequence","Rebound","Seek+1","Force Field+1","Hyperbeam+1","FTL+1","Hologram+1","BootSequence+1","Defragment+1","Writhe","Leap+1","FTL+1","Stack"],"relics":["Cracked Core","Potion Belt","Nuclear Battery","Kunai","Boot","Juzu Bracelet","Darkstone Periapt","Astrolabe","MawBank","Red Mask","Mango"],"potions_floor_usage":[0,16,16,16,27,27,27,30,33,48,50,50,50,50,50],"damage_taken":[{"damage":1,"enemies":"Cultist","floor":1,"turns":3},{"damage":0,"enemies":"Jaw Worm","floor":2,"turns":3},{"damage":2,"enemies":"2 Louse","floor":6,"turns":3},{"damage":3,"enemies":"Exordium Wildlife","floor":7,"turns":2},{"damage":10,"enemies":"3 Louse","floor":10,"turns":4},{"damage":0,"enemies":"Red Slaver","floor":13,"turns":4},{"damage":10,"enemies":"Large Slime","floor":14,"turns":4},{"damage":18,"enemies":"The Guardian","floor":16,"turns":10},{"damage":25,"enemies":"Spheric Guardian","floor":18,"turns":4},{"damage":0,"enemies":"Chosen","floor":24,"turns":4},{"damage":4,"enemies":"Book of Stabbing","floor":27,"turns":5},{"damage":18,"enemies":"Centurion and Healer","floor":29,"turns":4},{"damage":5,"enemies":"3 Cultists","floor":30,"turns":5},{"damage":47,"enemies":"Champ","floor":33,"turns":12},{"damage":24,"enemies":"3 Darklings","floor":35,"turns":6},{"damage":9,"enemies":"3 Shapes","floor":36,"turns":3},{"damage":22,"enemies":"Reptomancer","floor":44,"turns":6},{"damage":4,"enemies":"Spire Growth","floor":47,"turns":5},{"damage":6,"enemies":"Mind Bloom Boss Battle","floor":48,"turns":7},{"damage":44,"enemies":"Time Eater","floor":50,"turns":12}],"seed_played":"2050771745333596118","potions_obtained":[{"floor":0,"key":"Fruit Juice"},{"floor":0,"key":"Dexterity Potion"},{"floor":0,"key":"FearPotion"},{"floor":1,"key":"Dexterity Potion"},{"floor":16,"key":"Explosive Potion"},{"floor":24,"key":"EssenceOfSteel"},{"floor":27,"key":"Fruit Juice"},{"floor":30,"key":"LiquidBronze"},{"floor":46,"key":"PowerPotion"},{"floor":46,"key":"SneckoOil"},{"floor":46,"key":"Block Potion"},{"floor":47,"key":"FocusPotion"},{"floor":48,"key":"Explosive Potion"}],"is_trial":false,"path_per_floor":["M","M","$","?","$","M","M","R","T","M","R","?","M","M","R","B",null,"M","$","?","?","T","R","M","R","T","E","R","M","M","?","R","B",null,"M","M","$","?","$","R","$","R","T","M","?","?","M","?","R","B"],"character_chosen":"DEFECT","items_purchased":["Coolheaded","Block Potion","Loop","Defragment","FocusPotion"],"campfire_rested":3,"item_purchase_floors":[5,19,19,37,37],"current_hp_per_floor":[79,79,79,79,79,77,74,74,74,64,64,48,48,38,62,44,80,55,55,55,55,55,55,55,55,55,56,56,38,33,33,58,11,85,61,52,52,79,79,79,79,79,79,57,57,57,53,61,92,48],"gold":85,"neow_bonus":"THREE_SMALL_POTIONS","is_prod":false,"is_daily":false,"chose_seed":false,"campfire_upgraded":7,"win_rate":0,"timestamp":1537949391,"path_taken":["M","?","$","?","$","M","M","R","T","M","R","?","M","M","R","BOSS","M","$","?","?","?","R","M","R","T","E","R","M","M","?","R","BOSS","M","M","$","?","?","R","$","R","T","M","?","?","M","?","R","BOSS"],"build_version":"2018-09-20","purchased_purges":0,"victory":true,"max_hp_per_floor":[80,80,80,80,80,80,80,80,80,80,80,80,80,80,80,80,80,80,80,80,80,80,80,80,80,80,85,85,85,85,85,85,85,85,85,85,85,91,91,91,91,91,91,91,91,91,91,105,105,105],"card_choices":[{"not_picked":["Coolheaded","Melter"],"picked":"Conserve Battery","floor":1},{"not_picked":["Sweeping Beam","Blizzard"],"picked":"Storm","floor":2},{"not_picked":["Barrage","Chaos"],"picked":"Beam Cell","floor":6},{"not_picked":["Loop","Heatsinks"],"picked":"Leap","floor":7},{"not_picked":["Hologram","Barrage"],"picked":"White Noise","floor":10},{"not_picked":["Chill","Streamline"],"picked":"Ball Lightning","floor":13},{"not_picked":["Turbo","Stack"],"picked":"Cold Snap","floor":14},{"not_picked":["Meteor Strike","Multi-Cast"],"picked":"Biased Cognition","floor":16},{"not_picked":["Undo+1","Stack"],"picked":"Melter+1","floor":18},{"not_picked":["Steam+1","Barrage+1"],"picked":"Capacitor","floor":24},{"not_picked":["Compile Driver+1","Steam"],"picked":"Ball Lightning+1","floor":27},{"not_picked":["Compile Driver","Sweeping Beam+1"],"picked":"BootSequence","floor":29},{"not_picked":["Capacitor","Fusion"],"picked":"Rebound","floor":30},{"not_picked":["Fission","Thunder Strike"],"picked":"Seek","floor":33},{"not_picked":["Gash","Ball Lightning+1"],"picked":"Hologram+1","floor":35},{"not_picked":["Lockon","Chill"],"picked":"BootSequence+1","floor":36},{"not_picked":["Tempest+1","Reprogram"],"picked":"Leap+1","floor":44},{"not_picked":["Darkness","Barrage"],"picked":"FTL+1","floor":47},{"not_picked":["Sweeping Beam","Rebound+1"],"picked":"Stack","floor":48}],"player_experience":71449,"relics_obtained":[{"floor":9,"key":"Potion Belt"},{"floor":22,"key":"Kunai"},{"floor":26,"key":"Boot"},{"floor":27,"key":"Juzu Bracelet"},{"floor":43,"key":"MawBank"},{"floor":48,"key":"Mango"}],"event_choices":[{"event_name":"The Cleric","player_choice":"Card Removal","floor":4,"damage_taken":0},{"event_name":"Shining Light","player_choice":"Entered Light","floor":12,"damage_taken":0},{"event_name":"Masked Bandits","player_choice":"Paid Fearfully","floor":20,"damage_taken":0},{"event_name":"Vampires","player_choice":"Ignored","floor":21,"damage_taken":0},{"event_name":"Addict","player_choice":"Obtained Relic","floor":31,"damage_taken":0},{"event_name":"Winding Halls","player_choice":"Writhe","floor":38,"damage_taken":0},{"event_name":"Tomb of Lord Red Mask","player_choice":"Paid","floor":45,"damage_taken":0},{"event_name":"The Lab","player_choice":"Got Potions","floor":46,"damage_taken":0},{"event_name":"MindBloom","player_choice":"Fight","floor":48,"damage_taken":0}],"is_beta":false,"boss_relics":[{"not_picked":["Tiny House","Black Star"],"picked":"Nuclear Battery"},{"not_picked":["Pandora\u0027s Box","Sozu"],"picked":"Astrolabe"}],"items_purged_floors":[],"is_endless":false,"potions_floor_spawned":[1,7,16,24,27,30,47,48],"ascension_level":1}