{"gold_per_floor":[111,111,130,150,168,168,5,38,38,38,71,71,101,126,126,231,231,242,74,85,85,104,130,140,165,165,193,210,223,238,263,263,365,365,384,384,128,128,139,139,139,153,202,217,217,227,237,237,237,237],"floor_reached":50,"playtime":6407,"items_purged":["Strike_R"],"score":619,"play_id":"475e6791-cfa5-44b3-b7fe-5454e51435d4","local_time":"20190407204247","is_ascension_mode":false,"campfire_choices":[{"data":"Carnage","floor":6,"key":"SMITH"},{"data":"Evolve","floor":10,"key":"SMITH"},{"data":"Strike_R","floor":15,"key":"PURGE"},{"data":"Clumsy","floor":32,"key":"PURGE"},{"data":"Bludgeon","floor":40,"key":"SMITH"},{"floor":45,"key":"REST"},{"data":"Shame","floor":49,"key":"PURGE"}],"neow_cost":"NONE","seed_source_timestamp":2873046091385124,"circlet_count":0,"master_deck":["Defend_R","Defend_R","Defend_R","Defend_R","Bash","Evolve+1","Rage","Carnage+1","Cleave","Ghostly Armor","Good Instincts","Dropkick","Power Through","Cleave","Headbutt","Bludgeon","Secret Technique+1","Anger","Ghostly+1","Ghostly+1","Ghostly+1","Ghostly+1","Ghostly+1","Carnage+1","Bludgeon+1","Battle Trance+1","Inflame","Spot Weakness+1","Spot Weakness+1","Shockwave+1","Reckless Charge","Power Through+1","Feed","Flex+1","Transmutation+1","Dropkick","Discovery+1","Armaments+1","Reckless Charge+1","Battle Trance+1","Headbutt+1"],"relics":["Burning Blood","Peace Pipe","Pear","Bottled Flame","Odd Mushroom","Toxic Egg 2","Cursed Key","Pantograph","Oddly Smooth Stone","Gremlin Horn","Bottled Tornado","Bottled Lightning","Empty Cage","Omamori"],"potions_floor_usage":[23,25,27,31,33,44,50],"damage_taken":[{"damage":6,"enemies":"Jaw Worm","floor":1,"turns":5},{"damage":1,"enemies":"Cultist","floor":3,"turns":5},{"damage":2,"enemies":"Small Slimes","floor":4,"turns":4},{"damage":8,"enemies":"2 Fungi Beasts","floor":5,"turns":3},{"damage":9,"enemies":"3 Sentries","floor":8,"turns":9},{"damage":13,"enemies":"Lagavulin","floor":11,"turns":6},{"damage":20,"enemies":"The Mushroom Lair","floor":13,"turns":6},{"damage":18,"enemies":"Gremlin Nob","floor":14,"turns":4},{"damage":44,"enemies":"Hexaghost","floor":16,"turns":10},{"damage":9,"enemies":"Shell Parasite","floor":18,"turns":7},{"damage":5,"enemies":"2 Thieves","floor":20,"turns":4},{"damage":21,"enemies":"Cultist and Chosen","floor":22,"turns":8},{"damage":12,"enemies":"Slavers","floor":23,"turns":7},{"damage":5,"enemies":"3 Cultists","floor":24,"turns":6},{"damage":21,"enemies":"Gremlin Leader","floor":25,"turns":5},{"damage":12,"enemies":"Book of Stabbing","floor":27,"turns":6},{"damage":1,"enemies":"Snecko","floor":28,"turns":5},{"damage":3,"enemies":"Snake Plant","floor":29,"turns":4},{"damage":21,"enemies":"Sentry and Sphere","floor":30,"turns":5},{"damage":0,"enemies":"Gremlin Leader","floor":31,"turns":6},{"damage":11,"enemies":"Collector","floor":33,"turns":7},{"damage":1,"enemies":"Orb Walker","floor":35,"turns":4},{"damage":13,"enemies":"3 Darklings","floor":39,"turns":4},{"damage":11,"enemies":"4 Shapes","floor":42,"turns":5},{"damage":30,"enemies":"Spire Growth","floor":44,"turns":5},{"damage":2,"enemies":"Jaw Worm Horde","floor":46,"turns":5},{"damage":0,"enemies":"Sphere and 2 Shapes","floor":47,"turns":5},{"damage":69,"enemies":"Donu and Deca","floor":50,"turns":7}],"seed_played":"-505291388805750823","potions_obtained":[{"floor":5,"key":"Swift Potion"},{"floor":11,"key":"SkillPotion"},{"floor":14,"key":"Regen Potion"},{"floor":16,"key":"SpeedPotion"},{"floor":23,"key":"Fire Potion"},{"floor":27,"key":"LiquidBronze"},{"floor":28,"key":"Explosive Potion"},{"floor":33,"key":"SneckoOil"},{"floor":35,"key":"Swift Potion"}],"is_trial":false,"path_per_floor":["M","?","M","M","M","R","$","E","T","R","E","$","?","E","R","B",null,"M","$","M","?","M","E","M","E","T","E","M","M","M","E","R","B",null,"M","?","$","?","M","R","$","M","T","M","R","M","M","?","R","B"],"character_chosen":"IRONCLAD","items_purchased":["Good Instincts","Secret Technique+1","Transmutation+1","Dropkick"],"campfire_rested":1,"item_purchase_floors":[7,19,37,37],"current_hp_per_floor":[88,88,88,88,86,86,86,83,93,93,86,86,72,60,60,22,98,95,95,96,49,34,28,29,23,23,17,22,25,10,16,16,36,49,49,49,49,49,42,42,42,40,40,16,31,35,41,52,52,0],"gold":237,"neow_bonus":"TEN_PERCENT_HP_BONUS","is_prod":false,"is_daily":false,"chose_seed":false,"campfire_upgraded":3,"win_rate":0.0,"timestamp":1554684167,"path_taken":["M","?","?","M","M","R","$","E","T","R","E","$","?","E","R","BOSS","M","$","M","?","M","E","M","E","T","E","M","M","M","E","R","BOSS","M","?","$","?","M","R","?","M","T","M","R","M","?","?","R","BOSS"],"build_version":"2019-01-23","purchased_purges":1,"victory":false,"max_hp_per_floor":[88,88,88,88,88,88,88,88,98,98,98,98,98,98,98,98,98,98,98,98,49,49,49,49,49,49,49,49,49,49,49,49,49,49,49,49,49,49,49,49,49,52,52,52,52,52,52,52,52,52],"card_choices":[{"not_picked":["Sword Boomerang","Armaments"],"picked":"Evolve","floor":1},{"not_picked":["Warcry","Rupture"],"picked":"Carnage","floor":3},{"not_picked":["Clash","Perfected Strike"],"picked":"Cleave","floor":4},{"not_picked":["Perfected Strike","Clash"],"picked":"Ghostly Armor","floor":5},{"not_picked":["Body Slam","Limit Break"],"picked":"Dropkick","floor":8},{"not_picked":["Corruption","Ghostly Armor"],"picked":"Power Through","floor":11},{"not_picked":["Feel No Pain","Sword Boomerang"],"picked":"Cleave","floor":13},{"not_picked":["Wild Strike","Corruption"],"picked":"Headbutt","floor":14},{"not_picked":["Immolate","Offering+1"],"picked":"Bludgeon","floor":16},{"not_picked":["True Grit+1","Perfected Strike","Searing Blow"],"picked":"SKIP","floor":18},{"not_picked":["True Grit+1","Warcry+1"],"picked":"Anger","floor":20},{"not_picked":["Pommel Strike","Cleave"],"picked":"Carnage+1","floor":22},{"not_picked":["Corruption","Intimidate+1"],"picked":"Bludgeon","floor":23},{"not_picked":["Fire Breathing","Entrench+1"],"picked":"Battle Trance+1","floor":24},{"not_picked":["Wild Strike","Hemokinesis"],"picked":"Inflame","floor":25},{"not_picked":["Shrug It Off+1","Ghostly Armor+1"],"picked":"Spot Weakness+1","floor":27},{"not_picked":["Thunderclap","Shockwave+1"],"picked":"Spot Weakness+1","floor":28},{"not_picked":["True Grit+1","Wild Strike"],"picked":"Shockwave+1","floor":29},{"not_picked":["Clothesline","Carnage+1"],"picked":"Reckless Charge","floor":30},{"not_picked":["Immolate","Headbutt"],"picked":"Power Through+1","floor":31},{"not_picked":["Brutality","Berserk"],"picked":"Feed","floor":33},{"not_picked":["Body Slam","Heavy Blade"],"picked":"Flex+1","floor":35},{"not_picked":["Panacea+1","Blind+1"],"picked":"Discovery+1","floor":38},{"not_picked":["Clash","Infernal Blade+1"],"picked":"Armaments+1","floor":39},{"not_picked":["Ghostly Armor+1","Offering+1"],"picked":"Reckless Charge+1","floor":42},{"not_picked":["Thunderclap+1","Warcry+1","Sword Boomerang+1"],"picked":"SKIP","floor":44},{"not_picked":["Uppercut","Sword Boomerang+1"],"picked":"Battle Trance+1","floor":46},{"not_picked":["Cleave","Sever Soul+1"],"picked":"Headbutt+1","floor":47}],"player_experience":24925,"relics_obtained":[{"floor":8,"key":"Peace Pipe"},{"floor":9,"key":"Pear"},{"floor":11,"key":"Bottled Flame"},{"floor":13,"key":"Odd Mushroom"},{"floor":14,"key":"Toxic Egg 2"},{"floor":23,"key":"Pantograph"},{"floor":25,"key":"Oddly Smooth Stone"},{"floor":26,"key":"Gremlin Horn"},{"floor":27,"key":"Bottled Tornado"},{"floor":31,"key":"Bottled Lightning"},{"floor":43,"key":"Omamori"}],"event_choices":[{"damage_healed":0,"gold_gain":0,"cards_transformed":["Strike_R"],"player_choice":"Transformed","damage_taken":0,"max_hp_gain":0,"max_hp_loss":0,"event_name":"Transmorgrifier","floor":2,"gold_loss":0,"cards_obtained":["Rage"]},{"damage_healed":0,"gold_gain":0,"player_choice":"Fought Mushrooms","damage_taken":0,"max_hp_gain":0,"max_hp_loss":0,"event_name":"Mushrooms","floor":13,"gold_loss":0},{"damage_healed":0,"gold_gain":0,"player_choice":"Became a Ghost","damage_taken":0,"max_hp_gain":0,"max_hp_loss":49,"event_name":"Ghosts","floor":21,"gold_loss":0,"cards_obtained":["Ghostly","Ghostly","Ghostly","Ghostly","Ghostly"]},{"damage_healed":0,"gold_gain":0,"player_choice":"Ignored","damage_taken":0,"max_hp_gain":0,"max_hp_loss":0,"event_name":"Tomb of Lord Red Mask","floor":36,"gold_loss":0},{"damage_healed":0,"gold_gain":0,"player_choice":"Memory 1","damage_taken":0,"max_hp_gain":0,"max_hp_loss":0,"event_name":"SensoryStone","floor":38,"gold_loss":0},{"damage_healed":13,"gold_gain":0,"player_choice":"Writhe","damage_taken":0,"max_hp_gain":0,"max_hp_loss":0,"event_name":"Winding Halls","floor":48,"gold_loss":0,"cards_obtained":["Writhe"]}],"is_beta":false,"boss_relics":[{"not_picked":["Snecko Eye","Black Blood"],"picked":"Cursed Key"},{"not_picked":["Runic Pyramid","Philosopher\u0027s Stone"],"picked":"Empty Cage"}],"items_purged_floors":[7],"is_endless":false,"potions_floor_spawned":[5,11,14,16,18,23,27,28,33,35],"killed_by":"Donu and Deca","ascension_level":0}