{"gold_per_floor":[110,35,35,53,53,53,79,91,91,91,126,126,126,139,139,213,213,223,223,223,223,237,237,267,285,353,353,388,388,408,422,422,422],"floor_reached":33,"playtime":1291,"items_purged":[],"score":636,"play_id":"af0fcd75-d222-406d-a6db-7c4a1d046f15","local_time":"20190520225701","is_ascension_mode":true,"campfire_choices":[{"data":"Zap","floor":6,"key":"SMITH"},{"data":"Cold Snap","floor":10,"key":"SMITH"},{"data":"Seek","floor":13,"key":"SMITH"},{"data":"Defend_B","floor":15,"key":"SMITH"},{"floor":23,"key":"REST"},{"floor":27,"key":"REST"},{"floor":32,"key":"REST"}],"neow_cost":"NONE","seed_source_timestamp":18776518764423,"circlet_count":0,"master_deck":["AscendersBane","Strike_B","Strike_B","Defend_B","Defend_B","Defend_B","Defend_B+1","Zap+1","Dualcast","Cold Snap+1","White Noise","Seek+1","Ball Lightning+1","FTL+1","Machine Learning","Go for the Eyes+1","Cold Snap+1","Cold Snap+1","Reinforced Body+1","Coolheaded+1","Coolheaded+1"],"relics":["Cracked Core","NeowsBlessing","Dodecahedron","Oddly Smooth Stone","Boot","Molten Egg 2","Fusion Hammer","PreservedInsect","Toxic Egg 2","Cables","Calipers"],"potions_floor_usage":[11,11,30],"damage_taken":[{"damage":0,"enemies":"Cultist","floor":1,"turns":1},{"damage":0,"enemies":"Jaw Worm","floor":4,"turns":1},{"damage":0,"enemies":"Lagavulin","floor":7,"turns":1},{"damage":0,"enemies":"Small Slimes","floor":8,"turns":3},{"damage":19,"enemies":"3 Sentries","floor":11,"turns":10},{"damage":0,"enemies":"2 Fungi Beasts","floor":14,"turns":2},{"damage":33,"enemies":"Hexaghost","floor":16,"turns":9},{"damage":0,"enemies":"Spheric Guardian","floor":18,"turns":3},{"damage":10,"enemies":"Shell Parasite","floor":22,"turns":5},{"damage":6,"enemies":"Gremlin Leader","floor":24,"turns":8},{"damage":3,"enemies":"Centurion and Healer","floor":25,"turns":6},{"damage":6,"enemies":"Book of Stabbing","floor":28,"turns":4},{"damage":6,"enemies":"3 Cultists","floor":30,"turns":4},{"damage":10,"enemies":"Snecko","floor":31,"turns":4},{"damage":60,"enemies":"Collector","floor":33,"turns":9}],"seed_played":"-3741817446311337731","potions_obtained":[{"floor":4,"key":"Explosive Potion"},{"floor":7,"key":"Strength Potion"},{"floor":8,"key":"Regen Potion"},{"floor":22,"key":"SteroidPotion"},{"floor":25,"key":"SpeedPotion"}],"is_trial":false,"path_per_floor":["M","?","?","M","?","R","E","M","T","R","E","?","R","M","R","B",null,"M","?","?","?","M","R","E","M","T","R","E","T","M","M","R","B"],"character_chosen":"DEFECT","items_purchased":[],"campfire_rested":3,"item_purchase_floors":[],"current_hp_per_floor":[64,64,64,64,38,38,38,38,38,38,34,57,57,57,57,24,59,59,39,39,39,29,51,45,42,42,64,58,58,52,42,64,4],"gold":422,"neow_bonus":"THREE_ENEMY_KILL","is_prod":false,"is_daily":false,"chose_seed":false,"campfire_upgraded":4,"win_rate":0,"timestamp":1558407421,"path_taken":["M","?","?","?","?","R","E","M","T","R","E","?","R","M","R","BOSS","M","?","?","?","?","R","E","M","T","R","E","?","M","M","R","BOSS"],"build_version":"2019-01-23","purchased_purges":0,"victory":false,"max_hp_per_floor":[71,71,71,71,71,71,71,71,71,71,71,71,71,71,71,71,71,71,76,76,76,76,76,76,76,76,76,76,76,76,76,76,76],"card_choices":[{"not_picked":["Turbo","Chill"],"picked":"Cold Snap","floor":1},{"not_picked":["Beam Cell","Stack","Force Field"],"picked":"SKIP","floor":4},{"not_picked":["Sweeping Beam","Rebound"],"picked":"Seek","floor":7},{"not_picked":["Turbo","Melter","Scrape"],"picked":"SKIP","floor":8},{"not_picked":["Streamline","Recycle"],"picked":"Ball Lightning","floor":11},{"not_picked":["Streamline+1","Beam Cell+1"],"picked":"FTL+1","floor":14},{"not_picked":["Creative AI","Seek"],"picked":"Machine Learning","floor":16},{"not_picked":["Redo","BootSequence","Lockon+1"],"picked":"SKIP","floor":18},{"not_picked":["Stack","Rip and Tear+1"],"picked":"Go for the Eyes+1","floor":22},{"not_picked":["Consume","Hello World"],"picked":"Cold Snap+1","floor":24},{"not_picked":["Force Field","Heatsinks"],"picked":"Cold Snap+1","floor":25},{"not_picked":["Creative AI","Hologram+1"],"picked":"Reinforced Body+1","floor":28},{"not_picked":["Auto Shields+1","Beam Cell+1"],"picked":"Coolheaded+1","floor":30},{"not_picked":["Darkness+1","Storm"],"picked":"Coolheaded+1","floor":31}],"player_experience":717622,"relics_obtained":[{"floor":7,"key":"Oddly Smooth Stone"},{"floor":9,"key":"Boot"},{"floor":11,"key":"Molten Egg 2"},{"floor":24,"key":"PreservedInsect"},{"floor":26,"key":"Toxic Egg 2"},{"floor":28,"key":"Cables"},{"floor":29,"key":"Calipers"}],"event_choices":[{"cards_removed":["Strike_B"],"damage_healed":0,"gold_gain":0,"player_choice":"Card Removal","damage_taken":0,"max_hp_gain":0,"max_hp_loss":0,"event_name":"The Cleric","floor":2,"gold_loss":75},{"damage_healed":0,"gold_gain":0,"cards_transformed":["Strike_B"],"player_choice":"Transformed","damage_taken":0,"max_hp_gain":0,"max_hp_loss":0,"event_name":"Transmorgrifier","floor":3,"gold_loss":0,"cards_obtained":["White Noise"]},{"damage_healed":0,"gold_gain":0,"player_choice":"Success","damage_taken":26,"relics_obtained":["Dodecahedron"],"max_hp_gain":0,"max_hp_loss":0,"event_name":"Scrap Ooze","floor":5,"gold_loss":0},{"damage_healed":23,"gold_gain":0,"player_choice":"Banana","damage_taken":0,"max_hp_gain":0,"max_hp_loss":0,"event_name":"Big Fish","floor":12,"gold_loss":0},{"damage_healed":0,"gold_gain":0,"player_choice":"Shed Blood","damage_taken":25,"max_hp_gain":5,"max_hp_loss":0,"event_name":"Forgotten Altar","floor":19,"gold_loss":0},{"damage_healed":0,"gold_gain":0,"player_choice":"Ignored","damage_taken":0,"max_hp_gain":0,"max_hp_loss":0,"event_name":"Cursed Tome","floor":20,"gold_loss":0},{"damage_healed":0,"gold_gain":0,"player_choice":"Ignored","damage_taken":0,"max_hp_gain":0,"max_hp_loss":0,"event_name":"WeMeetAgain","floor":21,"gold_loss":0}],"is_beta":false,"boss_relics":[{"not_picked":["Cursed Key","Ectoplasm"],"picked":"Fusion Hammer"}],"items_purged_floors":[],"is_endless":false,"potions_floor_spawned":[4,7,8,22,25,28],"killed_by":"Collector","ascension_level":20}