{"gold_per_floor":[116,28,40,56,26,26,52,65,89,89,123,123,137,149,149,224,224,238,120,130,141,141,141,173,173,197,197,217,217,132,159,159,236,236,250,43,43,43,58,58,33,33,59,89,89,66,83,83,83,83],"floor_reached":51,"playtime":2718,"items_purged":["Strike_B","Strike_B"],"score":1157,"play_id":"9481f816-01bb-4037-a8a7-a91f19c423b8","local_time":"20190514004129","is_ascension_mode":true,"campfire_choices":[{"data":"Zap","floor":6.0,"key":"SMITH"},{"floor":10.0,"key":"REST"},{"data":"Loop","floor":12.0,"key":"SMITH"},{"data":"Loop","floor":15.0,"key":"SMITH"},{"floor":23.0,"key":"REST"},{"floor":29.0,"key":"REST"},{"data":"Capacitor","floor":32.0,"key":"SMITH"},{"floor":40.0,"key":"REST"},{"data":"Defragment","floor":42.0,"key":"SMITH"},{"data":"Coolheaded","floor":45.0,"key":"SMITH"},{"floor":49.0,"key":"REST"}],"neow_cost":"NONE","seed_source_timestamp":799597290816430,"circlet_count":0,"master_deck":["AscendersBane","Strike_B+1","Strike_B+1","Defend_B+1","Defend_B+1","Defend_B+1","Defend_B+1","Zap+1","Dualcast","Self Repair","Loop+1","Loop+1","Ball Lightning","Steam","Conserve Battery","Ball Lightning","Biased Cognition","Sweeping Beam","Electrodynamics","Reinforced Body","Lockon","Coolheaded+1","Steam+1","Defragment+1","Conserve Battery+1","Capacitor+1","Thunder Strike","Reinforced Body+1","Force Field","Hologram","Ball Lightning","Static Discharge","Enlightenment","Go for the Eyes","Stack","Go for the Eyes","Cold Snap+1"],"special_seed":0,"relics":["Cracked Core","Smiling Mask","Dream Catcher","Regal Pillow","Art of War","Philosopher\u0027s Stone","Bottled Flame","Pen Nib","Letter Opener","Sundial","Orrery","OrangePellets","Centennial Puzzle","PreservedInsect","Cables"],"potions_floor_usage":[50],"damage_taken":[{"damage":3.0,"enemies":"Small Slimes","floor":1.0,"turns":4.0},{"damage":9.0,"enemies":"Jaw Worm","floor":3.0,"turns":4.0},{"damage":17.0,"enemies":"2 Louse","floor":4.0,"turns":3.0},{"damage":25.0,"enemies":"Lagavulin","floor":7.0,"turns":7.0},{"damage":5.0,"enemies":"2 Fungi Beasts","floor":8.0,"turns":4.0},{"damage":9.0,"enemies":"Gremlin Nob","floor":11.0,"turns":3.0},{"damage":6.0,"enemies":"Large Slime","floor":13.0,"turns":2.0},{"damage":18.0,"enemies":"3 Louse","floor":14.0,"turns":3.0},{"damage":21.0,"enemies":"Hexaghost","floor":16.0,"turns":7.0},{"damage":20.0,"enemies":"2 Thieves","floor":18.0,"turns":4.0},{"damage":17.0,"enemies":"Shell Parasite","floor":20.0,"turns":4.0},{"damage":19.0,"enemies":"Snecko","floor":21.0,"turns":5.0},{"damage":13.0,"enemies":"Book of Stabbing","floor":24.0,"turns":4.0},{"damage":15.0,"enemies":"Snake Plant","floor":28.0,"turns":4.0},{"damage":5.0,"enemies":"Gremlin Leader","floor":31.0,"turns":5.0},{"damage":38.0,"enemies":"Automaton","floor":33.0,"turns":11.0},{"damage":9.0,"enemies":"Orb Walker","floor":35.0,"turns":3.0},{"damage":42.0,"enemies":"3 Darklings","floor":39.0,"turns":7.0},{"damage":23.0,"enemies":"Giant Head","floor":44.0,"turns":7.0},{"damage":31.0,"enemies":"Writhing Mass","floor":47.0,"turns":7.0},{"damage":49,"enemies":"Donu and Deca","floor":50,"turns":10}],"seed_played":"-533644102899945368","potions_obtained":[{"floor":1.0,"key":"Strength Potion"},{"floor":4.0,"key":"EntropicBrew"},{"floor":13.0,"key":"Regen Potion"},{"floor":21.0,"key":"FocusPotion"},{"floor":24.0,"key":"Dexterity Potion"},{"floor":28.0,"key":"Strength Potion"},{"floor":35.0,"key":"Regen Potion"},{"floor":39.0,"key":"Dexterity Potion"}],"is_trial":false,"path_per_floor":["M","$","M","M","?","R","E","M","T","R","E","R","M","M","R","B",null,"M","$","M","M","?","R","E","?","T","?","M","R","?","E","R","B",null,"M","$","?","?","M","R","$","R","T","E","R","$","M","?","R","B",null],"character_chosen":"DEFECT","items_purchased":["Loop","Lockon","OrangePellets","Go for the Eyes","Stack"],"campfire_rested":5,"item_purchase_floors":[2,19,36,41,46],"current_hp_per_floor":[65,65,63,53,53,53,35,30,30,67,58,58,52,34,34,35,65,45,45,35,23,23,60,47,47,47,33,25,64,64,59,59,28,67,58,58,58,58,23,62,62,62,62,46,46,46,37,37,76,34],"gold":83,"neow_bonus":"RANDOM_COMMON_RELIC","is_prod":false,"is_daily":false,"chose_seed":false,"campfire_upgraded":6,"win_rate":0,"timestamp":1557808889,"path_taken":["M","$","M","M","?","R","E","M","T","R","E","R","M","M","R","BOSS","M","$","M","M","?","R","E","?","T","?","M","R","?","E","R","BOSS","M","$","?","?","M","R","$","R","T","E","R","?","M","?","R","BOSS"],"build_version":"2019-01-23","purchased_purges":2,"victory":true,"max_hp_per_floor":[75,75,75,75,75,75,75,75,75,75,75,75,75,75,75,75,75,75,75,75,75,75,75,75,75,75,80,80,80,80,80,80,80,80,80,80,80,80,80,80,80,80,80,80,80,80,80,80,80,80],"card_choices":[{"not_picked":["Steam","Aggregate"],"picked":"Self Repair","floor":1.0},{"not_picked":["Self Repair","Turbo"],"picked":"Loop","floor":3.0},{"not_picked":["FTL","Beam Cell"],"picked":"Ball Lightning","floor":4.0},{"not_picked":["Streamline","Rip and Tear"],"picked":"Steam","floor":7.0},{"not_picked":["Go for the Eyes","Compile Driver"],"picked":"Conserve Battery","floor":8.0},{"not_picked":["Redo","Conserve Battery"],"picked":"Ball Lightning","floor":10.0},{"not_picked":["Ball Lightning","Fusion"],"picked":"Biased Cognition","floor":11.0},{"not_picked":["Blizzard","Go for the Eyes"],"picked":"Sweeping Beam","floor":13.0},{"not_picked":["Gash","Hello World","Self Repair"],"picked":"SKIP","floor":14.0},{"not_picked":["Echo Form","Reboot"],"picked":"Electrodynamics","floor":16.0},{"not_picked":["Ball Lightning+1","Force Field"],"picked":"Reinforced Body","floor":18.0},{"not_picked":["Fusion","Beam Cell"],"picked":"Compile Driver","floor":20.0},{"not_picked":["Compile Driver","Leap","Self Repair"],"picked":"SKIP","floor":21.0},{"not_picked":["Leap","Streamline"],"picked":"Coolheaded","floor":23.0},{"not_picked":["Undo","Streamline+1"],"picked":"Steam+1","floor":24.0},{"not_picked":["Skim","Streamline"],"picked":"Defragment","floor":28.0},{"not_picked":["Redo","Steam Power"],"picked":"Conserve Battery+1","floor":29.0},{"not_picked":["Steam","Coolheaded+1"],"picked":"Capacitor","floor":31.0},{"not_picked":["Core Surge","Multi-Cast"],"picked":"Thunder Strike","floor":33.0},{"not_picked":["Turbo","Conserve Battery+1"],"picked":"Reinforced Body+1","floor":34.0},{"not_picked":["Ball Lightning","Stack"],"picked":"Force Field","floor":34.0},{"not_picked":["Leap","Stack"],"picked":"Hologram","floor":34.0},{"not_picked":["Steam","Blizzard+1"],"picked":"Ball Lightning","floor":34.0},{"not_picked":["Streamline+1","Steam"],"picked":"Static Discharge","floor":35.0},{"not_picked":["Sadistic Nature","Flash of Steel"],"picked":"Enlightenment","floor":37.0},{"not_picked":["Hello World","Cold Snap","Go for the Eyes"],"picked":"SKIP","floor":39.0},{"not_picked":["Blizzard+1","Conserve Battery","Ball Lightning"],"picked":"SKIP","floor":44.0},{"not_picked":["Chaos","Rip and Tear"],"picked":"Go for the Eyes","floor":47.0},{"not_picked":["Stack","Doom and Gloom+1"],"picked":"Cold Snap+1","floor":49.0}],"player_experience":596135,"relics_obtained":[{"floor":7.0,"key":"Dream Catcher"},{"floor":9.0,"key":"Regal Pillow"},{"floor":11.0,"key":"Art of War"},{"floor":24.0,"key":"Bottled Flame"},{"floor":26.0,"key":"Pen Nib"},{"floor":31.0,"key":"Sundial"},{"floor":43.0,"key":"Centennial Puzzle"},{"floor":44.0,"key":"PreservedInsect"},{"floor":48.0,"key":"Cables"}],"event_choices":[{"damage_healed":0.0,"max_hp_gain":0.0,"max_hp_loss":0.0,"gold_gain":0.0,"event_name":"World of Goop","player_choice":"Left Gold","floor":5.0,"gold_loss":30.0,"damage_taken":0.0},{"damage_healed":0.0,"max_hp_gain":0.0,"max_hp_loss":0.0,"gold_gain":0.0,"event_name":"Back to Basics","player_choice":"Simplicity","floor":22.0,"gold_loss":0.0,"damage_taken":0.0,"cards_upgraded":["Strike_B","Strike_B","Defend_B","Defend_B","Defend_B","Defend_B"]},{"damage_healed":0.0,"max_hp_gain":0.0,"max_hp_loss":0.0,"gold_gain":0.0,"event_name":"Ghosts","player_choice":"Ignored","floor":25.0,"gold_loss":0.0,"damage_taken":0.0},{"damage_healed":0.0,"max_hp_gain":5.0,"max_hp_loss":0.0,"gold_gain":0.0,"event_name":"Forgotten Altar","player_choice":"Shed Blood","floor":27.0,"gold_loss":0.0,"damage_taken":19.0},{"damage_healed":0.0,"max_hp_gain":0.0,"max_hp_loss":0.0,"gold_gain":0.0,"event_name":"Addict","player_choice":"Obtained Relic","floor":30.0,"gold_loss":85.0,"damage_taken":0.0,"relics_obtained":["Letter Opener"]},{"damage_healed":0.0,"max_hp_gain":0.0,"max_hp_loss":0.0,"gold_gain":0.0,"event_name":"SensoryStone","player_choice":"Memory 1","floor":37.0,"gold_loss":0.0,"damage_taken":0.0},{"cards_removed":["Compile Driver"],"damage_healed":0.0,"max_hp_gain":0.0,"max_hp_loss":0.0,"gold_gain":0.0,"event_name":"Falling","player_choice":"Removed Attack","floor":38.0,"gold_loss":0.0,"damage_taken":0.0},{"damage_healed":0.0,"max_hp_gain":0.0,"max_hp_loss":0.0,"gold_gain":0.0,"event_name":"Wheel of Change","player_choice":"Relic","floor":48.0,"gold_loss":0.0,"damage_taken":0.0}],"is_beta":false,"boss_relics":[{"not_picked":["Runic Pyramid","White Beast Statue"],"picked":"Philosopher\u0027s Stone"},{"not_picked":["Astrolabe","Coffee Dripper"],"picked":"Orrery"}],"items_purged_floors":[2,19],"is_endless":false,"potions_floor_spawned":[1,4,8,13,21,24,28,35,39],"ascension_level":13}