{"gold_per_floor":[119,44,64,64,77,77,108,0,0,0,0,17,17,17,17,115,115,127,127,138,153,68,68,86,11,11,27,27,56,19,31,31,131,131,141,416,431,9,19,50,50,70,70,90,105,105,122,122,122,122],"floor_reached":51,"playtime":4855,"items_purged":["Pain"],"score":836,"play_id":"d5e4eeae-1014-436f-b455-4443bb3d5ce8","local_time":"20181118023330","is_ascension_mode":true,"campfire_choices":[{"data":"Bouncing Flask","floor":6.0,"key":"SMITH"},{"data":"Noxious Fumes","floor":10.0,"key":"SMITH"},{"floor":15.0,"key":"REST"},{"floor":23.0,"key":"REST"},{"floor":32.0,"key":"REST"},{"floor":41.0,"key":"REST"},{"floor":46.0,"key":"REST"},{"floor":49.0,"key":"REST"}],"neow_cost":"NONE","seed_source_timestamp":126174057163275,"circlet_count":0,"master_deck":["Defend_G","Defend_G","Defend_G","Defend_G","Defend_G+1","Strike_G","Strike_G","Strike_G","Survivor","Neutralize","Deadly Poison","Malaise+1","Bouncing Flask+1","Deadly Poison+1","Noxious Fumes+1","All Out Attack","Poisoned Stab","After Image+1","Corpse Explosion","PiercingWail","Dagger Throw+1","Blur+1","Well Laid Plans+1","Expertise+1","Die Die Die","PiercingWail+1","Regret","Cloak And Dagger+1","PiercingWail+1","Poisoned Stab","Secret Weapon+1","Deadly Poison+1","Outmaneuver+1","Shame","Backflip+1","Sucker Punch"],"special_seed":0,"relics":["Ring of the Snake","NeowsBlessing","War Paint","Frozen Egg 2","WarpedTongs","Busted Crown","Vajra","Ornamental Fan","Toxic Egg 2","Cursed Key","Membership Card","Ice Cream","Bottled Tornado"],"potions_floor_usage":[50,50,50],"damage_taken":[{"damage":0.0,"enemies":"2 Louse","floor":1.0,"turns":1.0},{"damage":0.0,"enemies":"Cultist","floor":3.0,"turns":1.0},{"damage":0.0,"enemies":"Small Slimes","floor":5.0,"turns":1.0},{"damage":20.0,"enemies":"Gremlin Nob","floor":7.0,"turns":4.0},{"damage":6.0,"enemies":"Exordium Wildlife","floor":12.0,"turns":3.0},{"damage":60.0,"enemies":"Slime Boss","floor":16.0,"turns":8.0},{"damage":20.0,"enemies":"Shell Parasite","floor":18.0,"turns":5.0},{"damage":1.0,"enemies":"Spheric Guardian","floor":20.0,"turns":3.0},{"damage":9.0,"enemies":"Cultist and Chosen","floor":21.0,"turns":4.0},{"damage":3.0,"enemies":"Snake Plant","floor":24.0,"turns":4.0},{"damage":0.0,"enemies":"3 Cultists","floor":27.0,"turns":2.0},{"damage":26.0,"enemies":"Slavers","floor":29.0,"turns":4.0},{"damage":0.0,"enemies":"Cultist and Chosen","floor":31.0,"turns":5.0},{"damage":17.0,"enemies":"Collector","floor":33.0,"turns":8.0},{"damage":14.0,"enemies":"Orb Walker","floor":35.0,"turns":4.0},{"damage":12.0,"enemies":"3 Darklings","floor":37.0,"turns":3.0},{"damage":0.0,"enemies":"Jaw Worm Horde","floor":39.0,"turns":4.0},{"damage":66.0,"enemies":"Giant Head","floor":40.0,"turns":9.0},{"damage":6.0,"enemies":"Maw","floor":42.0,"turns":8.0},{"damage":0.0,"enemies":"3 Darklings","floor":44.0,"turns":3.0},{"damage":8.0,"enemies":"Writhing Mass","floor":45.0,"turns":6.0},{"damage":6.0,"enemies":"Maw","floor":47.0,"turns":7.0},{"damage":34,"enemies":"Time Eater","floor":50,"turns":14}],"seed_played":"-4704441424527062548","potions_obtained":[{"floor":3.0,"key":"Fruit Juice"},{"floor":5.0,"key":"Energy Potion"},{"floor":16.0,"key":"EssenceOfSteel"},{"floor":18.0,"key":"AttackPotion"},{"floor":27.0,"key":"GamblersBrew"},{"floor":29.0,"key":"FairyPotion"},{"floor":35.0,"key":"Fire Potion"},{"floor":40.0,"key":"Strength Potion"},{"floor":42.0,"key":"PowerPotion"},{"floor":44.0,"key":"SkillPotion"}],"is_trial":false,"path_per_floor":["M","$","M","?","M","R","E","$","T","R","$","M","?","?","R","B",null,"M","?","M","M","?","R","M","$","T","M","$","E","$","M","R","B",null,"M","?","M","$","M","E","R","M","T","M","M","R","M","?","R","B",null],"character_chosen":"THE_SILENT","items_purchased":["Malaise","Noxious Fumes","All Out Attack","Well Laid Plans+1","Membership Card","PiercingWail+1","Poisoned Stab","Fruit Juice","Secret Weapon+1","GhostInAJar"],"campfire_rested":6,"item_purchase_floors":[2,8,8,30,38,38,38,38,38,38],"current_hp_per_floor":[70,70,70,68,68,68,48,48,48,48,48,42,42,42,64,4,57,37,37,36,27,27,49,46,46,46,46,46,20,20,20,42,25,63,49,49,37,37,42,4,28,22,22,22,14,38,32,32,56,22],"gold":122,"neow_bonus":"THREE_ENEMY_KILL","is_prod":false,"is_daily":false,"chose_seed":false,"campfire_upgraded":2,"win_rate":0,"timestamp":1542526410,"path_taken":["M","$","M","?","M","R","E","$","T","R","$","M","?","?","R","BOSS","M","?","M","?","?","R","M","$","T","M","?","E","$","M","R","BOSS","M","?","M","$","?","E","R","M","T","?","M","R","M","?","R","BOSS"],"build_version":"2018-11-15","purchased_purges":1,"victory":true,"max_hp_per_floor":[70,70,70,75,75,75,75,75,75,75,75,75,75,75,75,75,75,75,75,75,75,75,75,75,75,75,75,75,75,75,75,75,75,75,75,75,75,75,80,80,80,80,80,80,80,80,80,80,80,80],"card_choices":[{"not_picked":["Dagger Spray","Bane"],"picked":"Deadly Poison","floor":1.0},{"not_picked":["Escape Plan","Flying Knee"],"picked":"Bouncing Flask","floor":3.0},{"not_picked":["Setup","Predator"],"picked":"Deadly Poison","floor":5.0},{"not_picked":["Acrobatics","Infinite Blades","Prepared"],"picked":"SKIP","floor":7.0},{"not_picked":["Flying Knee","Wraith Form v2+1"],"picked":"Poisoned Stab","floor":12.0},{"not_picked":["After Image+1","Unload"],"picked":"Corpse Explosion","floor":16.0},{"not_picked":["Underhanded Strike"],"picked":"SKIP","floor":18.0},{"not_picked":[],"picked":"PiercingWail","floor":20.0},{"not_picked":[],"picked":"Dagger Throw+1","floor":21.0},{"not_picked":[],"picked":"Blur+1","floor":24.0},{"not_picked":["Dodge and Roll"],"picked":"SKIP","floor":27.0},{"not_picked":["Prepared"],"picked":"SKIP","floor":29.0},{"not_picked":[],"picked":"Expertise+1","floor":31.0},{"not_picked":[],"picked":"Die Die Die","floor":33.0},{"not_picked":[],"picked":"PiercingWail+1","floor":35.0},{"not_picked":[],"picked":"Cloak And Dagger+1","floor":37.0},{"not_picked":[],"picked":"Deadly Poison+1","floor":39.0},{"not_picked":["Reflex+1"],"picked":"SKIP","floor":40.0},{"not_picked":[],"picked":"Outmaneuver+1","floor":42.0},{"not_picked":[],"picked":"Backflip+1","floor":44.0},{"not_picked":[],"picked":"Sucker Punch","floor":45.0},{"not_picked":["Outmaneuver+1"],"picked":"SKIP","floor":47.0}],"player_experience":166122,"relics_obtained":[{"floor":7.0,"key":"War Paint"},{"floor":9.0,"key":"Frozen Egg 2"},{"floor":26.0,"key":"Ornamental Fan"},{"floor":29.0,"key":"Toxic Egg 2"},{"floor":40.0,"key":"Ice Cream"},{"floor":43.0,"key":"Bottled Tornado"}],"event_choices":[{"cards_removed":["Strike_G"],"damage_healed":0.0,"max_hp_gain":0.0,"max_hp_loss":0.0,"gold_gain":0.0,"event_name":"Golden Wing","player_choice":"Card Removal","floor":4.0,"gold_loss":0.0,"damage_taken":7.0},{"damage_healed":0.0,"max_hp_gain":0.0,"max_hp_loss":0.0,"gold_gain":0.0,"cards_transformed":["Strike_G"],"event_name":"Living Wall","player_choice":"Change","floor":13.0,"gold_loss":0.0,"damage_taken":0.0,"cards_obtained":["After Image"]},{"damage_healed":0.0,"max_hp_gain":0.0,"max_hp_loss":0.0,"gold_gain":0.0,"event_name":"Accursed Blacksmith","player_choice":"Rummage","floor":14.0,"gold_loss":0.0,"damage_taken":0.0,"relics_obtained":["WarpedTongs"],"cards_obtained":["Pain"]},{"damage_healed":0.0,"max_hp_gain":0.0,"max_hp_loss":0.0,"gold_gain":0.0,"event_name":"Upgrade Shrine","player_choice":"Upgraded","floor":19.0,"gold_loss":0.0,"damage_taken":0.0,"cards_upgraded":["Malaise"]},{"damage_healed":0.0,"max_hp_gain":0.0,"max_hp_loss":0.0,"gold_gain":0.0,"event_name":"Addict","player_choice":"Obtained Relic","floor":22.0,"gold_loss":85.0,"damage_taken":0.0,"relics_obtained":["Vajra"]},{"damage_healed":0.0,"max_hp_gain":0.0,"max_hp_loss":0.0,"gold_gain":275.0,"event_name":"Golden Shrine","player_choice":"Desecrate","floor":36.0,"gold_loss":0.0,"damage_taken":0.0,"cards_obtained":["Regret"]},{"damage_healed":0.0,"max_hp_gain":0.0,"max_hp_loss":0.0,"gold_gain":0.0,"event_name":"SensoryStone","player_choice":"Memory 1","floor":48.0,"gold_loss":0.0,"damage_taken":0.0}],"is_beta":false,"boss_relics":[{"not_picked":["Snecko Eye","Ectoplasm"],"picked":"Busted Crown"},{"not_picked":["Empty Cage","WristBlade"],"picked":"Cursed Key"}],"items_purged_floors":[25],"is_endless":false,"potions_floor_spawned":[3,5,16,18,27,29,35,40,42,44],"ascension_level":5}