{"gold_per_floor":[118,193,193,193,213,213,112,136,160,201,213,235,281,303,315,427,439,379,301,301,301,301,301,301,301,301,301,301,301,301,301,301,301,301,301,33,33,0,0,0,0,0,0,0],"floor_reached":44,"playtime":4029,"items_purged":["Defend_G","Strike_G"],"score":511,"play_id":"dc08d00a-85c6-42e7-8062-f040c84b9443","local_time":"20190217222518","is_ascension_mode":false,"campfire_choices":[{"floor":6,"key":"REST"},{"data":"Crippling Poison","floor":11,"key":"SMITH"},{"floor":15,"key":"REST"},{"data":"After Image","floor":23,"key":"SMITH"},{"data":"Calculated Gamble","floor":27,"key":"SMITH"},{"floor":30,"key":"REST"},{"data":"Crippling Poison","floor":32,"key":"SMITH"},{"data":"Burst","floor":40,"key":"SMITH"},{"data":"Dash","floor":42,"key":"SMITH"}],"neow_cost":"NONE","seed_source_timestamp":76359436033500,"circlet_count":0,"master_deck":["Defend_G","Defend_G","Defend_G","Strike_G","Strike_G","Strike_G","Survivor","Neutralize+1","Leg Sweep","Footwork","Deadly Poison","Cloak And Dagger","Crippling Poison+1","All Out Attack","Blur","Dash+1","Doppelganger","Predator+1","Bouncing Flask","Calculated Gamble+1","Crippling Poison+1","After Image+1","Poisoned Stab","Bane","Bouncing Flask","Catalyst+1","Bullet Time","Mayhem+1","Burst+1","Dodge and Roll+1"],"relics":["Ring of the Snake","Odd Mushroom","MawBank","Happy Flower","Mummified Hand","Ectoplasm","Frozen Egg 2","Nloth\u0027s Gift","Coffee Dripper","Red Mask","Du-Vu Doll","Ninja Scroll"],"potions_floor_usage":[22,25,29,33,41],"damage_taken":[{"damage":0,"enemies":"Jaw Worm","floor":1,"turns":5},{"damage":0,"enemies":"2 Louse","floor":5,"turns":3},{"damage":20,"enemies":"The Mushroom Lair","floor":8,"turns":7},{"damage":7,"enemies":"Lagavulin","floor":10,"turns":9},{"damage":1,"enemies":"Small Slimes","floor":12,"turns":3},{"damage":5,"enemies":"Gremlin Nob","floor":13,"turns":5},{"damage":11,"enemies":"Exordium Thugs","floor":14,"turns":4},{"damage":0,"enemies":"Hexaghost","floor":16,"turns":11},{"damage":4,"enemies":"2 Thieves","floor":18,"turns":4},{"damage":2,"enemies":"Spheric Guardian","floor":20,"turns":4},{"damage":0,"enemies":"Cultist and Chosen","floor":21,"turns":5},{"damage":5,"enemies":"Snake Plant","floor":22,"turns":5},{"damage":5,"enemies":"Shelled Parasite and Fungi","floor":24,"turns":6},{"damage":8,"enemies":"Slavers","floor":25,"turns":5},{"damage":10,"enemies":"Cultist and Chosen","floor":29,"turns":5},{"damage":6,"enemies":"3 Cultists","floor":31,"turns":6},{"damage":8,"enemies":"Automaton","floor":33,"turns":8},{"damage":8,"enemies":"3 Shapes","floor":35,"turns":4},{"damage":0,"enemies":"Orb Walker","floor":39,"turns":3},{"damage":61,"enemies":"2 Orb Walkers","floor":41,"turns":6},{"damage":7,"enemies":"Spire Growth","floor":44,"turns":3}],"seed_played":"8832073112310073085","potions_obtained":[{"floor":8,"key":"Energy Potion"},{"floor":13,"key":"SpeedPotion"},{"floor":14,"key":"SneckoOil"},{"floor":16,"key":"GamblersBrew"},{"floor":22,"key":"LiquidBronze"},{"floor":25,"key":"Energy Potion"},{"floor":35,"key":"PowerPotion"},{"floor":39,"key":"LiquidBronze"}],"is_trial":false,"path_per_floor":["M","?","?","?","M","R","$","?","T","E","R","M","E","M","R","B",null,"M","$","M","M","M","R","M","E","T","R","?","M","R","M","R","B",null,"M","$","?","?","M","R","?","R","T","M"],"character_chosen":"THE_SILENT","items_purchased":["Deadly Poison","Bouncing Flask","Mayhem+1"],"campfire_rested":3,"item_purchase_floors":[7,19,36],"current_hp_per_floor":[70,59,47,47,47,68,68,48,48,41,41,40,35,24,45,45,70,66,66,64,64,59,59,54,46,46,46,46,36,57,51,51,43,70,62,62,62,62,62,62,1,1,1,0],"gold":0,"neow_bonus":"UPGRADE_CARD","is_prod":false,"is_daily":false,"chose_seed":false,"campfire_upgraded":6,"win_rate":0,"timestamp":1550463918,"path_taken":["M","?","?","?","M","R","$","?","T","E","R","M","E","M","R","BOSS","M","$","M","M","M","R","M","E","T","R","?","M","R","M","R","BOSS","M","$","?","?","M","R","?","R","T","M"],"build_version":"2019-01-23","purchased_purges":2,"victory":false,"max_hp_per_floor":[70,70,70,70,70,70,70,70,70,70,70,70,70,70,70,70,70,70,70,70,70,70,70,70,70,70,70,70,70,70,70,70,70,70,70,70,70,70,70,70,70,70,70,70],"card_choices":[{"not_picked":["Cloak And Dagger","Dodge and Roll"],"picked":"Leg Sweep","floor":1},{"not_picked":["Dagger Throw","Bane"],"picked":"Footwork","floor":5},{"not_picked":["PiercingWail","Accuracy"],"picked":"Cloak And Dagger","floor":8},{"not_picked":["Footwork","Finisher"],"picked":"Crippling Poison","floor":10},{"not_picked":["Calculated Gamble","Venomology"],"picked":"All Out Attack","floor":12},{"not_picked":["Prepared","Catalyst"],"picked":"Blur","floor":13},{"not_picked":["Dagger Throw","Endless Agony"],"picked":"Dash","floor":14},{"not_picked":["After Image","Night Terror"],"picked":"Doppelganger","floor":16},{"not_picked":["Dagger Throw","Prepared"],"picked":"Predator+1","floor":18},{"not_picked":["Dodge and Roll","Distraction"],"picked":"Calculated Gamble","floor":20},{"not_picked":["Deflect","Terror"],"picked":"Crippling Poison","floor":21},{"not_picked":["Dodge and Roll+1","Cloak And Dagger"],"picked":"After Image","floor":22},{"not_picked":["PiercingWail+1","Flying Knee"],"picked":"Poisoned Stab","floor":24},{"not_picked":["PiercingWail","Deflect"],"picked":"Bane","floor":25},{"not_picked":["Outmaneuver","Sucker Punch"],"picked":"Bouncing Flask","floor":29},{"not_picked":["Outmaneuver","PiercingWail"],"picked":"Catalyst+1","floor":31},{"not_picked":["Tools of the Trade+1","Doppelganger"],"picked":"Bullet Time","floor":33},{"not_picked":["Quick Slash","Bane","Blade Dance"],"picked":"SKIP","floor":35},{"not_picked":["Leg Sweep+1","PiercingWail+1"],"picked":"Burst","floor":39},{"not_picked":["Backflip","Blade Dance+1"],"picked":"Dodge and Roll+1","floor":41}],"player_experience":43840,"relics_obtained":[{"floor":8,"key":"Odd Mushroom"},{"floor":9,"key":"MawBank"},{"floor":10,"key":"Happy Flower"},{"floor":13,"key":"Mummified Hand"},{"floor":25,"key":"Smiling Mask"},{"floor":26,"key":"Frozen Egg 2"},{"floor":41,"key":"Du-Vu Doll"},{"floor":43,"key":"Ninja Scroll"}],"event_choices":[{"damage_healed":0,"gold_gain":75,"player_choice":"Gather Gold","damage_taken":11,"max_hp_gain":0,"max_hp_loss":0,"event_name":"World of Goop","floor":2,"gold_loss":0},{"damage_healed":0,"gold_gain":0,"player_choice":"Fled","damage_taken":12,"max_hp_gain":0,"max_hp_loss":0,"event_name":"Scrap Ooze","floor":3,"gold_loss":0},{"cards_removed":["Defend_G"],"damage_healed":0,"gold_gain":0,"player_choice":"Forget","damage_taken":0,"max_hp_gain":0,"max_hp_loss":0,"event_name":"Living Wall","floor":4,"gold_loss":0},{"damage_healed":0,"gold_gain":0,"player_choice":"Fought Mushrooms","damage_taken":0,"max_hp_gain":0,"max_hp_loss":0,"event_name":"Mushrooms","floor":8,"gold_loss":0},{"damage_healed":0,"gold_gain":0,"player_choice":"Traded Relic","damage_taken":0,"relics_obtained":["Nloth\u0027s Gift"],"max_hp_gain":0,"max_hp_loss":0,"event_name":"N\u0027loth","floor":28,"relics_lost":["Smiling Mask"],"gold_loss":0},{"cards_removed":["Strike_G"],"damage_healed":0,"gold_gain":0,"player_choice":"Removed Attack","damage_taken":0,"max_hp_gain":0,"max_hp_loss":0,"event_name":"Falling","floor":37,"gold_loss":0},{"damage_healed":0,"gold_gain":0,"player_choice":"Paid","damage_taken":0,"relics_obtained":["Red Mask"],"max_hp_gain":0,"max_hp_loss":0,"event_name":"Tomb of Lord Red Mask","floor":38,"gold_loss":33},{"damage_healed":0,"gold_gain":0,"player_choice":"Fight","damage_taken":0,"max_hp_gain":0,"max_hp_loss":0,"event_name":"Mysterious Sphere","floor":41,"gold_loss":0}],"is_beta":false,"boss_relics":[{"not_picked":["Astrolabe","Lizard Tail"],"picked":"Ectoplasm"},{"not_picked":["Orrery","WristBlade"],"picked":"Coffee Dripper"}],"items_purged_floors":[7,36],"is_endless":false,"potions_floor_spawned":[8,13,14,16,20,21,22,25,35,39],"killed_by":"Spire Growth","ascension_level":0}