{"path_per_floor":["M","?","$","?","?","E","R","$","T","R","M","M","M","M","R","B",null,"M","?","$","$","?","E","M","R","T","$","M","M","E","M","R","B",null,"M","M","M","M","M","R","$","M","T","R","?","M","R","M","R","B"],"character_chosen":"DEFECT","items_purchased":["Stack","Leap","Matryoshka","Ball Lightning","Go for the Eyes","Sunder","Blind"],"gold_per_floor":[359,359,36,36,36,70,70,25,80,80,98,110,120,138,138,238,238,256,256,256,79,79,105,124,124,124,24,41,61,89,108,108,207,207,224,238,248,261,274,274,51,67,67,67,67,77,77,94,94,94],"floor_reached":51,"campfire_rested":4,"playtime":2929,"current_hp_per_floor":[66,66,66,66,51,26,26,26,26,26,26,26,26,26,26,5,75,61,47,47,47,73,27,19,43,43,43,43,50,21,25,64,43,80,80,80,64,45,39,78,78,70,70,70,60,49,49,40,79,18],"items_purged":["Strike_B","Injury","Dualcast"],"gold":94,"score":691,"play_id":"3bf6ba1d-8fce-4bfc-ac4f-f3abf80da35b","local_time":"20180427175230","is_prod":false,"is_daily":false,"chose_seed":false,"is_ascension_mode":false,"campfire_upgraded":5,"timestamp":1524865950,"path_taken":["M","?","$","?","?","E","R","?","T","R","M","M","?","M","R","BOSS","M","?","?","$","?","E","M","R","T","$","?","M","E","M","R","BOSS","M","M","M","M","M","R","$","M","T","R","?","?","R","M","R","BOSS"],"build_version":"2018-04-26v2","seed_source_timestamp":4406645570933173,"purchased_purges":3,"victory":true,"master_deck":["Defend_B","Defend_B","Defend_B","Defend_B+1","Zap+1","Sweeping Beam+1","Stack+1","Leap","Tempest","Ball Lightning","Leap","Defragment+1","Recycle","Creative AI","White Noise","Go for the Eyes","Sunder","Conserve Battery","Stack","Cold Snap+1","Reprogram","Rainbow+1","Hello World+1","Hello World+1","Melter+1","Leap+1","Go for the Eyes+1","Leap+1","Blind","Capacitor+1","Madness","Madness","Undo","Impulse"],"max_hp_per_floor":[75,75,75,75,75,75,75,75,75,75,75,75,75,75,75,75,75,75,80,80,80,80,80,80,80,80,80,80,80,80,80,80,80,80,80,80,80,80,80,80,80,80,80,80,80,80,80,80,80,80],"relics":["Cracked Core","Matryoshka","Bag of Preparation","Lantern","Orichalcum","Cursed Key","Gambling Chip","Regal Pillow","Toolbox","Dream Catcher","Astrolabe"],"card_choices":[{"not_picked":["Hello World","Stack"],"picked":"Sweeping Beam","floor":1},{"not_picked":["Streamline","Nova"],"picked":"Tempest","floor":6},{"not_picked":["Go for the Eyes","Skim"],"picked":"Leap","floor":11},{"not_picked":["Static Discharge","Cold Snap"],"picked":"Defragment","floor":12},{"not_picked":["Barrage","Skim"],"picked":"Recycle","floor":13},{"not_picked":["Prime","Biased Cognition"],"picked":"Creative AI","floor":16},{"not_picked":["Streamline","Barrage"],"picked":"White Noise","floor":18},{"not_picked":["Ball Lightning","Rip and Tear"],"picked":"Conserve Battery","floor":23},{"not_picked":["Tempest","Skim"],"picked":"Stack","floor":28},{"not_picked":["Force Field","Reprogram"],"picked":"Cold Snap","floor":30},{"not_picked":["Fission","Ball Lightning"],"picked":"Reprogram","floor":31},{"not_picked":["Fusion","Multi-Cast"],"picked":"Rainbow","floor":33},{"not_picked":["Hologram","Skim"],"picked":"Leap","floor":35},{"not_picked":["Rebound","Beam Cell"],"picked":"Go for the Eyes","floor":36},{"not_picked":["Reinforced Body","Axe Kick"],"picked":"Leap","floor":39},{"not_picked":["Chill","Turbo"],"picked":"Capacitor","floor":42},{"not_picked":["Streamline","Heatsinks"],"picked":"Undo","floor":48},{"not_picked":["Fusion","Beam Cell"],"picked":"Impulse","floor":49}],"player_experience":16571,"potions_floor_usage":[30,31,50,50,50],"damage_taken":[{"damage":9,"enemies":"2 Louse","floor":1,"turns":2},{"damage":25,"enemies":"Gremlin Nob","floor":6,"turns":5},{"damage":0,"enemies":"Small Slimes","floor":11,"turns":3},{"damage":0,"enemies":"Jaw Worm","floor":12,"turns":2},{"damage":0,"enemies":"Looter","floor":13,"turns":3},{"damage":0,"enemies":"Exordium Thugs","floor":14,"turns":4},{"damage":21,"enemies":"Hexaghost","floor":16,"turns":9},{"damage":14,"enemies":"2 Thieves","floor":18,"turns":4},{"damage":46,"enemies":"Gremlin Leader","floor":23,"turns":10},{"damage":8,"enemies":"Shell Parasite","floor":24,"turns":3},{"damage":0,"enemies":"Snake Plant","floor":28,"turns":4},{"damage":0,"enemies":"Snecko","floor":29,"turns":4},{"damage":36,"enemies":"Slavers","floor":30,"turns":7},{"damage":2,"enemies":"Slaver and Parasite","floor":31,"turns":3},{"damage":21,"enemies":"Champ","floor":33,"turns":17},{"damage":0,"enemies":"3 Shapes","floor":35,"turns":4},{"damage":0,"enemies":"Flame Bruiser 1 Orb","floor":36,"turns":7},{"damage":16,"enemies":"Spire Growth","floor":37,"turns":5},{"damage":19,"enemies":"Maw","floor":38,"turns":8},{"damage":6,"enemies":"3 Darklings","floor":39,"turns":6},{"damage":8,"enemies":"Sphere and 2 Shapes","floor":42,"turns":4},{"damage":11,"enemies":"Maw","floor":46,"turns":8},{"damage":9,"enemies":"3 Darklings","floor":48,"turns":7},{"damage":68,"enemies":"Time Eater","floor":50,"turns":12}],"event_choices":[{"event_name":"Living Wall","player_choice":"Forget","floor":2,"damage_taken":0},{"event_name":"Liars Game","player_choice":"disagreed","floor":4,"damage_taken":0},{"event_name":"Shining Light","player_choice":"Entered Light","floor":5,"damage_taken":0},{"event_name":"Forgotten Altar","player_choice":"Shed Blood","floor":19,"damage_taken":0},{"event_name":"The Library","player_choice":"Heal","floor":22,"damage_taken":0},{"event_name":"Winding Halls","player_choice":"Embrace Madness","floor":45,"damage_taken":0}],"boss_relics":[{"not_picked":["Black Star","Lizard Tail"],"picked":"Cursed Key"},{"not_picked":["Tiny House","Nuclear Battery"],"picked":"Astrolabe"}],"potions_floor_spawned":[11,12,14,18,24,28,31,35,37,42,48],"seed_played":"7278222618441400805","ascension_level":0,"is_trial":false}