{"gold_per_floor":[209,2,14,26,87,113,113,125,174,192,212,237,254,254],"floor_reached":14,"playtime":1004,"items_purged":[],"score":151,"play_id":"baae9c7d-9765-41c8-9a07-07871da0ebdd","local_time":"20190512143555","is_ascension_mode":true,"campfire_choices":[{"data":"Zap","floor":7,"key":"SMITH"}],"neow_cost":"NONE","seed_source_timestamp":678983858905556,"circlet_count":0,"master_deck":["Strike_B","Strike_B","Strike_B","Strike_B","Defend_B","Defend_B","Defend_B","Defend_B","Zap+1","Dualcast","Ball Lightning","All For One","Sweeping Beam","Stack","Steam","Reinforced Body","Gash","Self Repair","Reboot"],"relics":["Cracked Core","Darkstone Periapt","Dream Catcher","Regal Pillow"],"potions_floor_usage":[6,12,12],"damage_taken":[{"damage":8,"enemies":"Small Slimes","floor":1,"turns":4},{"damage":0,"enemies":"Cultist","floor":3,"turns":3},{"damage":0,"enemies":"2 Louse","floor":4,"turns":3},{"damage":31,"enemies":"Gremlin Nob","floor":6,"turns":4},{"damage":0,"enemies":"Large Slime","floor":8,"turns":4},{"damage":0,"enemies":"2 Fungi Beasts","floor":10,"turns":2},{"damage":0,"enemies":"Blue Slaver","floor":11,"turns":2},{"damage":4,"enemies":"3 Sentries","floor":12,"turns":6},{"damage":11,"enemies":"Lots of Slimes","floor":13,"turns":3},{"damage":21,"enemies":"Gremlin Nob","floor":14,"turns":3}],"seed_played":"-3581640941475968922","potions_obtained":[{"floor":3,"key":"LiquidBronze"},{"floor":4,"key":"Energy Potion"},{"floor":6,"key":"FocusPotion"}],"is_trial":false,"path_per_floor":["M","$","M","M","?","E","R","M","T","M","M","E","M","E"],"character_chosen":"DEFECT","items_purchased":["All For One","Energy Potion"],"campfire_rested":0,"item_purchase_floors":[2,2],"current_hp_per_floor":[60,60,60,60,60,29,29,29,29,29,29,25,21,0],"gold":254,"neow_bonus":"HUNDRED_GOLD","is_prod":false,"is_daily":false,"chose_seed":false,"campfire_upgraded":1,"win_rate":0,"timestamp":1557686155,"path_taken":["M","$","M","M","?","E","R","M","T","M","M","E","M","E"],"build_version":"2019-01-23","purchased_purges":0,"victory":false,"max_hp_per_floor":[75,75,75,75,75,75,75,75,75,75,75,75,75,75],"card_choices":[{"not_picked":["Tempest","Barrage"],"picked":"Ball Lightning","floor":1},{"not_picked":["Chaos","Compile Driver"],"picked":"Sweeping Beam","floor":3},{"not_picked":["Conserve Battery","Coolheaded"],"picked":"Stack","floor":4},{"not_picked":["Sweeping Beam","Darkness"],"picked":"Steam","floor":6},{"not_picked":["Turbo","Static Discharge"],"picked":"Reinforced Body","floor":8},{"not_picked":["Rebound","Ball Lightning","Heatsinks"],"picked":"SKIP","floor":10},{"not_picked":["Recycle","Turbo"],"picked":"Gash","floor":11},{"not_picked":["Steam Power","Storm"],"picked":"Self Repair","floor":12},{"not_picked":["Stack","Ball Lightning"],"picked":"Reboot","floor":13}],"player_experience":564260,"relics_obtained":[{"floor":6,"key":"Darkstone Periapt"},{"floor":9,"key":"Dream Catcher"},{"floor":12,"key":"Regal Pillow"}],"event_choices":[{"damage_healed":0,"gold_gain":61,"player_choice":"Gained Gold","damage_taken":0,"max_hp_gain":0,"max_hp_loss":0,"event_name":"Golden Wing","floor":5,"gold_loss":0}],"is_beta":false,"boss_relics":[],"items_purged_floors":[],"is_endless":false,"potions_floor_spawned":[3,4,6,10],"killed_by":"Gremlin Nob","ascension_level":9}