{"gold_per_floor":[115,129,141,160,177,177,204,219,273,285,325,337,379,7,7,109,109,128,53,68,68,28,57,70,102,102,121,121,156,166,166,166,270,270,281,299,312,322,322,353,201,233,256,283,59,78,2,28,28,28],"floor_reached":51,"playtime":4701,"items_purged":[],"score":1131,"play_id":"3ccdfc91-de86-401d-8317-bc31a8644264","local_time":"20190507163723","is_ascension_mode":true,"campfire_choices":[{"data":"Clothesline","floor":6.0,"key":"SMITH"},{"data":"Shockwave","floor":10.0,"key":"SMITH"},{"data":"True Grit","floor":15.0,"key":"SMITH"},{"data":"Pummel","floor":28.0,"key":"SMITH"},{"floor":32.0,"key":"REST"},{"floor":49,"key":"REST"}],"neow_cost":"NONE","seed_source_timestamp":250321558434298,"circlet_count":0,"master_deck":["Strike_R+1","Defend_R+1","Defend_R+1","Defend_R+1","Defend_R+1","Bash+1","Clothesline+1","Pommel Strike","Dropkick","Shockwave+1","Inflame","Immolate","Fire Breathing+1","Metallicize+1","Inflame+1","True Grit+1","Shrug It Off","Pummel+1","Armaments+1","Havoc+1","Shrug It Off+1","Wild Strike+1","Rampage+1","Feel No Pain+1","True Grit+1","Sword Boomerang+1","Double Tap+1","Limit Break+1","Heavy Blade","Reaper","Battle Trance+1","Intimidate+1","Havoc+1","Rampage+1","Flex+1","Inflame+1","Flame Barrier","Metallicize+1","Ghostly Armor+1","Entrench+1"],"special_seed":0,"relics":["Burning Blood","Frozen Egg 2","MawBank","Smiling Mask","Matryoshka","Art of War","Membership Card","Anchor","Astrolabe","Omamori","PreservedInsect","Pantograph","Gremlin Horn","Potion Belt","CultistMask","Cursed Key","Torii","Strawberry","Regal Pillow","Ancient Tea Set","Lantern","Bag of Preparation","War Paint","Pen Nib","Kunai"],"potions_floor_usage":[46,50,50,50],"damage_taken":[{"damage":1.0,"enemies":"Cultist","floor":1.0,"turns":3.0},{"damage":12.0,"enemies":"Jaw Worm","floor":2.0,"turns":2.0},{"damage":7.0,"enemies":"2 Louse","floor":3.0,"turns":3.0},{"damage":11.0,"enemies":"2 Fungi Beasts","floor":4.0,"turns":4.0},{"damage":0.0,"enemies":"Large Slime","floor":5.0,"turns":4.0},{"damage":30.0,"enemies":"3 Sentries","floor":7.0,"turns":7.0},{"damage":3.0,"enemies":"Exordium Thugs","floor":8.0,"turns":2.0},{"damage":17.0,"enemies":"Lagavulin","floor":11.0,"turns":4.0},{"damage":25.0,"enemies":"Hexaghost","floor":16.0,"turns":11.0},{"damage":0.0,"enemies":"Chosen","floor":18.0,"turns":4.0},{"damage":10.0,"enemies":"2 Thieves","floor":20.0,"turns":4.0},{"damage":4.0,"enemies":"Book of Stabbing","floor":23.0,"turns":9.0},{"damage":5.0,"enemies":"Shelled Parasite and Fungi","floor":24.0,"turns":5.0},{"damage":18.0,"enemies":"Slavers","floor":25.0,"turns":6.0},{"damage":18.0,"enemies":"Snake Plant","floor":27.0,"turns":4.0},{"damage":9.0,"enemies":"Gremlin Leader","floor":29.0,"turns":4.0},{"damage":22.0,"enemies":"Snecko","floor":30.0,"turns":6.0},{"damage":47.0,"enemies":"Collector","floor":33.0,"turns":8.0},{"damage":0.0,"enemies":"Orb Walker","floor":35.0,"turns":4.0},{"damage":0.0,"enemies":"3 Darklings","floor":36.0,"turns":3.0},{"damage":9.0,"enemies":"Jaw Worm Horde","floor":37.0,"turns":4.0},{"damage":42.0,"enemies":"Transient","floor":38.0,"turns":5.0},{"damage":2.0,"enemies":"Giant Head","floor":40.0,"turns":5.0},{"damage":36.0,"enemies":"Nemesis","floor":42.0,"turns":7.0},{"damage":46,"enemies":"Reptomancer","floor":44,"turns":7},{"damage":2,"enemies":"Maw","floor":46,"turns":6},{"damage":31,"enemies":"Nemesis","floor":48,"turns":5},{"damage":22,"enemies":"Awakened One","floor":50,"turns":13}],"seed_played":"-7255516252846383487","potions_obtained":[{"floor":3.0,"key":"BloodPotion"},{"floor":5.0,"key":"EssenceOfSteel"},{"floor":8.0,"key":"SkillPotion"},{"floor":16.0,"key":"EssenceOfSteel"},{"floor":20.0,"key":"SteroidPotion"},{"floor":23.0,"key":"Explosive Potion"},{"floor":24.0,"key":"GamblersBrew"},{"floor":27.0,"key":"Strength Potion"},{"floor":29.0,"key":"BloodPotion"},{"floor":36.0,"key":"FearPotion"},{"floor":38.0,"key":"PowerPotion"},{"floor":40.0,"key":"Ancient Potion"}],"is_trial":false,"path_per_floor":["M","M","M","M","M","R","E","M","T","R","E","?","?","$","R","B",null,"M","?","M","?","$","E","M","E","T","M","R","E","M","?","R","B",null,"M","M","M","M","?","E","$","E","T","E","$","M","$","E","R","B",null],"character_chosen":"IRONCLAD","items_purchased":["Membership Card","Anchor","Inflame+1","True Grit","Shrug It Off","Pummel","Feel No Pain+1","Inflame+1","Strawberry","BloodPotion","Metallicize+1","War Paint","Regen Potion","Pen Nib","Weak Potion","Poison Potion","SpeedPotion"],"campfire_rested":2,"item_purchase_floors":[14,14,14,14,14,14,22,41,41,41,45,45,45,45,47,47,47],"current_hp_per_floor":[77,71,70,65,71,71,55,58,58,58,47,40,40,40,40,21,65,71,71,67,67,67,69,70,58,58,46,46,43,35,35,59,39,70,76,80,80,44,44,54,61,44,44,13,13,40,40,15,56,73],"gold":28,"neow_bonus":"UPGRADE_CARD","is_prod":false,"is_daily":false,"chose_seed":false,"campfire_upgraded":4,"win_rate":0,"timestamp":1557261443,"path_taken":["M","M","M","M","?","R","E","M","T","R","E","?","?","$","R","BOSS","M","?","M","?","$","E","M","E","T","M","R","E","M","?","R","BOSS","M","M","M","M","?","E","$","E","T","E","$","M","$","E","R","BOSS"],"build_version":"2019-01-23","purchased_purges":0,"victory":true,"max_hp_per_floor":[80,80,80,80,80,80,80,80,80,80,80,80,80,80,80,80,80,80,80,80,80,80,80,80,80,80,80,80,80,80,80,80,80,80,80,80,80,80,80,80,87,87,87,87,87,87,87,87,87,87],"card_choices":[{"not_picked":["Body Slam","Warcry"],"picked":"Clothesline","floor":1.0},{"not_picked":["Pummel","Feel No Pain"],"picked":"Pommel Strike","floor":2.0},{"not_picked":["Burning Pact","Sword Boomerang"],"picked":"Dropkick","floor":3.0},{"not_picked":["Anger","Uppercut"],"picked":"Shockwave","floor":4.0},{"not_picked":["Shrug It Off","Armaments"],"picked":"Inflame","floor":5.0},{"not_picked":["Blood for Blood","Pummel"],"picked":"Immolate","floor":7.0},{"not_picked":["Burning Pact","Body Slam"],"picked":"Fire Breathing+1","floor":8.0},{"not_picked":["Cleave","Armaments"],"picked":"Metallicize+1","floor":11.0},{"not_picked":["Berserk+1","Immolate"],"picked":"Barricade+1","floor":16.0},{"not_picked":["Bloodletting+1","Clash"],"picked":"Wild Strike+1","floor":18.0},{"not_picked":["Rage","Perfected Strike"],"picked":"Rampage+1","floor":20.0},{"not_picked":["Sever Soul","Body Slam"],"picked":"True Grit+1","floor":23.0},{"not_picked":["Wild Strike","Shrug It Off"],"picked":"Sword Boomerang+1","floor":24.0},{"not_picked":["Thunderclap","Flame Barrier"],"picked":"Double Tap","floor":25.0},{"not_picked":["Shrug It Off","Clothesline","Power Through"],"picked":"SKIP","floor":27.0},{"not_picked":["Flex","Armaments"],"picked":"Limit Break","floor":29.0},{"not_picked":["Fire Breathing+1","Anger"],"picked":"Heavy Blade","floor":30.0},{"not_picked":["Barricade+1","Impervious"],"picked":"Reaper","floor":33.0},{"not_picked":["Burning Pact","Iron Wave"],"picked":"Battle Trance+1","floor":35.0},{"not_picked":["Shockwave+1","Cleave"],"picked":"Intimidate+1","floor":36.0},{"not_picked":["Bloodletting+1","Sever Soul+1"],"picked":"Havoc+1","floor":37.0},{"not_picked":["Intimidate","Thunderclap"],"picked":"Rampage+1","floor":38.0},{"not_picked":["Infernal Blade","Cleave"],"picked":"Flex+1","floor":40.0},{"not_picked":["Uppercut","Hemokinesis+1"],"picked":"Flame Barrier","floor":42.0},{"not_picked":["Body Slam","Battle Trance","Anger"],"picked":"SKIP","floor":44},{"not_picked":["Fiend Fire","Sword Boomerang"],"picked":"Ghostly Armor+1","floor":46},{"not_picked":["Infernal Blade+1","Uppercut"],"picked":"Entrench+1","floor":48}],"player_experience":396763,"relics_obtained":[{"floor":7.0,"key":"Frozen Egg 2"},{"floor":9.0,"key":"MawBank"},{"floor":11.0,"key":"Smiling Mask"},{"floor":23.0,"key":"Omamori"},{"floor":25.0,"key":"PreservedInsect"},{"floor":26.0,"key":"Pantograph"},{"floor":26.0,"key":"Gremlin Horn"},{"floor":29.0,"key":"Potion Belt"},{"floor":40.0,"key":"Torii"},{"floor":42.0,"key":"Regal Pillow"},{"floor":43.0,"key":"Ancient Tea Set"},{"floor":43.0,"key":"Lantern"},{"floor":44,"key":"Bag of Preparation"},{"floor":48,"key":"Kunai"}],"event_choices":[{"damage_healed":0.0,"max_hp_gain":0.0,"max_hp_loss":0.0,"gold_gain":0.0,"event_name":"Scrap Ooze","player_choice":"Success","floor":12.0,"gold_loss":0.0,"damage_taken":7.0,"relics_obtained":["Matryoshka"]},{"damage_healed":0.0,"max_hp_gain":0.0,"max_hp_loss":0.0,"gold_gain":30.0,"event_name":"Dead Adventurer","player_choice":"Searched \u00273\u0027 times","floor":13.0,"gold_loss":0.0,"damage_taken":0.0,"relics_obtained":["Art of War"]},{"cards_removed":["Strike_R"],"damage_healed":0.0,"max_hp_gain":0.0,"max_hp_loss":0.0,"gold_gain":0.0,"event_name":"Beggar","player_choice":"Gave Gold","floor":19.0,"gold_loss":75.0,"damage_taken":0.0},{"damage_healed":0.0,"max_hp_gain":0.0,"max_hp_loss":0.0,"gold_gain":0.0,"event_name":"Back to Basics","player_choice":"Simplicity","floor":21.0,"gold_loss":0.0,"damage_taken":0.0,"cards_upgraded":["Strike_R","Defend_R","Defend_R","Defend_R","Defend_R"]},{"damage_healed":0.0,"max_hp_gain":0.0,"max_hp_loss":0.0,"gold_gain":0.0,"event_name":"FaceTrader","player_choice":"Trade","floor":31.0,"gold_loss":0.0,"damage_taken":0.0,"relics_obtained":["CultistMask"]},{"cards_removed":["Barricade"],"damage_healed":0.0,"max_hp_gain":0.0,"max_hp_loss":0.0,"gold_gain":0.0,"event_name":"Falling","player_choice":"Removed Power","floor":39.0,"gold_loss":0.0,"damage_taken":0.0}],"is_beta":false,"boss_relics":[{"not_picked":["Tiny House","Eternal Feather"],"picked":"Astrolabe"},{"not_picked":["Fusion Hammer","Runic Dome"],"picked":"Cursed Key"}],"items_purged_floors":[],"is_endless":false,"potions_floor_spawned":[3,5,8,16,20,23,24,27,29,36,38,40],"ascension_level":6}