{"gold_per_floor":[114,114,130,49,67,67,94,94,120,120,120,120,133,152,152,152],"floor_reached":16,"playtime":596,"items_purged":[],"score":165,"play_id":"faaa98f4-e8dc-493d-9453-be4866eeb5c5","local_time":"20190527185658","is_ascension_mode":true,"campfire_choices":[{"data":"Zap","floor":6,"key":"SMITH"},{"data":"Coolheaded","floor":8,"key":"SMITH"},{"data":"Self Repair","floor":10,"key":"SMITH"},{"floor":15,"key":"REST"}],"neow_cost":"NONE","seed_source_timestamp":361318792618,"circlet_count":0,"master_deck":["AscendersBane","Strike_B","Strike_B","Strike_B","Defend_B","Defend_B","Defend_B","Defend_B","Zap+1","Dualcast","Gash","Sweeping Beam","Self Repair+1","Coolheaded+1","Gash","BootSequence"],"relics":["Cracked Core","NeowsBlessing","GremlinMask","Omamori","PreservedInsect","Shuriken"],"potions_floor_usage":[7,13],"damage_taken":[{"damage":0,"enemies":"2 Louse","floor":1,"turns":1},{"damage":0,"enemies":"Cultist","floor":3,"turns":1},{"damage":0,"enemies":"Jaw Worm","floor":5,"turns":1},{"damage":28,"enemies":"Lagavulin","floor":7,"turns":8},{"damage":11,"enemies":"Large Slime","floor":13,"turns":6},{"damage":13,"enemies":"Exordium Thugs","floor":14,"turns":4},{"damage":62,"enemies":"Slime Boss","floor":16,"turns":8}],"seed_played":"1016585251913139503","potions_obtained":[{"floor":3,"key":"SkillPotion"},{"floor":5,"key":"Strength Potion"}],"is_trial":false,"path_per_floor":["M","?","M","$","M","R","E","R","T","R","?","?","M","M","R","B"],"character_chosen":"DEFECT","items_purchased":["Gash","Self Repair"],"campfire_rested":1,"item_purchase_floors":[4,4],"current_hp_per_floor":[68,68,68,68,68,68,47,47,47,47,40,40,39,36,58,0],"gold":152,"neow_bonus":"THREE_ENEMY_KILL","is_prod":false,"is_daily":false,"chose_seed":false,"campfire_upgraded":3,"win_rate":0,"timestamp":1558976218,"path_taken":["M","?","?","$","M","R","E","R","T","R","?","?","?","M","R","BOSS"],"build_version":"2019-01-23","purchased_purges":0,"victory":false,"max_hp_per_floor":[75,75,75,75,75,75,75,75,75,75,75,75,75,75,75,75],"card_choices":[{"not_picked":["Melter","Blizzard"],"picked":"Gash","floor":1},{"not_picked":["Turbo","Self Repair"],"picked":"Sweeping Beam","floor":3},{"not_picked":["Sweeping Beam","Beam Cell","Turbo"],"picked":"SKIP","floor":5},{"not_picked":["Go for the Eyes","Doom and Gloom"],"picked":"Coolheaded","floor":7},{"not_picked":["Conserve Battery","Skim"],"picked":"Gash","floor":13},{"not_picked":["Turbo","Compile Driver"],"picked":"BootSequence","floor":14}],"player_experience":688010,"relics_obtained":[{"floor":7,"key":"Omamori"},{"floor":9,"key":"PreservedInsect"}],"event_choices":[{"damage_healed":0,"gold_gain":0,"player_choice":"Trade","damage_taken":0,"relics_obtained":["GremlinMask"],"max_hp_gain":0,"max_hp_loss":0,"event_name":"FaceTrader","floor":2,"gold_loss":0},{"cards_removed":["Strike_B"],"damage_healed":0,"gold_gain":0,"player_choice":"Card Removal","damage_taken":7,"max_hp_gain":0,"max_hp_loss":0,"event_name":"Golden Wing","floor":11,"gold_loss":0},{"cards_removed":["Gash"],"damage_healed":0,"gold_gain":0,"player_choice":"Gave Card","damage_taken":0,"relics_obtained":["Shuriken"],"max_hp_gain":0,"max_hp_loss":0,"event_name":"WeMeetAgain","floor":12,"gold_loss":0}],"is_beta":false,"boss_relics":[],"items_purged_floors":[],"is_endless":false,"potions_floor_spawned":[3,5],"killed_by":"Slime Boss","ascension_level":13}