{"gold_per_floor":[116,116,131,56,74,106,106,126,126,126,126,165,165,180,180,309,309,333,333,311,170,238,238],"floor_reached":23,"playtime":1209,"items_purged":["Pain"],"score":261,"play_id":"8b81bed5-418e-4625-bd87-9b4a14379efa","local_time":"20190322180649","is_ascension_mode":true,"campfire_choices":[{"data":"Ball Lightning","floor":11,"key":"SMITH"},{"floor":15,"key":"REST"}],"neow_cost":"NONE","seed_source_timestamp":156711658528063,"circlet_count":0,"master_deck":["Strike_B","Strike_B","Strike_B","Strike_B+1","Defend_B","Defend_B","Defend_B+1","Defend_B","Zap","Dualcast","Cold Snap","BootSequence","Ball Lightning+1","Core Surge","Defragment","Beam Cell","Buffer","Loop+1","Leap","Ball Lightning","Multi-Cast","Loop","Sunder"],"relics":["Lizard Tail","WarpedTongs","StoneCalendar","Golden Idol","Darkstone Periapt","Cursed Key","SsserpentHead"],"potions_floor_usage":[6,12,22,22],"damage_taken":[{"damage":2,"enemies":"2 Louse","floor":1,"turns":3},{"damage":5,"enemies":"Cultist","floor":3,"turns":4},{"damage":2,"enemies":"Jaw Worm","floor":5,"turns":4},{"damage":21,"enemies":"Gremlin Nob","floor":6,"turns":4},{"damage":2,"enemies":"2 Fungi Beasts","floor":8,"turns":3},{"damage":25,"enemies":"Lagavulin","floor":12,"turns":4},{"damage":3,"enemies":"3 Louse","floor":14,"turns":3},{"damage":12,"enemies":"Slime Boss","floor":16,"turns":7},{"damage":11,"enemies":"Spheric Guardian","floor":18,"turns":4},{"damage":22,"enemies":"2 Thieves","floor":20,"turns":5},{"damage":35,"enemies":"Sentry and Sphere","floor":22,"turns":5},{"damage":32,"enemies":"Book of Stabbing","floor":23,"turns":4}],"seed_played":"-611244758618473564","potions_obtained":[{"floor":1,"key":"Poison Potion"},{"floor":3,"key":"LiquidBronze"},{"floor":5,"key":"FocusPotion"},{"floor":18,"key":"LiquidBronze"},{"floor":20,"key":"Energy Potion"}],"is_trial":false,"path_per_floor":["M","?","M","$","M","E","?","M","T","?","R","E","?","M","R","B",null,"M","?","M","$","M","E"],"character_chosen":"DEFECT","items_purchased":["Ball Lightning","Multi-Cast","Loop"],"campfire_rested":1,"item_purchase_floors":[21,21,21],"current_hp_per_floor":[66,66,61,61,59,38,38,36,36,59,59,34,20,17,37,25,58,47,47,25,25,31,0],"gold":238,"neow_bonus":"BOSS_RELIC","is_prod":false,"is_daily":false,"chose_seed":false,"campfire_upgraded":1,"win_rate":0,"timestamp":1553292409,"path_taken":["M","?","?","?","?","E","?","M","T","?","R","E","?","M","R","BOSS","M","?","M","?","?","E"],"build_version":"2019-01-23","purchased_purges":1,"victory":false,"max_hp_per_floor":[75,75,75,75,75,75,69,69,69,69,69,69,69,69,69,69,69,69,69,69,69,69,69],"card_choices":[{"not_picked":["Heatsinks","Double Energy"],"picked":"Cold Snap","floor":1},{"not_picked":["Heatsinks","Cold Snap"],"picked":"BootSequence","floor":3},{"not_picked":["Gash","Go for the Eyes"],"picked":"Ball Lightning","floor":5},{"not_picked":["Go for the Eyes","Melter"],"picked":"Core Surge","floor":6},{"not_picked":["Barrage","Ball Lightning"],"picked":"Defragment","floor":8},{"not_picked":["Steam Power","Blizzard","Force Field"],"picked":"SKIP","floor":12},{"not_picked":["Redo","Gash"],"picked":"Beam Cell","floor":14},{"not_picked":["Meteor Strike","Hyperbeam"],"picked":"Buffer","floor":16},{"not_picked":["Doom and Gloom","Gash"],"picked":"Loop+1","floor":18},{"not_picked":["Go for the Eyes","Rebound"],"picked":"Leap","floor":20},{"not_picked":["Stack","Static Discharge"],"picked":"Sunder","floor":22}],"player_experience":201941,"relics_obtained":[{"floor":6,"key":"StoneCalendar"},{"floor":9,"key":"Darkstone Periapt"}],"event_choices":[{"damage_healed":0,"gold_gain":0,"player_choice":"Rummage","damage_taken":0,"relics_obtained":["WarpedTongs"],"max_hp_gain":0,"max_hp_loss":0,"event_name":"Accursed Blacksmith","floor":2,"gold_loss":0,"cards_obtained":["Pain"]},{"damage_healed":0,"gold_gain":0,"player_choice":"Lose Max HP","damage_taken":0,"relics_obtained":["Golden Idol"],"max_hp_gain":0,"max_hp_loss":6,"event_name":"Golden Idol","floor":7,"gold_loss":0},{"damage_healed":23,"gold_gain":0,"player_choice":"Banana","damage_taken":0,"max_hp_gain":0,"max_hp_loss":0,"event_name":"Big Fish","floor":10,"gold_loss":0},{"damage_healed":0,"gold_gain":0,"player_choice":"Entered Light","damage_taken":14,"max_hp_gain":0,"max_hp_loss":0,"event_name":"Shining Light","floor":13,"gold_loss":0,"cards_upgraded":["Defend_B","Strike_B"]},{"damage_healed":0,"gold_gain":0,"player_choice":"Trade","damage_taken":0,"relics_obtained":["SsserpentHead"],"max_hp_gain":0,"max_hp_loss":0,"event_name":"FaceTrader","floor":19,"gold_loss":0}],"is_beta":false,"boss_relics":[{"not_picked":["Sozu","Coffee Dripper"],"picked":"Cursed Key"}],"items_purged_floors":[4],"is_endless":false,"potions_floor_spawned":[1,3,5,18,20],"killed_by":"Book of Stabbing","ascension_level":6}