{"gold_per_floor":[119,137,212,238,163,175,125,125,151,171,181,181,146,181,181,286,286,303,317,317,317,342,342,106,106,188,199,217,92,112,141,141,241,241,251,251,251,262,281,281,281,131,131,82,96,107,133,0,0,0,0,0,0,30,30],"floor_reached":55,"playtime":2814,"items_purged":["Strike_G","Strike_G","Strike_G","Parasite"],"score":637,"play_id":"28cc1613-2fe2-4723-a1bd-d5012cb79f42","local_time":"20190527185750","is_ascension_mode":false,"campfire_choices":[{"data":"Neutralize","floor":8.0,"key":"SMITH"},{"data":"Footwork","floor":12.0,"key":"SMITH"},{"data":"Footwork","floor":15.0,"key":"SMITH"},{"data":"After Image","floor":23.0,"key":"SMITH"},{"data":"Noxious Fumes","floor":25.0,"key":"SMITH"},{"floor":32.0,"key":"REST"},{"floor":40.0,"key":"RECALL"},{"data":"Envenom","floor":49.0,"key":"SMITH"},{"floor":52.0,"key":"REST"}],"neow_cost":"NONE","seed_source_timestamp":607349462099811,"circlet_count":0,"master_deck":["Defend_G+1","Defend_G+1","Defend_G+1","Defend_G+1","Strike_G+1","Survivor+1","Neutralize+1","Caltrops+1","Footwork+1","Riddle With Holes+1","Poisoned Stab+1","Footwork+1","Dash+1","Dodge and Roll+1","After Image+1","Noxious Fumes+1","Catalyst+1","RitualDagger+1","Leg Sweep+1","Dodge and Roll+1","Catalyst+1","Dash+1","Cloak And Dagger+1","Adrenaline+1","Cloak And Dagger+1","Bouncing Flask+1","Cloak And Dagger+1","Envenom+1","Caltrops"],"special_seed":0,"relics":["Ring of the Snake","Snake Skull","Mark of the Bloom","Omamori","PreservedInsect","Red Mask","Boot"],"potions_floor_usage":[],"damage_taken":[{"damage":0.0,"enemies":"Jaw Worm","floor":1.0,"turns":5.0},{"damage":0.0,"enemies":"2 Louse","floor":2.0,"turns":4.0},{"damage":0.0,"enemies":"Cultist","floor":6.0,"turns":4.0},{"damage":21.0,"enemies":"Exordium Wildlife","floor":10.0,"turns":8.0},{"damage":0.0,"enemies":"Large Slime","floor":11.0,"turns":6.0},{"damage":0.0,"enemies":"Exordium Thugs","floor":13.0,"turns":7.0},{"damage":3.0,"enemies":"3 Sentries","floor":14.0,"turns":14.0},{"damage":10.0,"enemies":"The Guardian","floor":16.0,"turns":16.0},{"damage":5.0,"enemies":"3 Byrds","floor":18.0,"turns":4.0},{"damage":0.0,"enemies":"Chosen","floor":19.0,"turns":8.0},{"damage":1.0,"enemies":"Centurion and Healer","floor":27.0,"turns":11.0},{"damage":4.0,"enemies":"Snecko","floor":28.0,"turns":9.0},{"damage":32.0,"enemies":"3 Cultists","floor":30.0,"turns":7.0},{"damage":17.0,"enemies":"Slavers","floor":31.0,"turns":12.0},{"damage":18.0,"enemies":"Champ","floor":33.0,"turns":14.0},{"damage":0.0,"enemies":"3 Shapes","floor":35.0,"turns":5.0},{"damage":0.0,"enemies":"3 Darklings","floor":38.0,"turns":6.0},{"damage":0.0,"enemies":"Writhing Mass","floor":39.0,"turns":9.0},{"damage":10.0,"enemies":"Sphere and 2 Shapes","floor":45.0,"turns":7.0},{"damage":6.0,"enemies":"Jaw Worm Horde","floor":46.0,"turns":4.0},{"damage":30.0,"enemies":"Donu and Deca","floor":50.0,"turns":9.0},{"damage":18.0,"enemies":"Shield and Spear","floor":54.0,"turns":6.0},{"damage":45,"enemies":"The Heart","floor":55,"turns":2}],"seed_played":"-497748275843255421","potions_obtained":[{"floor":1.0,"key":"SpeedPotion"},{"floor":10.0,"key":"Fire Potion"},{"floor":18.0,"key":"Strength Potion"},{"floor":28.0,"key":"Dexterity Potion"},{"floor":30.0,"key":"FearPotion"},{"floor":35.0,"key":"Poison Potion"},{"floor":38.0,"key":"SteroidPotion"}],"is_trial":false,"path_per_floor":["M","M","?","T","$","M","?","R","T","M","M","R","M","E","R","B",null,"M","M","?","?","T","R","$","R","T","M","M","$","M","E","R","B",null,"M","?","?","M","M","R","?","$","T","$","M","M","T","?","R","B",null,"R","$","E","B"],"character_chosen":"THE_SILENT","items_purchased":["Leg Sweep","Dodge and Roll","Weak Potion"],"campfire_rested":2,"item_purchase_floors":[24,24,44],"current_hp_per_floor":[77,77,66,66,66,66,66,66,66,45,45,45,45,42,42,32,77,72,72,66,66,66,66,66,66,66,65,61,61,29,12,35,17,77,77,73,73,73,73,73,73,70,70,70,60,54,54,54,54,24,24,24,24,6,0],"gold":30,"neow_bonus":"TEN_PERCENT_HP_BONUS","is_prod":false,"is_daily":false,"chose_seed":false,"campfire_upgraded":6,"win_rate":0,"timestamp":1558997870,"path_taken":["M","M","?","?","$","M","?","R","T","M","M","R","M","E","R","BOSS","M","M","?","?","?","R","$","R","T","M","M","$","M","E","R","BOSS","M","?","?","M","M","R","?","$","T","$","?","M","?","?","R","BOSS","R","$","E","BOSS"],"build_version":"2019-01-23","purchased_purges":4,"victory":false,"max_hp_per_floor":[77,77,77,77,77,77,77,77,77,77,77,77,77,77,77,77,77,77,77,77,77,77,77,77,77,77,77,77,77,77,77,77,77,77,77,73,73,73,73,73,73,70,70,70,70,70,70,70,70,70,70,70,70,70,70],"card_choices":[{"not_picked":["Setup","Outmaneuver"],"picked":"Caltrops","floor":1.0},{"not_picked":["Dash","Riddle With Holes"],"picked":"Footwork","floor":2.0},{"not_picked":["Reflex","Slice"],"picked":"Riddle With Holes","floor":6.0},{"not_picked":["Bane","Blade Dance"],"picked":"Poisoned Stab","floor":10.0},{"not_picked":["Finisher","Dodge and Roll"],"picked":"Footwork","floor":11.0},{"not_picked":["Accuracy","Infinite Blades"],"picked":"Dash","floor":13.0},{"not_picked":["Flying Knee","Eviscerate"],"picked":"Dodge and Roll","floor":14.0},{"not_picked":["Grand Finale","Die Die Die"],"picked":"After Image","floor":16.0},{"not_picked":["All Out Attack+1","Deadly Poison"],"picked":"Noxious Fumes","floor":18.0},{"not_picked":["Dagger Spray","Cloak And Dagger"],"picked":"Catalyst","floor":19.0},{"not_picked":["Riddle With Holes","Poisoned Stab","Prepared"],"picked":"SKIP","floor":27.0},{"not_picked":["Heel Hook","Deadly Poison+1"],"picked":"Catalyst","floor":28.0},{"not_picked":["Dagger Spray","Eviscerate"],"picked":"Dash","floor":30.0},{"not_picked":["Tactician","Backflip"],"picked":"Cloak And Dagger","floor":31.0},{"not_picked":["Grand Finale","Storm of Steel"],"picked":"Adrenaline","floor":33.0},{"not_picked":["Setup+1","Terror+1"],"picked":"Cloak And Dagger","floor":35.0},{"not_picked":["Blade Dance","Skewer"],"picked":"Bouncing Flask+1","floor":38.0},{"not_picked":["Blade Dance+1","Deflect"],"picked":"Cloak And Dagger+1","floor":39.0},{"not_picked":["Skewer+1","PiercingWail"],"picked":"Envenom","floor":45.0},{"not_picked":["Deflect","Sucker Punch","Bane"],"picked":"SKIP","floor":46.0},{"not_picked":["Dash","Terror+1"],"picked":"Caltrops","floor":54.0}],"player_experience":838649,"relics_obtained":[{"floor":31.0,"key":"Snake Skull"},{"floor":43.0,"key":"Omamori"},{"floor":47.0,"key":"PreservedInsect"},{"floor":54.0,"key":"Boot"}],"event_choices":[{"damage_healed":0.0,"max_hp_gain":0.0,"max_hp_loss":0.0,"gold_gain":75.0,"event_name":"World of Goop","player_choice":"Gather Gold","floor":3.0,"gold_loss":0.0,"damage_taken":11.0},{"cards_removed":["Strike_G"],"damage_healed":0.0,"max_hp_gain":0.0,"max_hp_loss":0.0,"gold_gain":0.0,"event_name":"The Cleric","player_choice":"Card Removal","floor":7.0,"gold_loss":50.0,"damage_taken":0.0},{"damage_healed":0.0,"max_hp_gain":0.0,"max_hp_loss":0.0,"gold_gain":0.0,"event_name":"Nest","player_choice":"Joined the Cult","floor":20.0,"gold_loss":0.0,"damage_taken":6.0,"cards_obtained":["RitualDagger"]},{"damage_healed":0.0,"max_hp_gain":0.0,"max_hp_loss":0.0,"gold_gain":0.0,"event_name":"The Mausoleum","player_choice":"Ignored","floor":21.0,"gold_loss":0.0,"damage_taken":0.0},{"damage_healed":0.0,"max_hp_gain":0.0,"max_hp_loss":4.0,"gold_gain":0.0,"event_name":"Winding Halls","player_choice":"Max HP","floor":36.0,"gold_loss":0.0,"damage_taken":0.0},{"damage_healed":0.0,"max_hp_gain":0.0,"max_hp_loss":0.0,"gold_gain":0.0,"event_name":"MindBloom","player_choice":"Upgrade","floor":37.0,"gold_loss":0.0,"damage_taken":0.0,"cards_upgraded":["Defend_G","Defend_G","Defend_G","Defend_G","Defend_G","Strike_G","Survivor","Caltrops","Riddle With Holes","Poisoned Stab","Dash","Dodge and Roll","Catalyst","RitualDagger","Leg Sweep","Dodge and Roll","Catalyst","Dash","Cloak And Dagger","Adrenaline","Cloak And Dagger"],"relics_obtained":["Mark of the Bloom"]},{"cards_removed":["Defend_G"],"damage_healed":0.0,"max_hp_gain":0.0,"max_hp_loss":0.0,"gold_gain":0.0,"event_name":"Falling","player_choice":"Removed Skill","floor":41.0,"gold_loss":0.0,"damage_taken":0.0},{"damage_healed":0.0,"max_hp_gain":0.0,"max_hp_loss":0.0,"gold_gain":0.0,"event_name":"Tomb of Lord Red Mask","player_choice":"Paid","floor":48.0,"gold_loss":133.0,"damage_taken":0.0,"relics_obtained":["Red Mask"]}],"is_beta":false,"boss_relics":[{"not_picked":["Cursed Key","Black Star","White Beast Statue"]},{"not_picked":["Snecko Eye","Calling Bell","Orrery"]}],"items_purged_floors":[5,24,29,42],"is_endless":false,"potions_floor_spawned":[1,10,18,28,30,35,38],"killed_by":"The Heart","ascension_level":0}