{"gold_per_floor":[109,122,25,42,61,61,88,88,88,88,88,12,12,32,32,107,107,123,143,196,43,61,61,94,94],"floor_reached":25,"playtime":1256,"items_purged":["Strike_R","Strike_R"],"score":376,"play_id":"541c44f8-2c23-4438-85ef-eca3df5d00be","local_time":"20190525215725","is_ascension_mode":true,"campfire_choices":[{"data":"Bash","floor":6.0,"key":"SMITH"},{"data":"True Grit","floor":8.0,"key":"SMITH"},{"data":"Clothesline","floor":10.0,"key":"SMITH"},{"floor":15.0,"key":"REST"},{"floor":23.0,"key":"REST"}],"neow_cost":"NONE","seed_source_timestamp":3488268025293,"circlet_count":0,"master_deck":["AscendersBane","Strike_R","Strike_R","Defend_R","Defend_R","Defend_R","Defend_R","Bash+1","Reaper","True Grit+1","Flame Barrier","Flex","Anger","Bludgeon","Clothesline+1","Demon Form","Impervious","Seeing Red","Limit Break","Armaments","Armaments","Bloodletting+1","True Grit"],"special_seed":0,"relics":["Burning Blood","Bag of Preparation","Bottled Flame","Calipers","Fusion Hammer","Oddly Smooth Stone","PreservedInsect"],"potions_floor_usage":[25],"damage_taken":[{"damage":11.0,"enemies":"Cultist","floor":1.0,"turns":4.0},{"damage":6.0,"enemies":"Small Slimes","floor":2.0,"turns":7.0},{"damage":29.0,"enemies":"Jaw Worm","floor":4.0,"turns":7.0},{"damage":24.0,"enemies":"Lots of Slimes","floor":5.0,"turns":4.0},{"damage":42.0,"enemies":"Lagavulin","floor":7.0,"turns":7.0},{"damage":0.0,"enemies":"Red Slaver","floor":14.0,"turns":4.0},{"damage":31.0,"enemies":"Hexaghost","floor":16.0,"turns":9.0},{"damage":12.0,"enemies":"Chosen","floor":18.0,"turns":3.0},{"damage":18.0,"enemies":"Shell Parasite","floor":19.0,"turns":6.0},{"damage":11.0,"enemies":"Snake Plant","floor":22.0,"turns":6.0},{"damage":70.0,"enemies":"Slavers","floor":24.0,"turns":9.0},{"damage":41,"enemies":"3 Cultists","floor":25,"turns":5}],"seed_played":"4764462446610887231","potions_obtained":[{"floor":1.0,"key":"Energy Potion"},{"floor":2.0,"key":"Fire Potion"},{"floor":19.0,"key":"Poison Potion"},{"floor":22.0,"key":"Energy Potion"}],"is_trial":false,"path_per_floor":["M","M","$","M","M","R","E","R","T","R","?","$","?","M","R","B",null,"M","M","T","$","M","R","E","M"],"character_chosen":"IRONCLAD","items_purchased":["Flex","Demon Form","Armaments"],"campfire_rested":2,"item_purchase_floors":[3,12,21],"current_hp_per_floor":[67,72,72,55,57,57,27,27,27,27,15,15,15,21,43,30,64,67,64,64,64,59,75,32,0],"gold":94,"neow_bonus":"ONE_RANDOM_RARE_CARD","is_prod":false,"is_daily":false,"chose_seed":false,"campfire_upgraded":3,"win_rate":0,"timestamp":1558814245,"path_taken":["M","M","$","M","?","R","E","R","T","R","?","$","?","M","R","BOSS","M","?","?","$","M","R","E","M"],"build_version":"2019-01-23","purchased_purges":2,"victory":false,"max_hp_per_floor":[75,75,75,75,75,75,75,75,75,75,75,75,75,75,75,75,75,75,75,75,75,75,75,75,75],"card_choices":[{"not_picked":["Dual Wield","Dropkick"],"picked":"True Grit","floor":1.0},{"not_picked":["Second Wind","Body Slam"],"picked":"Flame Barrier","floor":2.0},{"not_picked":["Clash","Carnage"],"picked":"Anger","floor":4.0},{"not_picked":["Rampage","Anger"],"picked":"Bludgeon","floor":5.0},{"not_picked":["Warcry","Clash"],"picked":"Clothesline","floor":7.0},{"not_picked":["Burning Pact","Bloodletting"],"picked":"Seeing Red","floor":14.0},{"not_picked":["Bludgeon","Fiend Fire"],"picked":"Limit Break","floor":16.0},{"not_picked":["Carnage","Iron Wave","Heavy Blade"],"picked":"SKIP","floor":18.0},{"not_picked":["Warcry","Twin Strike"],"picked":"Armaments","floor":19.0},{"not_picked":["Dual Wield","Sword Boomerang"],"picked":"Bloodletting+1","floor":22.0},{"not_picked":["Perfected Strike","Ghostly Armor"],"picked":"True Grit","floor":24.0}],"player_experience":662756,"relics_obtained":[{"floor":7.0,"key":"Bag of Preparation"},{"floor":9.0,"key":"Bottled Flame"},{"floor":20.0,"key":"Oddly Smooth Stone"},{"floor":24.0,"key":"PreservedInsect"}],"event_choices":[{"damage_healed":0.0,"max_hp_gain":0.0,"max_hp_loss":0.0,"gold_gain":0.0,"event_name":"Scrap Ooze","player_choice":"Success","floor":11.0,"gold_loss":0.0,"damage_taken":12.0,"relics_obtained":["Calipers"]},{"damage_healed":0.0,"max_hp_gain":0.0,"max_hp_loss":0.0,"gold_gain":0.0,"cards_transformed":["Strike_R"],"event_name":"Transmorgrifier","player_choice":"Transformed","floor":13.0,"gold_loss":0.0,"damage_taken":0.0,"cards_obtained":["Impervious"]}],"is_beta":false,"boss_relics":[{"not_picked":["Orrery","Black Star"],"picked":"Fusion Hammer"}],"items_purged_floors":[3,21],"is_endless":false,"potions_floor_spawned":[1,2,5,19,22],"killed_by":"3 Cultists","ascension_level":14}