{"gold_per_floor":[118,135,210,221,233,233,263,275,287,299,328,375,387,412,424,536,548,570,102,122,172,188,188,188,200,200,217,230,9,9,24,24,128,128,146,160,160,175,175,175,192,208,254,5,5,5,24,2,2,2],"floor_reached":50,"playtime":3570,"items_purged":[],"score":508,"play_id":"827fa1e1-5438-48a3-bfc5-2e5e5263e127","local_time":"20181111225356","is_ascension_mode":false,"campfire_choices":[{"floor":6,"key":"REST"},{"floor":8,"key":"REST"},{"data":"Sucker Punch","floor":10,"key":"SMITH"},{"floor":15,"key":"REST"},{"floor":23,"key":"REST"},{"floor":32,"key":"REST"},{"data":"Infinite Blades","floor":40,"key":"SMITH"},{"floor":49,"key":"REST"}],"neow_cost":"NONE","seed_source_timestamp":426756463113312,"circlet_count":0,"master_deck":["Defend_G","Defend_G","Defend_G","Defend_G","Defend_G","Strike_G","Strike_G","Strike_G","Strike_G","Strike_G","Survivor","Neutralize","Terror","Dagger Spray","Sucker Punch+1","All Out Attack","Backflip","Dodge and Roll","PiercingWail","Dagger Throw","Corpse Explosion","Footwork","Infinite Blades+1","Dagger Spray","Slice+1","Crippling Poison","Infinite Blades","Sucker Punch+1","Endless Agony","Flying Knee","Catalyst+1","Phantasmal Killer","Sucker Punch+1","Quick Slash+1","Crippling Poison","Writhe","Flying Knee","Secret Weapon","Expertise","Dagger Spray","Dagger Throw+1"],"relics":["Ring of the Snake","MawBank","Mercury Hourglass","Bottled Flame","FaceOfCleric","WristBlade","Paper Crane","Dream Catcher","Ancient Tea Set","Potion Belt","Oddly Smooth Stone","Busted Crown","Vajra","Bottled Lightning"],"potions_floor_usage":[7,11,16,31,33,50,50,50,50],"damage_taken":[{"damage":0,"enemies":"Cultist","floor":1,"turns":3},{"damage":0,"enemies":"2 Louse","floor":2,"turns":4},{"damage":0,"enemies":"Small Slimes","floor":4,"turns":3},{"damage":32,"enemies":"Gremlin Gang","floor":5,"turns":7},{"damage":24,"enemies":"Gremlin Nob","floor":7,"turns":5},{"damage":19,"enemies":"Exordium Thugs","floor":11,"turns":5},{"damage":13,"enemies":"3 Sentries","floor":12,"turns":5},{"damage":0,"enemies":"Lots of Slimes","floor":14,"turns":1},{"damage":17,"enemies":"The Guardian","floor":16,"turns":13},{"damage":13,"enemies":"Chosen","floor":18,"turns":5},{"damage":14,"enemies":"Spheric Guardian","floor":20,"turns":7},{"damage":20,"enemies":"Snake Plant","floor":22,"turns":6},{"damage":17,"enemies":"Shelled Parasite and Fungi","floor":25,"turns":7},{"damage":22,"enemies":"Centurion and Healer","floor":27,"turns":3},{"damage":0,"enemies":"Chosen and Byrds","floor":28,"turns":6},{"damage":9,"enemies":"Snake Plant","floor":31,"turns":3},{"damage":34,"enemies":"Automaton","floor":33,"turns":10},{"damage":1,"enemies":"3 Darklings","floor":35,"turns":2},{"damage":18,"enemies":"3 Shapes","floor":36,"turns":4},{"damage":22,"enemies":"Maw","floor":38,"turns":8},{"damage":6,"enemies":"Sphere and 2 Shapes","floor":41,"turns":3},{"damage":0,"enemies":"3 Darklings","floor":42,"turns":2},{"damage":26,"enemies":"Maw","floor":47,"turns":6},{"damage":73,"enemies":"Time Eater","floor":50,"turns":8}],"seed_played":"-1523699665841583784","potions_obtained":[{"floor":1,"key":"SkillPotion"},{"floor":4,"key":"Swift Potion"},{"floor":5,"key":"Weak Potion"},{"floor":11,"key":"EssenceOfSteel"},{"floor":16,"key":"Strength Potion"},{"floor":20,"key":"Ancient Potion"},{"floor":28,"key":"LiquidBronze"},{"floor":38,"key":"GhostInAJar"},{"floor":42,"key":"Explosive Potion"},{"floor":47,"key":"EssenceOfSteel"}],"is_trial":false,"path_per_floor":["M","M","?","M","M","R","E","R","T","R","M","E","?","M","R","B",null,"M","$","M","?","M","R","?","M","T","M","M","$","$","M","R","B",null,"M","M","?","M","?","R","M","M","T","$","?","?","M","$","R","B"],"character_chosen":"THE_SILENT","items_purchased":["Infinite Blades","Paper Crane","Dream Catcher","Oddly Smooth Stone","Regen Potion","Bottled Lightning","Dagger Spray"],"campfire_rested":6,"item_purchase_floors":[19,19,19,29,29,44,48],"current_hp_per_floor":[70,70,59,59,27,48,24,45,45,45,26,13,13,14,35,19,72,60,60,47,47,28,50,50,34,34,13,14,14,14,15,38,5,80,80,63,63,42,63,63,58,59,59,59,59,59,34,34,59,0],"gold":2,"neow_bonus":"THREE_CARDS","is_prod":false,"is_daily":false,"chose_seed":false,"campfire_upgraded":2,"win_rate":0.0,"timestamp":1541994836,"path_taken":["M","?","?","M","M","R","E","R","T","R","M","E","?","M","R","BOSS","M","$","?","?","?","R","?","M","T","?","M","?","$","M","R","BOSS","M","M","?","M","?","R","M","M","T","$","?","?","M","?","R","BOSS"],"build_version":"2018-11-08","purchased_purges":0,"victory":false,"max_hp_per_floor":[70,70,70,70,70,70,70,70,70,70,70,70,70,71,71,72,72,73,73,74,74,75,75,75,76,76,77,78,78,78,79,79,80,80,81,82,82,83,83,83,84,85,85,85,85,85,86,86,86,86],"card_choices":[{"not_picked":["Choke","Deflect"],"picked":"Terror","floor":0},{"not_picked":["Predator","Escape Plan"],"picked":"Blur","floor":1},{"not_picked":["Deflect","Expertise"],"picked":"Dagger Spray","floor":2},{"not_picked":["Dagger Spray","Deflect"],"picked":"Sucker Punch","floor":4},{"not_picked":["Deflect","Tactician"],"picked":"All Out Attack","floor":5},{"not_picked":["Slice","Underhanded Strike"],"picked":"Backflip","floor":7},{"not_picked":["Caltrops","Dagger Spray"],"picked":"Dodge and Roll","floor":11},{"not_picked":["Blade Dance","Deadly Poison"],"picked":"PiercingWail","floor":12},{"not_picked":["Blur","Predator"],"picked":"Dagger Throw","floor":14},{"not_picked":["Glass Knife","Phantasmal Killer"],"picked":"Corpse Explosion","floor":16},{"not_picked":["Acrobatics","Dagger Spray"],"picked":"Footwork","floor":18},{"not_picked":["Flechettes","Backflip"],"picked":"Dagger Spray","floor":20},{"not_picked":["Acrobatics","Deflect"],"picked":"Slice+1","floor":22},{"not_picked":["Flying Knee","Backflip"],"picked":"Crippling Poison","floor":23},{"not_picked":["Choke","Acrobatics"],"picked":"Infinite Blades","floor":25},{"not_picked":["Dash","Outmaneuver"],"picked":"Sucker Punch+1","floor":27},{"not_picked":["Acrobatics+1","Outmaneuver"],"picked":"Endless Agony","floor":28},{"not_picked":["All Out Attack","Dodge and Roll"],"picked":"Flying Knee","floor":31},{"not_picked":["Bane","Deflect+1"],"picked":"Catalyst+1","floor":32},{"not_picked":["Tools of the Trade","Unload"],"picked":"Phantasmal Killer","floor":33},{"not_picked":[],"picked":"Sucker Punch+1","floor":35},{"not_picked":[],"picked":"Quick Slash+1","floor":36},{"not_picked":[],"picked":"Crippling Poison","floor":38},{"not_picked":[],"picked":"Flying Knee","floor":41},{"not_picked":["Backflip"],"picked":"SKIP","floor":42},{"not_picked":[],"picked":"Secret Weapon","floor":46},{"not_picked":[],"picked":"Expertise","floor":47},{"not_picked":[],"picked":"Dagger Throw+1","floor":49}],"player_experience":10140,"relics_obtained":[{"floor":7,"key":"MawBank"},{"floor":9,"key":"Mercury Hourglass"},{"floor":12,"key":"Bottled Flame"},{"floor":26,"key":"Potion Belt"},{"floor":43,"key":"Vajra"}],"event_choices":[{"damage_healed":0,"gold_gain":75,"player_choice":"Gather Gold","damage_taken":11,"max_hp_gain":0,"max_hp_loss":0,"event_name":"World of Goop","floor":3,"gold_loss":0},{"damage_healed":0,"gold_gain":0,"player_choice":"Trade","damage_taken":0,"relics_obtained":["FaceOfCleric"],"max_hp_gain":0,"max_hp_loss":0,"event_name":"FaceTrader","floor":13,"gold_loss":0},{"damage_healed":0,"gold_gain":100,"player_choice":"Bet on Murderer","damage_taken":0,"max_hp_gain":0,"max_hp_loss":0,"event_name":"The Joust","floor":21,"gold_loss":50},{"damage_healed":0,"gold_gain":0,"player_choice":"Gave Potion","damage_taken":0,"relics_obtained":["Ancient Tea Set"],"max_hp_gain":0,"max_hp_loss":0,"event_name":"WeMeetAgain","floor":24,"gold_loss":0},{"damage_healed":0,"gold_gain":0,"player_choice":"Ignored","damage_taken":0,"max_hp_gain":0,"max_hp_loss":0,"event_name":"Tomb of Lord Red Mask","floor":37,"gold_loss":0},{"damage_healed":21,"gold_gain":0,"player_choice":"Writhe","damage_taken":0,"max_hp_gain":0,"max_hp_loss":0,"event_name":"Winding Halls","floor":39,"gold_loss":0,"cards_obtained":["Writhe"]},{"cards_removed":["Blur"],"damage_healed":0,"gold_gain":0,"player_choice":"Removed Skill","damage_taken":0,"max_hp_gain":0,"max_hp_loss":0,"event_name":"Falling","floor":45,"gold_loss":0},{"damage_healed":0,"gold_gain":0,"player_choice":"Memory 1","damage_taken":0,"max_hp_gain":0,"max_hp_loss":0,"event_name":"SensoryStone","floor":46,"gold_loss":0}],"is_beta":true,"boss_relics":[{"not_picked":["Runic Dome","HoveringKite"],"picked":"WristBlade"},{"not_picked":["Astrolabe","Snecko Eye"],"picked":"Busted Crown"}],"items_purged_floors":[],"is_endless":false,"potions_floor_spawned":[1,4,5,11,16,20,28,38,42,47],"killed_by":"Time Eater","ascension_level":0}