{"gold_per_floor":[210,222,237,8,21,21,53,72,72,72,89,14,31,65,65,138,138,138,38,38,38,38,38,38,38],"floor_reached":25,"playtime":1941,"items_purged":["Strike_G","Strike_G"],"score":438,"play_id":"884d8453-834b-4cdc-a455-61f0f4bebd65","local_time":"20190506185920","is_ascension_mode":true,"campfire_choices":[{"floor":6,"key":"REST"},{"floor":10,"key":"REST"},{"floor":15,"key":"REST"},{"floor":23,"key":"REST"}],"neow_cost":"NONE","seed_source_timestamp":175458029359962,"circlet_count":0,"master_deck":["AscendersBane","Defend_G","Defend_G","Defend_G","Defend_G","Defend_G","Strike_G","Strike_G","Strike_G","Survivor","Neutralize","Endless Agony","All Out Attack","Poisoned Stab","Glass Knife","Well Laid Plans","Calculated Gamble","Noxious Fumes","Flying Knee","Deadly Poison","Backflip","Doppelganger","Adrenaline","Cloak And Dagger","Escape Plan","PiercingWail","Predator+1"],"relics":["Ring of the Snake","Blood Vial","Kunai","Bottled Tornado","Ectoplasm"],"potions_floor_usage":[7,14,21,25],"damage_taken":[{"damage":32,"enemies":"Cultist","floor":1,"turns":7},{"damage":0,"enemies":"2 Louse","floor":2,"turns":5},{"damage":12,"enemies":"Jaw Worm","floor":3,"turns":4},{"damage":5,"enemies":"Blue Slaver","floor":5,"turns":4},{"damage":8,"enemies":"Gremlin Nob","floor":7,"turns":3},{"damage":11,"enemies":"Exordium Wildlife","floor":8,"turns":4},{"damage":0,"enemies":"2 Fungi Beasts","floor":11,"turns":3},{"damage":7,"enemies":"Gremlin Gang","floor":13,"turns":4},{"damage":23,"enemies":"Lagavulin","floor":14,"turns":5},{"damage":20,"enemies":"The Guardian","floor":16,"turns":10},{"damage":21,"enemies":"Chosen","floor":18,"turns":4},{"damage":0,"enemies":"3 Byrds","floor":20,"turns":4},{"damage":15,"enemies":"Snake Plant","floor":21,"turns":5},{"damage":28,"enemies":"Cultist and Chosen","floor":22,"turns":5},{"damage":18,"enemies":"Sentry and Sphere","floor":24,"turns":7},{"damage":26,"enemies":"Snake Plant","floor":25,"turns":3}],"seed_played":"-3754476424385383031","potions_obtained":[{"floor":3,"key":"GamblersBrew"},{"floor":5,"key":"Poison Potion"},{"floor":11,"key":"GamblersBrew"},{"floor":13,"key":"FairyPotion"},{"floor":16,"key":"Block Potion"},{"floor":24,"key":"Regen Potion"}],"is_trial":false,"path_per_floor":["M","M","M","$","M","R","E","M","T","R","M","$","M","E","R","B",null,"M","$","M","M","M","R","M","M"],"character_chosen":"THE_SILENT","items_purchased":["Glass Knife","Well Laid Plans"],"campfire_rested":4,"item_purchase_floors":[4,4],"current_hp_per_floor":[27,27,15,15,10,29,21,12,12,31,33,33,28,7,26,8,52,33,33,35,22,6,25,9,0],"gold":38,"neow_bonus":"HUNDRED_GOLD","is_prod":false,"is_daily":false,"chose_seed":false,"campfire_upgraded":0,"win_rate":0,"timestamp":1557183560,"path_taken":["M","M","M","$","M","R","E","M","T","R","M","?","M","E","R","BOSS","M","$","M","?","M","R","M","M"],"build_version":"2019-01-23","purchased_purges":2,"victory":false,"max_hp_per_floor":[66,66,66,66,66,66,66,66,66,66,66,66,66,66,66,66,66,66,66,66,66,66,66,66,66],"card_choices":[{"not_picked":["Cloak And Dagger","Underhanded Strike"],"picked":"Endless Agony","floor":1},{"not_picked":["Deflect","Setup"],"picked":"All Out Attack","floor":2},{"not_picked":["Eviscerate","Caltrops"],"picked":"Poisoned Stab","floor":3},{"not_picked":["Outmaneuver","Eviscerate"],"picked":"Calculated Gamble","floor":5},{"not_picked":["Deflect","Accuracy"],"picked":"Noxious Fumes","floor":7},{"not_picked":["Dagger Spray","Tactician"],"picked":"Flying Knee","floor":8},{"not_picked":["Acrobatics","Prepared"],"picked":"Deadly Poison","floor":11},{"not_picked":["Bane","Dagger Throw"],"picked":"Backflip","floor":13},{"not_picked":["Well Laid Plans","Tactician"],"picked":"Doppelganger","floor":14},{"not_picked":["Burst","Tools of the Trade"],"picked":"Adrenaline","floor":16},{"not_picked":["Crippling Poison","Slice"],"picked":"Cloak And Dagger","floor":18},{"not_picked":["Quick Slash","Prepared","Skewer"],"picked":"SKIP","floor":20},{"not_picked":["Heel Hook","Deadly Poison"],"picked":"Escape Plan","floor":21},{"not_picked":["Dodge and Roll","Expertise"],"picked":"PiercingWail","floor":22},{"not_picked":["Endless Agony","Dagger Throw"],"picked":"Predator+1","floor":24}],"player_experience":382003,"relics_obtained":[{"floor":7,"key":"Blood Vial"},{"floor":9,"key":"Kunai"},{"floor":14,"key":"Bottled Tornado"}],"event_choices":[],"is_beta":false,"boss_relics":[{"not_picked":["White Beast Statue","Calling Bell"],"picked":"Ectoplasm"}],"items_purged_floors":[12,19],"is_endless":false,"potions_floor_spawned":[3,5,11,13,16,20,24],"killed_by":"Snake Plant","ascension_level":20}