{"path_per_floor":["M","?","M","?","M","R","M","M","T","M","?","R","M","$","R","B",null,"M","?","M","M","?","R","E","R","T","?","M","M","?","M","R","B",null,"M","?","?","M","M","R","M","?","T","M","?","M","?","M","R"],"character_chosen":"IRONCLAD","items_purchased":["Body Slam"],"gold_per_floor":[217,217,230,230,245,245,256,275,275,285,315,315,335,236,236,341,341,296,296,296,296,296,296,296,296,296,221,221,221,221,221,221,221,221,221,221,181,181,181,181,181,181,181,181,181,181,181,181,181],"floor_reached":50,"campfire_rested":3,"playtime":5560,"current_hp_per_floor":[80,68,73,78,73,73,73,70,77,83,83,83,81,81,81,55,92,92,76,66,66,66,92,62,62,62,62,56,48,48,31,58,24,92,92,92,92,78,76,76,68,58,58,48,27,8,8,10,37],"items_purged":["Strike_R"],"gold":181,"play_id":"6cabd87a-a5bd-414d-a682-1392b3a663cf","is_prod":false,"is_daily":false,"is_ascension_mode":false,"campfire_upgraded":5,"path_taken":["M","?","M","?","M","R","M","M","T","M","?","R","?","?","R","BOSS","M","?","M","M","?","R","E","R","T","?","?","?","?","M","R","BOSS","M","?","?","M","M","R","?","?","T","M","?","M","?","M","R","BOSS"],"build_version":"2018-02-01-PROD3","purchased_purges":1,"victory":false,"master_deck":["Defend_R","Defend_R","Defend_R","Defend_R","Bash","Warcry","Rampage+1","Cleave+1","Shrug It Off+1","Headbutt","Cleave","Body Slam+1","Barricade+1","Iron Wave","Rampage","Warcry","Offering","Warcry+1","Headbutt","Impervious","Clash+1","Rage+1","Pummel+1","Armaments+1","Dropkick","Pommel Strike+1","Madness","Madness","True Grit+1","Shrug It Off"],"max_hp_per_floor":[80,80,80,85,85,85,85,85,92,92,92,92,92,92,92,92,92,92,92,92,92,92,92,92,92,92,92,92,92,92,92,92,92,92,92,92,92,92,92,92,92,92,92,92,92,92,92,92,92],"relics":["Burning Blood","Bag of Preparation","Strawberry","Mummified Hand","Ectoplasm","Enchiridion","Ancient Tea Set","Bag of Marbles","Astrolabe","Centennial Puzzle","Ice Cream"],"card_choices":[{"not_picked":["Juggernaut","Corruption"],"picked":"Warcry"},{"not_picked":["Reckless Charge","Sword Boomerang"],"picked":"Rampage"},{"not_picked":["Pommel Strike","Searing Blow"],"picked":"Cleave"},{"not_picked":["Spot Weakness","Clothesline"],"picked":"Shrug It Off"},{"not_picked":["Anger","Clash"],"picked":"Headbutt"},{"not_picked":["Warcry","Fiend Fire"],"picked":"Cleave"},{"not_picked":["Berserk","Juggernaut"],"picked":"Barricade"},{"not_picked":["Bloodletting","True Grit"],"picked":"Iron Wave"},{"not_picked":["Perfected Strike","Dual Wield"],"picked":"Rampage"},{"not_picked":["Heavy Blade","Pummel"],"picked":"Warcry"},{"not_picked":["Whirlwind","Cleave"],"picked":"Offering"},{"not_picked":["Sever Soul","Twin Strike"],"picked":"Warcry"},{"not_picked":["Reckless Charge","Perfected Strike"],"picked":"Headbutt"},{"not_picked":["Fiend Fire","Offering"],"picked":"Impervious"},{"not_picked":["Twin Strike","Second Wind"],"picked":"Pummel"},{"not_picked":["Headbutt","Anger"],"picked":"Armaments"},{"not_picked":["Flex","Sword Boomerang"],"picked":"Dropkick"},{"not_picked":["Fire Breathing","Fiend Fire"],"picked":"Pommel Strike"},{"not_picked":["Flame Barrier","Thunderclap"],"picked":"True Grit"},{"not_picked":["Armaments","Brutality"],"picked":"Shrug It Off"}],"player_experience":11861,"potions_floor_usage":[16,16,18,24,33,33,33,45,48,48,50,50],"damage_taken":[{"damage":6,"enemies":"Cultist","floor":1,"turns":3},{"damage":1,"enemies":"Jaw Worm","floor":3,"turns":5},{"damage":11,"enemies":"Blue Slaver","floor":5,"turns":5},{"damage":6,"enemies":"Exordium Wildlife","floor":7,"turns":4},{"damage":9,"enemies":"2 Fungi Beasts","floor":8,"turns":2},{"damage":0,"enemies":"3 Louse","floor":10,"turns":2},{"damage":8,"enemies":"Red Slaver","floor":13,"turns":3},{"damage":32,"enemies":"Slime Boss","floor":16,"turns":8},{"damage":5,"enemies":"2 Thieves","floor":18,"turns":3},{"damage":16,"enemies":"Chosen","floor":20,"turns":4},{"damage":6,"enemies":"3 Cultists","floor":21,"turns":5},{"damage":36,"enemies":"Book of Stabbing","floor":24,"turns":6},{"damage":12,"enemies":"Slaver and Parasite","floor":28,"turns":6},{"damage":14,"enemies":"Snake Plant","floor":29,"turns":4},{"damage":23,"enemies":"Centurion and Healer","floor":31,"turns":3},{"damage":40,"enemies":"Automaton","floor":33,"turns":11},{"damage":3,"enemies":"3 Shapes","floor":35,"turns":5},{"damage":20,"enemies":"3 Darklings","floor":38,"turns":4},{"damage":8,"enemies":"Maw","floor":39,"turns":10},{"damage":14,"enemies":"4 Shapes","floor":41,"turns":6},{"damage":16,"enemies":"Sphere and 2 Shapes","floor":44,"turns":6},{"damage":27,"enemies":"Mysterious Sphere","floor":45,"turns":5},{"damage":25,"enemies":"Maw","floor":46,"turns":9},{"damage":4,"enemies":"3 Darklings","floor":48,"turns":5},{"damage":41,"enemies":"Donu and Deca","floor":50,"turns":7}],"event_choices":[{"event_name":"Scrap Ooze","player_choice":"success","floor":2,"damage_taken":12},{"event_name":"Big Fish","player_choice":"Donut","floor":4,"damage_taken":0},{"event_name":"Dead Adventurer","player_choice":"Searched \u00273\u0027 times","floor":11,"damage_taken":0},{"event_name":"Cursed Tome","player_choice":"Obtained Book","floor":19,"damage_taken":0},{"event_name":"Drug Dealer","player_choice":"Ignored","floor":22,"damage_taken":0},{"event_name":"Beggar","player_choice":"Gave Gold","floor":27,"damage_taken":0},{"event_name":"The Mausoleum","player_choice":"No","floor":30,"damage_taken":0},{"event_name":"Tomb of Lord Red Mask","player_choice":"Ignored","floor":36,"damage_taken":0},{"event_name":"The Woman in Blue","player_choice":"Bought 3 Potions","floor":37,"damage_taken":0},{"event_name":"Winding Halls","player_choice":"Embrace Madness","floor":42,"damage_taken":0},{"event_name":"Mysterious Sphere","player_choice":"Fight","floor":45,"damage_taken":0}],"boss_relics":[{"not_picked":["Snecko Eye","Runic Dome"],"picked":"Ectoplasm"},{"not_picked":["Eternal Feather","Black Blood"],"picked":"Astrolabe"}],"potions_floor_spawned":[1,3,10,13,16,21,24,28,29,44,45,46,48],"seed_played":"-3711136254090360037","killed_by":"Donu and Deca","ascension_level":0,"is_trial":false}