{"path_per_floor":["M","M","M","M","$","R","?","R","T","M","?","E","$","M","R","B",null,"M","?","?","?","M","E","?","R","T","R","T","M","M","$","R","B",null,"M","M","$","M","M","R","E","M","T","R","M","M","R","M","R","B"],"character_chosen":"DEFECT","items_purchased":["Self Repair","Auto Shields","Leap","Capacitor"],"gold_per_floor":[117,132,142,157,41,41,116,116,116,130,130,163,10,28,28,151,151,170,170,170,170,190,229,229,229,229,229,229,250,264,164,164,284,284,302,327,202,223,246,246,277,290,290,290,310,325,325,340,340,340],"floor_reached":51,"campfire_rested":3,"playtime":4635,"current_hp_per_floor":[65,59,54,50,50,50,39,39,39,46,46,37,37,37,37,28,75,75,75,75,75,65,42,42,64,64,64,64,50,51,51,51,35,75,41,58,58,65,65,65,30,36,36,58,50,50,50,50,72,56],"items_purged":["Injury","Strike_B","Normality"],"gold":340,"score":834,"play_id":"83346c3b-3011-4a94-ac88-82e95d0d7319","local_time":"20180428134308","is_prod":false,"is_daily":false,"chose_seed":false,"is_ascension_mode":true,"campfire_upgraded":7,"timestamp":1524937388,"path_taken":["M","?","M","M","$","R","?","R","T","M","?","E","?","M","R","BOSS","M","?","?","?","M","E","?","R","T","R","?","?","M","?","R","BOSS","M","M","$","?","M","R","E","M","T","R","M","M","R","M","R","BOSS"],"build_version":"2018-04-27v3","seed_source_timestamp":4476375561341432,"purchased_purges":3,"victory":true,"master_deck":["Strike_B","Strike_B","Strike_B","Defend_B","Defend_B","Defend_B","Defend_B","Zap","Dualcast","Ball Lightning+1","Ball Lightning","Storm+1","Machine Learning+1","Self Repair","Auto Shields+1","Cold Snap","Creative AI","Leap","Capacitor+1","Rebound","Reboot","Impulse+1","Defragment+1","White Noise","Seek","Writhe","Doubt","Cold Snap+1","Stack+1","Doubt","Regret","Leap","Defragment+1","Cold Snap","Cold Snap+1","Injury","Undo+1","Glacier+1","Hologram+1"],"max_hp_per_floor":[75,75,75,75,75,75,75,75,75,75,75,75,75,75,75,75,75,75,75,75,75,75,75,75,75,75,75,75,75,75,75,75,75,75,75,75,75,75,75,75,75,75,75,75,75,75,75,75,75,75],"relics":["Velvet Choker","Letter Opener","Golden Idol","Bronze Scales","Cursed Key","Anchor","Toolbox","Dream Catcher","Calling Bell","Lantern","Mummified Hand","Thread and Needle","Ancient Tea Set","Mercury Hourglass"],"card_choices":[{"not_picked":["Reinforced Body","Turbo"],"picked":"Ball Lightning","floor":1},{"not_picked":["Hologram","Axe Kick"],"picked":"Ball Lightning","floor":2},{"not_picked":["Darkness","Flux Capacitor"],"picked":"Storm","floor":3},{"not_picked":["Impulse","Rebound"],"picked":"Machine Learning","floor":4},{"not_picked":["Barrage","Ball Lightning"],"picked":"Cold Snap","floor":10},{"not_picked":["Static Discharge","Leap"],"picked":"Creative AI","floor":12},{"not_picked":["Storm","Static Discharge"],"picked":"Rebound","floor":14},{"not_picked":["Prime","Fission"],"picked":"Reboot","floor":16},{"not_picked":["Beam Cell","Leap"],"picked":"Impulse","floor":18},{"not_picked":["Rebound","Rip and Tear"],"picked":"White Noise","floor":22},{"not_picked":["Streamline","Undo"],"picked":"Seek","floor":23},{"not_picked":["Coolheaded","Reprogram"],"picked":"Cold Snap","floor":29},{"not_picked":["Ball Lightning","Sunder"],"picked":"Stack","floor":30},{"not_picked":["Skim","Static Discharge"],"picked":"Leap","floor":35},{"not_picked":["Hologram","Hello World"],"picked":"Defragment","floor":36},{"not_picked":["Rebound","Sunder"],"picked":"Cold Snap","floor":38},{"not_picked":["Impulse","Reprogram"],"picked":"Cold Snap","floor":42},{"not_picked":["Skim","Aggregate"],"picked":"Undo","floor":44},{"not_picked":["Skim","Coolheaded"],"picked":"Glacier","floor":46},{"not_picked":["Cold Snap","Steam Power"],"picked":"Hologram","floor":49}],"player_experience":28406,"potions_floor_usage":[16,23,33,50,50,50],"damage_taken":[{"damage":10,"enemies":"Cultist","floor":1,"turns":4},{"damage":6,"enemies":"Jaw Worm","floor":2,"turns":3},{"damage":5,"enemies":"Small Slimes","floor":3,"turns":2},{"damage":4,"enemies":"Exordium Wildlife","floor":4,"turns":3},{"damage":0,"enemies":"Looter","floor":10,"turns":3},{"damage":16,"enemies":"Gremlin Nob","floor":12,"turns":4},{"damage":7,"enemies":"Blue Slaver","floor":14,"turns":3},{"damage":9,"enemies":"Slime Boss","floor":16,"turns":5},{"damage":0,"enemies":"Chosen","floor":18,"turns":3},{"damage":10,"enemies":"3 Byrds","floor":22,"turns":3},{"damage":30,"enemies":"Book of Stabbing","floor":23,"turns":4},{"damage":14,"enemies":"Centurion and Healer","floor":29,"turns":4},{"damage":6,"enemies":"Cultist and Chosen","floor":30,"turns":4},{"damage":23,"enemies":"Champ","floor":33,"turns":11},{"damage":41,"enemies":"3 Darklings","floor":35,"turns":5},{"damage":0,"enemies":"3 Shapes","floor":36,"turns":4},{"damage":0,"enemies":"Sphere and 2 Shapes","floor":38,"turns":4},{"damage":0,"enemies":"Flame Bruiser 2 Orb","floor":39,"turns":5},{"damage":42,"enemies":"2 Orb Walkers","floor":41,"turns":5},{"damage":1,"enemies":"3 Darklings","floor":42,"turns":4},{"damage":15,"enemies":"4 Shapes","floor":45,"turns":3},{"damage":0,"enemies":"Sphere and 2 Shapes","floor":46,"turns":3},{"damage":0,"enemies":"Flame Bruiser 2 Orb","floor":48,"turns":3},{"damage":16,"enemies":"Awakened One","floor":50,"turns":14}],"event_choices":[{"event_name":"World of Goop","player_choice":"Gather Gold","floor":7,"damage_taken":0},{"event_name":"Golden Idol","player_choice":"Take Wound","floor":11,"damage_taken":0},{"event_name":"Vampires","player_choice":"Ignored","floor":19,"damage_taken":0},{"event_name":"Accursed Blacksmith","player_choice":"Forge","floor":20,"damage_taken":0},{"event_name":"The Library","player_choice":"Read","floor":21,"damage_taken":0},{"event_name":"The Mausoleum","player_choice":"Yes","floor":24,"damage_taken":0}],"boss_relics":[{"not_picked":["Runic Dome","Tiny House"],"picked":"Cursed Key"},{"not_picked":["Inserter","Snecko Eye"],"picked":"Calling Bell"}],"potions_floor_spawned":[1,3,14,16,18,22,23,36,39,41,42,46],"seed_played":"2922782557748986526","ascension_level":1,"is_trial":false}