{"gold_per_floor":[109,124,134,134,64,64,99,113,113,142,142,160,192,192,192,296,296,307,318,92,92,7,7,17,17,17,17,48,64,64],"floor_reached":30,"playtime":1808,"items_purged":["Strike_B"],"score":493,"play_id":"3f65d986-6b70-4834-a704-e2421a38c1ee","local_time":"20190513143246","is_ascension_mode":true,"campfire_choices":[{"data":"Doom and Gloom","floor":6.0,"key":"SMITH"},{"floor":11.0,"key":"REST"},{"data":"Sweeping Beam","floor":15.0,"key":"SMITH"},{"floor":23,"key":"REST"},{"data":"Rainbow","floor":25,"key":"SMITH"},{"data":"Streamline","floor":27,"key":"SMITH"}],"neow_cost":"NONE","seed_source_timestamp":764272106023747,"circlet_count":0,"master_deck":["AscendersBane","Strike_B","Defend_B","Defend_B","Defend_B","Defend_B","Zap","Dualcast","Rainbow+1","Go for the Eyes","Sweeping Beam+1","Stack","Doom and Gloom+1","Defragment","Hologram","Ball Lightning","Electrodynamics+1","Amplify","Defragment+1","Streamline+1","Coolheaded","Streamline","Static Discharge+1"],"special_seed":0,"relics":["Cracked Core","Blue Candle","Frozen Egg 2","Pantograph","Bottled Flame","Snecko Eye","Regal Pillow","Singing Bowl","Ornamental Fan","Centennial Puzzle"],"potions_floor_usage":[28,29],"damage_taken":[{"damage":0.0,"enemies":"2 Louse","floor":1.0,"turns":3.0},{"damage":0.0,"enemies":"Cultist","floor":2.0,"turns":4.0},{"damage":7.0,"enemies":"Jaw Worm","floor":3.0,"turns":4.0},{"damage":16.0,"enemies":"Lagavulin","floor":7.0,"turns":5.0},{"damage":11.0,"enemies":"Looter","floor":8.0,"turns":4.0},{"damage":16.0,"enemies":"3 Sentries","floor":10.0,"turns":4.0},{"damage":7.0,"enemies":"2 Fungi Beasts","floor":12.0,"turns":3.0},{"damage":8.0,"enemies":"Gremlin Nob","floor":13.0,"turns":3.0},{"damage":0.0,"enemies":"Slime Boss","floor":16.0,"turns":5.0},{"damage":34,"enemies":"Shell Parasite","floor":18,"turns":7},{"damage":0,"enemies":"Spheric Guardian","floor":19,"turns":2},{"damage":12,"enemies":"Snecko","floor":24,"turns":4},{"damage":36,"enemies":"Book of Stabbing","floor":28,"turns":6},{"damage":1,"enemies":"Centurion and Healer","floor":29,"turns":6},{"damage":11,"enemies":"Shelled Parasite and Fungi","floor":30,"turns":1}],"seed_played":"382703591722889792","potions_obtained":[{"floor":1.0,"key":"Explosive Potion"},{"floor":7.0,"key":"Strength Potion"},{"floor":10.0,"key":"AttackPotion"},{"floor":16.0,"key":"Dexterity Potion"},{"floor":19,"key":"Strength Potion"},{"floor":28,"key":"PowerPotion"}],"is_trial":false,"path_per_floor":["M","M","M","?","$","R","E","M","T","E","R","M","E","?","R","B",null,"M","M","$","?","?","R","M","R","T","R","E","M","M"],"character_chosen":"DEFECT","items_purchased":["Doom and Gloom","Regal Pillow"],"campfire_rested":2,"item_purchase_floors":[5,20],"current_hp_per_floor":[68,68,61,61,61,61,45,34,34,18,40,33,25,18,18,43,67,33,33,33,19,19,58,46,46,46,46,10,9,0],"gold":64,"neow_bonus":"ONE_RANDOM_RARE_CARD","is_prod":false,"is_daily":false,"chose_seed":false,"campfire_upgraded":4,"win_rate":0,"timestamp":1557772366,"path_taken":["M","M","M","?","$","R","E","M","T","E","R","?","E","?","R","BOSS","M","M","$","?","?","R","M","R","T","R","E","M","M"],"build_version":"2019-01-23","purchased_purges":1,"victory":false,"max_hp_per_floor":[75,75,75,75,75,75,75,75,75,75,75,75,75,75,75,75,75,75,75,75,80,80,80,80,80,80,80,80,80,80],"card_choices":[{"not_picked":["Rebound","Hello World"],"picked":"Go for the Eyes","floor":1.0},{"not_picked":["Leap","Steam"],"picked":"Sweeping Beam","floor":2.0},{"not_picked":["Consume","Gash"],"picked":"Stack","floor":3.0},{"not_picked":["Gash","Doom and Gloom"],"picked":"Defragment","floor":7.0},{"not_picked":["Coolheaded","Conserve Battery"],"picked":"Hologram","floor":8.0},{"not_picked":["BootSequence","Coolheaded"],"picked":"Ball Lightning","floor":10.0},{"not_picked":["Sunder","Barrage","Recycle"],"picked":"SKIP","floor":12.0},{"not_picked":["Redo","BootSequence"],"picked":"Electrodynamics+1","floor":13.0},{"not_picked":["Meteor Strike","Rainbow"],"picked":"Amplify","floor":16.0},{"not_picked":["Steam+1","Consume+1"],"picked":"Defragment+1","floor":18},{"not_picked":["Gash","Aggregate"],"picked":"Streamline","floor":19},{"not_picked":["Go for the Eyes","Auto Shields+1"],"picked":"Coolheaded","floor":24},{"not_picked":["Lockon","Static Discharge+1"],"picked":"Streamline","floor":28},{"not_picked":["Barrage","Turbo"],"picked":"Static Discharge+1","floor":29}],"player_experience":581746,"relics_obtained":[{"floor":7.0,"key":"Blue Candle"},{"floor":9.0,"key":"Frozen Egg 2"},{"floor":10.0,"key":"Pantograph"},{"floor":13.0,"key":"Bottled Flame"},{"floor":26,"key":"Ornamental Fan"},{"floor":28,"key":"Centennial Puzzle"}],"event_choices":[{"cards_removed":["Strike_B"],"damage_healed":0.0,"max_hp_gain":0.0,"max_hp_loss":0.0,"gold_gain":0.0,"event_name":"Bonfire Elementals","player_choice":"Offered Basic","floor":4.0,"gold_loss":0.0,"damage_taken":0.0},{"cards_removed":["Strike_B"],"damage_healed":0.0,"max_hp_gain":0.0,"max_hp_loss":0.0,"gold_gain":0.0,"event_name":"Golden Wing","player_choice":"Card Removal","floor":14.0,"gold_loss":0.0,"damage_taken":7.0},{"damage_healed":0,"gold_gain":0,"player_choice":"Shed Blood","damage_taken":19,"max_hp_gain":5,"max_hp_loss":0,"event_name":"Forgotten Altar","floor":21,"gold_loss":0},{"damage_healed":0,"gold_gain":0,"player_choice":"Obtained Relic","damage_taken":0,"relics_obtained":["Singing Bowl"],"max_hp_gain":0,"max_hp_loss":0,"event_name":"Addict","floor":22,"gold_loss":85}],"is_beta":false,"boss_relics":[{"not_picked":["Black Star","FrozenCore"],"picked":"Snecko Eye"}],"items_purged_floors":[20],"is_endless":false,"potions_floor_spawned":[1,7,10,12,16,19,28],"killed_by":"Shelled Parasite and Fungi","ascension_level":11}