{"gold_per_floor":[113,113,125,140,154,154,166,185,185,185,200,220,146,146,146,146],"floor_reached":16,"playtime":1243,"items_purged":[],"score":154,"play_id":"5b22bdda-af70-449e-bb8c-fd7f9fea2838","local_time":"20190503124614","is_ascension_mode":true,"campfire_choices":[{"data":"Neutralize","floor":6,"key":"SMITH"},{"floor":10,"key":"REST"},{"data":"Cloak And Dagger","floor":15,"key":"SMITH"}],"neow_cost":"NONE","seed_source_timestamp":5095995911783626,"circlet_count":0,"master_deck":["AscendersBane","Defend_G","Defend_G","Defend_G","Defend_G","Defend_G","Strike_G","Strike_G","Strike_G","Strike_G","Strike_G","Survivor","Neutralize+1","Cloak And Dagger+1","PiercingWail","Backstab","Well Laid Plans","Caltrops","Flying Knee","Caltrops"],"relics":["Ring of the Snake","Lantern","Blood Vial"],"potions_floor_usage":[4,16,16],"damage_taken":[{"damage":0,"enemies":"2 Louse","floor":1,"turns":3},{"damage":3,"enemies":"Cultist","floor":3,"turns":5},{"damage":0,"enemies":"Small Slimes","floor":4,"turns":5},{"damage":8,"enemies":"Blue Slaver","floor":5,"turns":6},{"damage":26,"enemies":"Gremlin Gang","floor":7,"turns":9},{"damage":0,"enemies":"3 Louse","floor":8,"turns":4},{"damage":0,"enemies":"Blue Slaver","floor":11,"turns":5},{"damage":12,"enemies":"Exordium Wildlife","floor":12,"turns":5},{"damage":46,"enemies":"Slime Boss","floor":16,"turns":10}],"seed_played":"6109211282781753225","potions_obtained":[{"floor":3,"key":"Fruit Juice"},{"floor":4,"key":"Energy Potion"},{"floor":8,"key":"Weak Potion"}],"is_trial":false,"path_per_floor":["M","?","M","M","M","R","M","M","T","R","M","M","$","$","R","B"],"character_chosen":"THE_SILENT","items_purchased":["Caltrops"],"campfire_rested":1,"item_purchase_floors":[13],"current_hp_per_floor":[63,63,60,65,57,57,31,31,31,53,55,45,45,45,45,1],"gold":146,"neow_bonus":"RANDOM_COMMON_RELIC","is_prod":false,"is_daily":false,"chose_seed":false,"campfire_upgraded":2,"win_rate":0,"timestamp":1556901974,"path_taken":["M","?","M","M","M","R","M","M","T","R","M","M","?","$","R","BOSS"],"build_version":"2019-01-23","purchased_purges":0,"victory":false,"max_hp_per_floor":[70,70,70,75,75,75,75,75,75,75,75,75,75,75,75,75],"card_choices":[{"not_picked":["Dodge and Roll","Deflect"],"picked":"Cloak And Dagger","floor":1},{"not_picked":["Outmaneuver","Tactician"],"picked":"PiercingWail","floor":3},{"not_picked":["Dodge and Roll","Escape Plan"],"picked":"Backstab","floor":4},{"not_picked":["Escape Plan","Cloak And Dagger"],"picked":"Well Laid Plans","floor":5},{"not_picked":["Storm of Steel","Underhanded Strike","Dagger Throw"],"picked":"SKIP","floor":7},{"not_picked":["Finisher","Well Laid Plans"],"picked":"Caltrops","floor":8},{"not_picked":["Calculated Gamble","Dodge and Roll","Flechettes"],"picked":"SKIP","floor":11},{"not_picked":["PiercingWail","Dodge and Roll"],"picked":"Flying Knee","floor":12}],"player_experience":265845,"relics_obtained":[{"floor":9,"key":"Blood Vial"}],"event_choices":[{"damage_healed":0,"gold_gain":0,"player_choice":"Bought 0 Potions","damage_taken":0,"max_hp_gain":0,"max_hp_loss":0,"event_name":"The Woman in Blue","floor":2,"gold_loss":0}],"is_beta":false,"boss_relics":[],"items_purged_floors":[],"is_endless":false,"potions_floor_spawned":[3,4,8,12],"killed_by":"Slime Boss","ascension_level":12}