{"gold_per_floor":[110,130,149,10,10,10,37,37,37,65,76,76,76,106,106,180,180,194,218,143,58,68,98,98,128,179,179,189,72,172,172,172,246,246,259,277,277,177,177,67,67,93,93,126,156,156,31,57,57,57,57,57,57,85,85],"floor_reached":56,"playtime":3749,"items_purged":["Strike_R","Wild Strike","Defend_R"],"score":2154,"play_id":"1e9a5c69-6051-47b8-901d-5549242b1f2c","local_time":"20190525195257","is_ascension_mode":true,"campfire_choices":[{"data":"Inflame","floor":6,"key":"SMITH"},{"data":"Bash","floor":12,"key":"SMITH"},{"data":"Offering","floor":15,"key":"SMITH"},{"data":"True Grit","floor":24,"key":"SMITH"},{"data":"True Grit","floor":27,"key":"SMITH"},{"data":"Limit Break","floor":32,"key":"SMITH"},{"floor":46,"key":"RECALL"},{"data":"Feel No Pain","floor":49,"key":"SMITH"},{"data":"Feel No Pain","floor":52,"key":"SMITH"}],"neow_cost":"NONE","seed_source_timestamp":497924679962621,"circlet_count":0,"master_deck":["AscendersBane","Strike_R","Strike_R","Strike_R","Defend_R","Defend_R","Defend_R","Bash+1","Inflame+1","Shrug It Off","Offering+1","Reaper","Headbutt","Spot Weakness","Offering","Second Wind+1","True Grit+1","Armaments","True Grit+1","Feel No Pain+1","Sentinel","Limit Break+1","Limit Break","True Grit+1","Purity","Finesse","PanicButton","Feel No Pain+1","Seeing Red+1","Armaments+1","Burning Pact+1"],"relics":["Burning Blood","Ice Cream","Red Skull","Bird Faced Urn","Self Forming Clay","Question Card","StoneCalendar","Runic Pyramid","Anchor","Boot","Orichalcum","Bag of Preparation","WingedGreaves","Sundial","Matryoshka","Philosopher\u0027s Stone","Prayer Wheel","Pantograph","Art of War","Dream Catcher","Toxic Egg 2","War Paint","FossilizedHelix"],"potions_floor_usage":[55,55,55,55],"damage_taken":[{"damage":1,"enemies":"Cultist","floor":1,"turns":4},{"damage":12,"enemies":"Jaw Worm","floor":2,"turns":3},{"damage":7,"enemies":"2 Louse","floor":3,"turns":3},{"damage":26,"enemies":"Lagavulin","floor":7,"turns":7},{"damage":33,"enemies":"3 Sentries","floor":10,"turns":7},{"damage":20,"enemies":"Red Slaver","floor":11,"turns":2},{"damage":6,"enemies":"Gremlin Nob","floor":14,"turns":2},{"damage":21,"enemies":"The Guardian","floor":16,"turns":8},{"damage":29,"enemies":"2 Thieves","floor":18,"turns":3},{"damage":12,"enemies":"Spheric Guardian","floor":22,"turns":3},{"damage":44,"enemies":"Gremlin Leader","floor":23,"turns":7},{"damage":33,"enemies":"Book of Stabbing","floor":25,"turns":7},{"damage":12,"enemies":"Cultist and Chosen","floor":28,"turns":6},{"damage":12,"enemies":"Colosseum Slavers","floor":30,"turns":3},{"damage":12,"enemies":"Colosseum Nobs","floor":30,"turns":5},{"damage":51,"enemies":"Collector","floor":33,"turns":7},{"damage":1,"enemies":"3 Shapes","floor":35,"turns":6},{"damage":19,"enemies":"3 Darklings","floor":36,"turns":3},{"damage":12,"enemies":"Giant Head","floor":42,"turns":5},{"damage":9,"enemies":"Nemesis","floor":44,"turns":5},{"damage":12,"enemies":"Giant Head","floor":45,"turns":6},{"damage":56,"enemies":"Reptomancer","floor":48,"turns":6},{"damage":47,"enemies":"Awakened One","floor":50,"turns":6},{"damage":44,"enemies":"Shield and Spear","floor":54,"turns":5},{"damage":98,"enemies":"The Heart","floor":55,"turns":7}],"seed_played":"6751281398759203483","potions_obtained":[{"floor":0,"key":"AttackPotion"},{"floor":0,"key":"LiquidBronze"},{"floor":14,"key":"EssenceOfSteel"},{"floor":36,"key":"SteroidPotion"},{"floor":41,"key":"EntropicBrew"},{"floor":54,"key":"Swift Potion"}],"is_trial":false,"path_per_floor":["M","M","M","$","?","R","E","?","T","E","M","R","?","E","R","B",null,"M","T","$","?","M","E","R","E","T","R","M","$","?","T","R","B",null,"M","M","?","$","?","$","?","E","T","E","E","R","$","E","R","B",null,"R","$","E","B",null],"character_chosen":"IRONCLAD","items_purchased":["Offering","Feel No Pain","Sentinel","Feel No Pain","Seeing Red"],"campfire_rested":0,"item_purchase_floors":[4,29,29,40,40],"current_hp_per_floor":[73,67,66,66,59,59,39,21,21,26,24,24,24,24,24,30,64,73,73,73,73,75,75,75,75,75,75,75,75,75,75,75,75,75,75,75,65,65,65,65,65,75,75,75,75,75,75,75,75,75,75,75,75,75,39],"gold":85,"neow_bonus":"THREE_SMALL_POTIONS","is_prod":false,"is_daily":false,"chose_seed":false,"campfire_upgraded":8,"win_rate":0,"timestamp":1558828377,"path_taken":["M","M","M","$","?","R","E","?","T","E","M","R","?","E","R","BOSS","M","?","$","?","M","E","R","E","T","R","M","$","?","?","R","BOSS","M","M","?","$","?","$","?","E","T","E","E","R","$","E","R","BOSS","R","$","E","BOSS"],"build_version":"2019-01-23","purchased_purges":3,"victory":true,"max_hp_per_floor":[75,75,75,75,75,75,75,75,75,75,75,75,75,75,75,75,75,75,75,75,75,75,75,75,75,75,75,75,75,75,75,75,75,75,75,75,75,75,75,75,75,75,75,75,75,75,75,75,75,75,75,75,75,75,75],"card_choices":[{"not_picked":["Clash","Shrug It Off"],"picked":"Wild Strike","floor":1},{"not_picked":["Wild Strike","Heavy Blade"],"picked":"Inflame","floor":2},{"not_picked":["Bloodletting","Flex"],"picked":"Shrug It Off","floor":3},{"not_picked":["Corruption","Reckless Charge"],"picked":"Reaper","floor":7},{"not_picked":["Havoc","Wild Strike"],"picked":"Headbutt","floor":10},{"not_picked":["Body Slam","Rupture","Anger"],"picked":"SKIP","floor":11},{"not_picked":["Second Wind","Armaments","Wild Strike"],"picked":"Spot Weakness","floor":14},{"not_picked":["Dark Embrace","Juggernaut","Exhume"],"picked":"Offering","floor":16},{"not_picked":["Clash","Heavy Blade","Flex"],"picked":"Second Wind","floor":18},{"not_picked":["Iron Wave","Rupture+1","Demon Form"],"picked":"True Grit","floor":22},{"not_picked":["Sword Boomerang","Evolve","Perfected Strike"],"picked":"Armaments","floor":23},{"not_picked":["Flex","Bludgeon","Cleave"],"picked":"True Grit","floor":25},{"not_picked":["True Grit","Flex","Fire Breathing","Clothesline"],"picked":"SKIP","floor":28},{"not_picked":["Havoc","Sever Soul","Warcry"],"picked":"Limit Break","floor":30},{"not_picked":["Berserk","Impervious","Fiend Fire"],"picked":"Limit Break","floor":33},{"not_picked":["Havoc","Blood for Blood","Warcry","Twin Strike+1"],"picked":"SKIP","floor":35},{"not_picked":["Sword Boomerang+1","Flex","Wild Strike"],"picked":"True Grit+1","floor":36},{"not_picked":["PanicButton","Master of Strategy","Panache"],"picked":"Purity","floor":37},{"not_picked":["PanicButton","Good Instincts","Blind"],"picked":"Finesse","floor":37},{"not_picked":["Bandage Up","Good Instincts","Enlightenment"],"picked":"PanicButton","floor":37},{"not_picked":["Demon Form","Hemokinesis","Wild Strike","Ghostly Armor"],"picked":"SKIP","floor":42},{"not_picked":["Demon Form","Hemokinesis","Wild Strike","Ghostly Armor"],"picked":"SKIP","floor":42},{"not_picked":["Demon Form","Hemokinesis","Wild Strike","Ghostly Armor"],"picked":"SKIP","floor":42},{"not_picked":["Thunderclap+1","Intimidate","Second Wind+1","Pommel Strike+1"],"picked":"SKIP","floor":44},{"not_picked":["Intimidate","Rampage","Flex"],"picked":"Armaments+1","floor":45},{"not_picked":["Shockwave+1","Rage+1","Spot Weakness+1"],"picked":"Burning Pact+1","floor":48},{"not_picked":["Searing Blow","Immolate","Berserk","Ghostly Armor+1"],"picked":"SKIP","floor":54}],"player_experience":1339517,"relics_obtained":[{"floor":7,"key":"Ice Cream"},{"floor":9,"key":"Bird Faced Urn"},{"floor":10,"key":"Self Forming Clay"},{"floor":14,"key":"StoneCalendar"},{"floor":19,"key":"Anchor"},{"floor":23,"key":"Orichalcum"},{"floor":25,"key":"Bag of Preparation"},{"floor":30,"key":"WingedGreaves"},{"floor":30,"key":"Sundial"},{"floor":31,"key":"Matryoshka"},{"floor":42,"key":"Prayer Wheel"},{"floor":43,"key":"Pantograph"},{"floor":43,"key":"Art of War"},{"floor":44,"key":"Dream Catcher"},{"floor":45,"key":"Toxic Egg 2"},{"floor":48,"key":"War Paint"},{"floor":54,"key":"FossilizedHelix"}],"event_choices":[{"cards_removed":["Strike_R"],"damage_healed":0,"gold_gain":0,"player_choice":"Card Removal","damage_taken":7,"max_hp_gain":0,"max_hp_loss":0,"event_name":"Golden Wing","floor":5,"gold_loss":0},{"damage_healed":0,"gold_gain":0,"player_choice":"Success","damage_taken":18,"relics_obtained":["Red Skull"],"max_hp_gain":0,"max_hp_loss":0,"event_name":"Scrap Ooze","floor":8,"gold_loss":0},{"damage_healed":0,"gold_gain":0,"player_choice":"Gave Potion","damage_taken":0,"relics_obtained":["Question Card"],"max_hp_gain":0,"max_hp_loss":0,"event_name":"WeMeetAgain","floor":13,"gold_loss":0},{"damage_healed":0,"gold_gain":0,"player_choice":"Obtained Relic","damage_taken":0,"relics_obtained":["Boot"],"max_hp_gain":0,"max_hp_loss":0,"event_name":"Addict","floor":21,"gold_loss":85},{"damage_healed":0,"gold_gain":0,"player_choice":"Fight","damage_taken":0,"max_hp_gain":0,"max_hp_loss":0,"event_name":"Colosseum","floor":30,"gold_loss":0},{"damage_healed":0,"gold_gain":0,"player_choice":"Fought Nobs","damage_taken":0,"max_hp_gain":0,"max_hp_loss":0,"event_name":"Colosseum","floor":30,"gold_loss":0},{"damage_healed":0,"gold_gain":0,"player_choice":"Memory 3","damage_taken":10,"max_hp_gain":0,"max_hp_loss":0,"event_name":"SensoryStone","floor":37,"gold_loss":0},{"damage_healed":0,"gold_gain":0,"player_choice":"Ignored","damage_taken":0,"max_hp_gain":0,"max_hp_loss":0,"event_name":"Tomb of Lord Red Mask","floor":39,"gold_loss":0},{"damage_healed":0,"gold_gain":0,"player_choice":"Got Potions","damage_taken":0,"max_hp_gain":0,"max_hp_loss":0,"event_name":"Lab","floor":41,"gold_loss":0}],"is_beta":false,"boss_relics":[{"not_picked":["Black Star","Velvet Choker"],"picked":"Runic Pyramid"},{"not_picked":["Lizard Tail","Runic Dome"],"picked":"Philosopher\u0027s Stone"}],"items_purged_floors":[20,38,47],"is_endless":false,"potions_floor_spawned":[10,14,16,23,25,30,36,48,54],"ascension_level":15}