{"gold_per_floor":[119,119,119,137,137,149,189,216,298,320,345,2,35,55,55,132,132,144,164,180,180,44,44,9,27,27,27,50,69,69,89,89,89],"floor_reached":33,"playtime":1430,"items_purged":["Strike_R"],"score":503,"play_id":"7ebdec10-24d9-4364-8532-c761e7b250a9","local_time":"20190525112323","is_ascension_mode":true,"campfire_choices":[{"data":"Bash","floor":6,"key":"SMITH"},{"data":"Uppercut","floor":15,"key":"SMITH"},{"floor":23,"key":"REST"},{"data":"True Grit","floor":27,"key":"SMITH"},{"floor":30,"key":"REST"},{"floor":32,"key":"REST"}],"neow_cost":"NONE","seed_source_timestamp":469690862479044,"circlet_count":0,"master_deck":["AscendersBane","Defend_R","Defend_R","Defend_R","Defend_R","Bash+1","Clothesline","Sword Boomerang","Reckless Charge","Anger","Battle Trance","Feed","Uppercut+1","Armaments","Demon Form","Heavy Blade","Headbutt","True Grit+1","Clothesline","Immolate","Flame Barrier","Sentinel","True Grit","Sentinel"],"relics":["Burning Blood","MawBank","Dream Catcher","Paper Frog","Pear","White Beast Statue","Bottled Lightning"],"potions_floor_usage":[10,16,18,19,19,20,29,31,33],"damage_taken":[{"damage":9,"enemies":"Jaw Worm","floor":1,"turns":4},{"damage":3,"enemies":"2 Louse","floor":4,"turns":4},{"damage":36,"enemies":"Lagavulin","floor":7,"turns":7},{"damage":0,"enemies":"Small Slimes","floor":8,"turns":2},{"damage":10,"enemies":"Gremlin Gang","floor":10,"turns":4},{"damage":11,"enemies":"Exordium Wildlife","floor":11,"turns":4},{"damage":2,"enemies":"Gremlin Nob","floor":13,"turns":3},{"damage":9,"enemies":"Red Slaver","floor":14,"turns":4},{"damage":43,"enemies":"The Guardian","floor":16,"turns":9},{"damage":29,"enemies":"3 Byrds","floor":18,"turns":8},{"damage":17,"enemies":"2 Thieves","floor":19,"turns":4},{"damage":67,"enemies":"Shelled Parasite and Fungi","floor":20,"turns":8},{"damage":20,"enemies":"Centurion and Healer","floor":25,"turns":8},{"damage":30,"enemies":"Cultist and Chosen","floor":29,"turns":7},{"damage":12,"enemies":"Snake Plant","floor":31,"turns":3},{"damage":88,"enemies":"Automaton","floor":33,"turns":6}],"seed_played":"-4644740873697377505","potions_obtained":[{"floor":4,"key":"BloodPotion"},{"floor":8,"key":"Fire Potion"},{"floor":13,"key":"Strength Potion"},{"floor":16,"key":"BloodPotion"},{"floor":18,"key":"SteroidPotion"},{"floor":19,"key":"BloodPotion"},{"floor":20,"key":"Strength Potion"},{"floor":25,"key":"SpeedPotion"},{"floor":29,"key":"FearPotion"},{"floor":31,"key":"FearPotion"}],"is_trial":false,"path_per_floor":["M","?","?","M","?","R","E","M","T","M","M","$","E","M","R","B",null,"M","M","M","?","$","R","$","M","T","R","T","M","R","M","R","B"],"character_chosen":"IRONCLAD","items_purchased":["Strength Potion","Battle Trance","Feed","Uppercut","Immolate","Flame Barrier"],"campfire_rested":3,"item_purchase_floors":[12,12,12,12,22,24],"current_hp_per_floor":[65,70,63,66,66,66,36,42,42,38,33,33,50,51,51,17,79,70,62,16,16,16,49,49,39,39,39,39,15,49,46,81,0],"gold":89,"neow_bonus":"REMOVE_CARD","is_prod":false,"is_daily":false,"chose_seed":false,"campfire_upgraded":3,"win_rate":0,"timestamp":1558797803,"path_taken":["M","?","?","M","?","R","E","?","T","M","M","$","E","M","R","BOSS","M","M","M","?","$","R","$","M","T","R","?","M","R","M","R","BOSS"],"build_version":"2019-01-23","purchased_purges":1,"victory":false,"max_hp_per_floor":[75,80,80,80,80,80,80,80,80,80,80,80,93,97,97,100,100,104,107,111,111,111,111,111,115,115,115,115,115,115,118,118,118],"card_choices":[{"not_picked":["Headbutt","Perfected Strike"],"picked":"Clothesline","floor":1},{"not_picked":["Dual Wield","Armaments"],"picked":"Sword Boomerang","floor":4},{"not_picked":["Seeing Red","Dual Wield"],"picked":"Reckless Charge","floor":7},{"not_picked":["Warcry","Brutality","Evolve"],"picked":"SKIP","floor":8},{"not_picked":["Burning Pact","Second Wind"],"picked":"Anger","floor":10},{"not_picked":["Heavy Blade","Carnage","Perfected Strike"],"picked":"SKIP","floor":11},{"not_picked":["Heavy Blade","Flex"],"picked":"Armaments","floor":13},{"not_picked":["Anger","Havoc","Seeing Red"],"picked":"SKIP","floor":14},{"not_picked":["Barricade","Reaper"],"picked":"Demon Form","floor":16},{"not_picked":["Anger","Seeing Red"],"picked":"Heavy Blade","floor":18},{"not_picked":["Clash","Warcry","Body Slam"],"picked":"SKIP","floor":19},{"not_picked":["Pommel Strike","Twin Strike"],"picked":"Headbutt","floor":20},{"not_picked":["Anger+1","Warcry","Sever Soul"],"picked":"SKIP","floor":25},{"not_picked":["Sever Soul","Rupture"],"picked":"Sentinel","floor":29},{"not_picked":["Reckless Charge","Havoc"],"picked":"True Grit","floor":30},{"not_picked":["Havoc","Thunderclap"],"picked":"Sentinel","floor":31}],"player_experience":1325333,"relics_obtained":[{"floor":7,"key":"Dream Catcher"},{"floor":9,"key":"Paper Frog"},{"floor":13,"key":"Pear"},{"floor":26,"key":"Bottled Lightning"}],"event_choices":[{"damage_healed":0,"gold_gain":0,"player_choice":"Donut","damage_taken":0,"max_hp_gain":5,"max_hp_loss":0,"event_name":"Big Fish","floor":2,"gold_loss":0},{"cards_removed":["Strike_R"],"damage_healed":0,"gold_gain":0,"player_choice":"Card Removal","damage_taken":7,"max_hp_gain":0,"max_hp_loss":0,"event_name":"Golden Wing","floor":3,"gold_loss":0},{"damage_healed":0,"gold_gain":0,"player_choice":"Gave Potion","damage_taken":0,"relics_obtained":["MawBank"],"max_hp_gain":0,"max_hp_loss":0,"event_name":"WeMeetAgain","floor":5,"gold_loss":0},{"damage_healed":0,"gold_gain":0,"cards_transformed":["Strike_R","Strike_R"],"player_choice":"Became Test Subject","damage_taken":0,"max_hp_gain":0,"max_hp_loss":0,"event_name":"Drug Dealer","floor":21,"gold_loss":0,"cards_obtained":["True Grit","Clothesline"]}],"is_beta":false,"boss_relics":[{"not_picked":["Pandora\u0027s Box","Lizard Tail"],"picked":"White Beast Statue"}],"items_purged_floors":[12],"is_endless":false,"potions_floor_spawned":[4,8,13,14,16,18,19,20,25,29,31],"killed_by":"Automaton","ascension_level":15}