{"gold_per_floor":[113,113,123,123,134,134,164,178,178,213,223,223,24,52,52,157,157,169,169,182,182,192,223,223,27,27,27,27,27,59,75,75,75],"floor_reached":33,"playtime":2249,"items_purged":["Strike_R"],"score":328,"play_id":"8812d240-b24b-43ce-ad7b-b99ec2e5a181","local_time":"20190407165615","is_ascension_mode":false,"campfire_choices":[{"data":"Carnage","floor":6,"key":"SMITH"},{"data":"Brutality","floor":12,"key":"SMITH"},{"data":"Carnage","floor":15,"key":"SMITH"},{"floor":24,"key":"REST"},{"data":"Secret Weapon","floor":28,"key":"SMITH"},{"data":"Dark Embrace","floor":32,"key":"SMITH"}],"neow_cost":"NONE","seed_source_timestamp":2863637332774848,"circlet_count":0,"master_deck":["Strike_R","Strike_R","Strike_R+1","Defend_R","Defend_R","Defend_R","Defend_R","Bash","Inflame+1","Carnage+1","Brutality+1","Inflame","Anger","Bloodletting","Forethought","Carnage+1","Feed","Dark Embrace+1","Intimidate","Disarm","Anger+1","Reckless Charge+1","Spot Weakness","Secret Weapon+1","Secret Weapon+1","Headbutt+1"],"relics":["Burning Blood","Gremlin Horn","Pocketwatch","Mango","Happy Flower","Potion Belt","Mark of Pain","Kunai","Molten Egg 2","Toxic Egg 2","Regal Pillow"],"potions_floor_usage":[7,7,16,16,23,33,33],"damage_taken":[{"damage":9,"enemies":"2 Louse","floor":1,"turns":3},{"damage":0,"enemies":"Small Slimes","floor":3,"turns":3},{"damage":8,"enemies":"Jaw Worm","floor":5,"turns":3},{"damage":26,"enemies":"Gremlin Nob","floor":7,"turns":4},{"damage":8,"enemies":"Red Slaver","floor":8,"turns":4},{"damage":29,"enemies":"Lagavulin","floor":10,"turns":5},{"damage":9,"enemies":"Blue Slaver","floor":11,"turns":4},{"damage":18,"enemies":"Gremlin Nob","floor":14,"turns":3},{"damage":21,"enemies":"Hexaghost","floor":16,"turns":6},{"damage":15,"enemies":"Shell Parasite","floor":18,"turns":4},{"damage":30,"enemies":"2 Thieves","floor":20,"turns":4},{"damage":10,"enemies":"Chosen and Byrds","floor":22,"turns":5},{"damage":38,"enemies":"Gremlin Leader","floor":23,"turns":4},{"damage":48,"enemies":"Slavers","floor":30,"turns":5},{"damage":16,"enemies":"3 Cultists","floor":31,"turns":5},{"damage":40,"enemies":"Automaton","floor":33,"turns":4}],"seed_played":"-5330755190219525804","potions_obtained":[{"floor":1,"key":"EssenceOfSteel"},{"floor":5,"key":"SkillPotion"},{"floor":7,"key":"SteroidPotion"},{"floor":10,"key":"LiquidBronze"},{"floor":14,"key":"FairyPotion"},{"floor":22,"key":"Weak Potion"},{"floor":23,"key":"Poison Potion"},{"floor":31,"key":"Regen Potion"}],"is_trial":false,"path_per_floor":["M","?","M","?","M","R","E","M","T","E","M","R","$","E","R","B",null,"M","?","M","?","M","E","R","$","T","$","R","?","E","M","R","B"],"character_chosen":"IRONCLAD","items_purchased":["Forethought","Carnage","Secret Weapon"],"campfire_rested":1,"item_purchase_floors":[13,13,25],"current_hp_per_floor":[85,82,88,70,68,68,48,46,60,37,34,34,34,22,22,7,102,93,93,72,72,68,36,67,67,67,67,67,67,25,15,15,0],"gold":75,"neow_bonus":"TEN_PERCENT_HP_BONUS","is_prod":false,"is_daily":false,"chose_seed":false,"campfire_upgraded":5,"win_rate":0.0,"timestamp":1554670575,"path_taken":["M","?","M","?","M","R","E","M","T","E","M","R","$","E","R","BOSS","M","?","?","?","M","E","R","$","T","?","R","?","E","?","R","BOSS"],"build_version":"2019-01-23","purchased_purges":1,"victory":false,"max_hp_per_floor":[88,88,88,88,88,88,88,88,102,102,102,102,102,102,102,102,102,102,102,105,105,105,105,105,105,105,105,105,105,105,105,105,105],"card_choices":[{"not_picked":["Sever Soul","Body Slam"],"picked":"Inflame","floor":1},{"not_picked":["True Grit","Warcry"],"picked":"Carnage","floor":3},{"not_picked":["Twin Strike","Clothesline","Warcry"],"picked":"SKIP","floor":5},{"not_picked":["Uppercut","Shrug It Off"],"picked":"Brutality","floor":7},{"not_picked":["Headbutt","Rupture"],"picked":"Inflame","floor":8},{"not_picked":["Twin Strike","Flex"],"picked":"Anger","floor":10},{"not_picked":["Clash","Twin Strike"],"picked":"Bloodletting","floor":11},{"not_picked":["Combust","Spot Weakness"],"picked":"Feed","floor":14},{"not_picked":["Offering","Fiend Fire"],"picked":"Dark Embrace","floor":16},{"not_picked":["Second Wind","Shrug It Off+1"],"picked":"Intimidate","floor":18},{"not_picked":["Iron Wave+1","Heavy Blade+1"],"picked":"Anger+1","floor":20},{"not_picked":["True Grit","Headbutt"],"picked":"Reckless Charge+1","floor":22},{"not_picked":["Rupture","Thunderclap+1"],"picked":"Spot Weakness","floor":23},{"not_picked":["Headbutt+1","Perfected Strike+1","Sword Boomerang+1"],"picked":"SKIP","floor":30},{"not_picked":["Heavy Blade+1","Pommel Strike+1"],"picked":"Headbutt+1","floor":31}],"player_experience":15798,"relics_obtained":[{"floor":7,"key":"Pocketwatch"},{"floor":9,"key":"Mango"},{"floor":10,"key":"Happy Flower"},{"floor":14,"key":"Potion Belt"},{"floor":23,"key":"Molten Egg 2"},{"floor":26,"key":"Toxic Egg 2"},{"floor":30,"key":"Regal Pillow"}],"event_choices":[{"damage_healed":0,"gold_gain":0,"player_choice":"Success","damage_taken":3,"relics_obtained":["Gremlin Horn"],"max_hp_gain":0,"max_hp_loss":0,"event_name":"Scrap Ooze","floor":2,"gold_loss":0},{"damage_healed":0,"gold_gain":0,"player_choice":"Entered Light","damage_taken":18,"max_hp_gain":0,"max_hp_loss":0,"event_name":"Shining Light","floor":4,"gold_loss":0,"cards_upgraded":["Strike_R","Inflame"]},{"damage_healed":0,"gold_gain":0,"cards_transformed":["Strike_R"],"player_choice":"Transformed","damage_taken":0,"max_hp_gain":0,"max_hp_loss":0,"event_name":"Transmorgrifier","floor":19,"gold_loss":0,"cards_obtained":["Disarm"]},{"damage_healed":0,"gold_gain":0,"player_choice":"Opened","damage_taken":0,"relics_obtained":["Kunai"],"max_hp_gain":0,"max_hp_loss":0,"event_name":"The Mausoleum","floor":21,"gold_loss":0},{"damage_healed":0,"gold_gain":0,"player_choice":"Copied","damage_taken":0,"max_hp_gain":0,"max_hp_loss":0,"event_name":"Duplicator","floor":29,"gold_loss":0,"cards_obtained":["Secret Weapon"]}],"is_beta":false,"boss_relics":[{"not_picked":["Tiny House","Orrery"],"picked":"Mark of Pain"}],"items_purged_floors":[13],"is_endless":false,"potions_floor_spawned":[1,5,7,10,14,22,23,31],"killed_by":"Automaton","ascension_level":0}