{"gold_per_floor":[109,109,79,102,125,161,161,180,204,217,217,242,18,53,53,183,183,206,206,226,247,247,247,247,270,297,297,312,312,30,30,30,127,127,146,146,69,69,35,35,35,35,61,75,75,75,94,25,25,25],"floor_reached":50,"playtime":4026,"items_purged":[],"score":613,"play_id":"88690f5d-cf62-45e5-b08b-a1449ab75b3e","local_time":"20180623162809","is_ascension_mode":false,"campfire_choices":[{"floor":7,"key":"REST"},{"floor":11,"key":"REST"},{"floor":15,"key":"REST"},{"floor":23,"key":"REST"},{"floor":27,"key":"REST"},{"floor":32,"key":"REST"},{"data":"Backstab","floor":40,"key":"SMITH"},{"data":"Skewer","floor":42,"key":"SMITH"},{"floor":46,"key":"REST"},{"data":"Backstab","floor":49,"key":"SMITH"}],"neow_cost":"NONE","seed_source_timestamp":573002641459415,"circlet_count":0,"master_deck":["Defend_G","Defend_G","Defend_G","Defend_G","Strike_G","Strike_G","Strike_G","Strike_G","Strike_G","Survivor","Neutralize","Poisoned Stab","Dagger Throw","Choke","Sucker Punch","Die Die Die","Dodge and Roll","Skewer+1","Backstab+1","Adrenaline","Outmaneuver","After Image","Deflect","Backflip","Bane","Die Die Die","Backflip","Masterful Stab","Outmaneuver","RitualDagger","Die Die Die","Predator+1","Mind Blast","Sucker Punch","Deflect","Crippling Poison","Riddle With Holes","Madness","Madness","Dagger Spray+1","Sucker Punch+1","Dodge and Roll","Backstab+1"],"relics":["Ring of the Snake","Bloody Idol","Juzu Bracelet","Bronze Scales","Odd Mushroom","Sozu","Snake Skull","Shuriken","Eternal Feather","Lantern","Ginger"],"potions_floor_usage":[16,16,25,33],"damage_taken":[{"damage":0,"enemies":"2 Louse","floor":1,"turns":3},{"damage":0,"enemies":"Jaw Worm","floor":4,"turns":6},{"damage":0,"enemies":"Cultist","floor":5,"turns":4},{"damage":34,"enemies":"Gremlin Nob","floor":6,"turns":5},{"damage":1,"enemies":"3 Louse","floor":8,"turns":4},{"damage":0,"enemies":"Exordium Wildlife","floor":10,"turns":3},{"damage":4,"enemies":"Blue Slaver","floor":12,"turns":4},{"damage":22,"floor":14,"turns":3},{"damage":35,"enemies":"Slime Boss","floor":16,"turns":11},{"damage":19,"enemies":"Chosen","floor":18,"turns":6},{"damage":11,"enemies":"2 Thieves","floor":20,"turns":4},{"damage":5,"enemies":"3 Cultists","floor":21,"turns":7},{"damage":42,"enemies":"Slaver and Parasite","floor":25,"turns":6},{"damage":0,"enemies":"Snecko","floor":28,"turns":4},{"damage":31,"enemies":"Collector","floor":33,"turns":10},{"damage":32,"enemies":"3 Darklings","floor":35,"turns":11},{"damage":0,"enemies":"Orb Walker","floor":44,"turns":2},{"damage":32,"floor":45,"turns":7},{"damage":16,"enemies":"3 Darklings","floor":47,"turns":5},{"damage":77,"enemies":"Awakened One","floor":50,"turns":10}],"seed_played":"3914740320675786709","potions_obtained":[{"floor":1,"key":"EssenceOfSteel"},{"floor":3,"key":"Energy Potion"},{"floor":3,"key":"EssenceOfSteel"},{"floor":4,"key":"Ancient Potion"},{"floor":10,"key":"Swift Potion"},{"floor":14,"key":"PowerPotion"},{"floor":16,"key":"Poison Potion"}],"is_trial":false,"path_per_floor":["M","?","?","M","M","E","R","M","T","M","R","M","$","?","R","B",null,"M","?","M","M","?","R","?","M","T","R","M","?","$","?","R","B",null,"M","?","$","?","$","R","?","R","T","M","?","R","M","$","R"],"character_chosen":"THE_SILENT","items_purchased":["Backstab","Adrenaline","Shuriken","Outmaneuver","Sucker Punch","Deflect","Riddle With Holes","Backstab"],"campfire_rested":7,"item_purchase_floors":[13,13,30,30,37,37,39,48],"current_hp_per_floor":[77,58,58,58,58,24,47,46,46,46,69,65,65,43,66,31,77,58,58,47,42,42,65,65,23,23,46,46,46,46,40,63,37,77,50,50,50,50,50,64,54,68,73,77,45,77,66,66,77,0],"gold":25,"neow_bonus":"TEN_PERCENT_HP_BONUS","is_prod":false,"is_daily":false,"chose_seed":false,"campfire_upgraded":3,"win_rate":0.0,"timestamp":1529785689,"path_taken":["M","?","?","M","M","E","R","M","T","M","R","M","?","?","R","BOSS","M","?","M","M","?","R","?","M","T","R","M","?","$","?","R","BOSS","M","?","?","?","$","R","?","R","T","M","?","R","M","$","R","BOSS"],"build_version":"2018-06-21v2","purchased_purges":0,"victory":false,"max_hp_per_floor":[77,77,77,77,77,77,77,77,77,77,77,77,77,77,77,77,77,77,77,77,77,77,77,77,77,77,77,77,77,77,77,77,77,77,77,77,77,77,77,77,77,77,77,77,77,77,77,77,77,77],"card_choices":[{"not_picked":["Masterful Stab","Outmaneuver"],"picked":"Poisoned Stab","floor":1},{"not_picked":["Underhanded Strike","Reflex"],"picked":"Dagger Throw","floor":4},{"not_picked":["Backflip","Eviscerate"],"picked":"Choke","floor":5},{"not_picked":["Poisoned Stab","Slice"],"picked":"Sucker Punch","floor":6},{"not_picked":["Deadly Poison","Predator"],"picked":"Die Die Die","floor":8},{"not_picked":["Outmaneuver","Prepared"],"picked":"Dodge and Roll","floor":10},{"not_picked":["Endless Agony","Blade Dance"],"picked":"Skewer","floor":12},{"not_picked":["Underhanded Strike","Acrobatics"],"picked":"Outmaneuver","floor":14},{"not_picked":["Phantasmal Killer","Adrenaline"],"picked":"After Image","floor":16},{"not_picked":["Calculated Gamble","Expertise"],"picked":"Deflect","floor":18},{"not_picked":["Acrobatics","Malaise+1"],"picked":"Backflip","floor":20},{"not_picked":["Underhanded Strike","Caltrops"],"picked":"Bane","floor":21},{"not_picked":["Noxious Fumes","Deadly Poison"],"picked":"Backflip","floor":25},{"not_picked":["Prepared","Slice"],"picked":"Masterful Stab","floor":28},{"not_picked":["Corpse Explosion","Phantasmal Killer"],"picked":"Die Die Die","floor":33},{"not_picked":["Dagger Throw","Blade Dance+1"],"picked":"Predator+1","floor":35},{"not_picked":["Thinking Ahead","Finesse"],"picked":"Mind Blast","floor":36},{"not_picked":["Malaise+1","Deadly Poison+1"],"picked":"Dagger Spray+1","floor":44},{"not_picked":["Dodge and Roll","Outmaneuver"],"picked":"Sucker Punch+1","floor":45},{"not_picked":["Skewer","Footwork"],"picked":"Dodge and Roll","floor":47}],"player_experience":10911,"relics_obtained":[{"floor":6,"key":"Juzu Bracelet"},{"floor":9,"key":"Bronze Scales"},{"floor":14,"key":"Odd Mushroom"},{"floor":26,"key":"Snake Skull"},{"floor":43,"key":"Lantern"},{"floor":45,"key":"Ginger"}],"event_choices":[{"event_name":"Golden Idol","player_choice":"Take Damage","floor":2,"damage_taken":0},{"event_name":"The Woman in Blue","player_choice":"Bought 2 Potions","floor":3,"damage_taken":0},{"event_name":"Mushrooms","player_choice":"Fought Mushrooms","floor":14,"damage_taken":0},{"event_name":"Beggar","player_choice":"Ignored","floor":19,"damage_taken":0},{"event_name":"The Lab","player_choice":"Got Potions","floor":22,"damage_taken":0},{"event_name":"Duplicator","player_choice":"One dupe","floor":24,"damage_taken":0},{"event_name":"Forgotten Altar","player_choice":"Gave Idol","floor":29,"damage_taken":0},{"event_name":"Nest","player_choice":"Joined the Cult","floor":31,"damage_taken":0},{"event_name":"SensoryStone","player_choice":"Memory 1","floor":36,"damage_taken":0},{"event_name":"Transmorgrifier","player_choice":"Transform","floor":38,"damage_taken":0},{"event_name":"Winding Halls","player_choice":"Embrace Madness","floor":41,"damage_taken":0},{"event_name":"MindBloom","player_choice":"Fight","floor":45,"damage_taken":0}],"boss_relics":[{"not_picked":["Snecko Eye","Empty Cage"],"picked":"Sozu"},{"not_picked":["Busted Crown","Tiny House"],"picked":"Eternal Feather"}],"items_purged_floors":[],"is_endless":false,"potions_floor_spawned":[1,4,10,14,16,25,28,33],"killed_by":"Awakened One","ascension_level":0}