{"gold_per_floor":[117,117,67,87,87,112,124,124,149,192,224,246,258,45,45,149,149,164,89,29,41,41,41,68,84,136,136,167,180,180,190,190,289,289,309,309,361,361,64,94,114,214,237,267,286,161,176,26,26,26],"floor_reached":51,"playtime":2191,"items_purged":["Strike_R","Writhe","Bludgeon","Bash"],"score":1100,"play_id":"93609005-3da4-4101-830f-e131784c7791","local_time":"20190509184441","is_ascension_mode":true,"campfire_choices":[{"data":"Whirlwind","floor":8.0,"key":"SMITH"},{"floor":15.0,"key":"REST"},{"data":"True Grit","floor":23.0,"key":"SMITH"},{"floor":27.0,"key":"REST"},{"data":"Flex","floor":30.0,"key":"SMITH"},{"floor":32.0,"key":"REST"},{"data":"Seeing Red","floor":49,"key":"SMITH"}],"neow_cost":"TEN_PERCENT_HP_LOSS","seed_source_timestamp":462459757524600,"circlet_count":0,"master_deck":["Defend_R","Defend_R","Shockwave","Whirlwind+1","Double Tap","True Grit+1","Entrench+1","RitualDagger","Iron Wave+1","Armaments+1","Flex+1","True Grit","Sentinel+1","Seeing Red+1","Whirlwind+1","Seeing Red+1","Sentinel+1","Battle Trance+1"],"special_seed":0,"relics":["Burning Blood","Pen Nib","MawBank","Dream Catcher","Bronze Scales","Runic Pyramid","Vajra","Mercury Hourglass","Bag of Marbles","Prayer Wheel","Astrolabe","Ginger","Chemical X","Mango","Ice Cream","Art of War","Paper Frog"],"potions_floor_usage":[50,50],"damage_taken":[{"damage":9.0,"enemies":"2 Louse","floor":1.0,"turns":4.0},{"damage":4.0,"enemies":"Jaw Worm","floor":4.0,"turns":5.0},{"damage":41.0,"enemies":"3 Sentries","floor":6.0,"turns":8.0},{"damage":4.0,"enemies":"Cultist","floor":7.0,"turns":5.0},{"damage":14.0,"enemies":"Gremlin Nob","floor":10.0,"turns":3.0},{"damage":4.0,"enemies":"Looter","floor":11.0,"turns":3.0},{"damage":16.0,"enemies":"Exordium Wildlife","floor":12.0,"turns":4.0},{"damage":34.0,"enemies":"Slime Boss","floor":16.0,"turns":6.0},{"damage":23.0,"enemies":"Shell Parasite","floor":18.0,"turns":3.0},{"damage":16.0,"enemies":"2 Thieves","floor":21.0,"turns":3.0},{"damage":22.0,"enemies":"Slavers","floor":24.0,"turns":3.0},{"damage":0.0,"enemies":"3 Cultists","floor":25.0,"turns":2.0},{"damage":15.0,"enemies":"Book of Stabbing","floor":28.0,"turns":8.0},{"damage":10.0,"enemies":"Snake Plant","floor":29.0,"turns":3.0},{"damage":3.0,"enemies":"Cultist and Chosen","floor":31.0,"turns":5.0},{"damage":20.0,"enemies":"Collector","floor":33.0,"turns":6.0},{"damage":6.0,"enemies":"Orb Walker","floor":35.0,"turns":3.0},{"damage":11.0,"enemies":"2 Orb Walkers","floor":37.0,"turns":4.0},{"damage":0.0,"enemies":"Nemesis","floor":40.0,"turns":3.0},{"damage":11.0,"enemies":"3 Darklings","floor":41.0,"turns":3.0},{"damage":0.0,"enemies":"Mind Bloom Boss Battle","floor":42.0,"turns":6.0},{"damage":0.0,"enemies":"Giant Head","floor":44.0,"turns":5.0},{"damage":9.0,"enemies":"Spire Growth","floor":45.0,"turns":3.0},{"damage":18,"enemies":"Writhing Mass","floor":47,"turns":2},{"damage":9,"enemies":"Time Eater","floor":50,"turns":3}],"seed_played":"4447850406927815375","potions_obtained":[{"floor":4.0,"key":"Energy Potion"},{"floor":6.0,"key":"Dexterity Potion"},{"floor":12.0,"key":"Explosive Potion"},{"floor":24.0,"key":"Block Potion"},{"floor":29.0,"key":"AttackPotion"},{"floor":31.0,"key":"Energy Potion"},{"floor":33.0,"key":"Ancient Potion"},{"floor":37.0,"key":"Block Potion"},{"floor":41.0,"key":"Fire Potion"},{"floor":42.0,"key":"PowerPotion"},{"floor":44.0,"key":"Dexterity Potion"}],"is_trial":false,"path_per_floor":["M","?","?","M","T","E","M","R","T","E","M","M","?","$","R","B",null,"M","?","?","M","?","R","E","M","T","R","E","M","R","M","R","B",null,"M","?","?","?","$","E","M","?","T","E","M","$","M","$","R","B",null],"character_chosen":"IRONCLAD","items_purchased":["Bronze Scales","Chemical X"],"campfire_rested":3,"item_purchase_floors":[14,39],"current_hp_per_floor":[69,62,62,64,64,29,31,31,31,23,25,15,15,15,36,8,56,39,39,39,29,23,23,7,13,13,34,25,21,21,24,45,31,62,62,62,57,72,72,86,81,86,86,86,83,83,71,71,71,68],"gold":26,"neow_bonus":"TRANSFORM_TWO_CARDS","is_prod":false,"is_daily":false,"chose_seed":false,"campfire_upgraded":4,"win_rate":0,"timestamp":1557445481,"path_taken":["M","?","?","M","?","E","M","R","T","E","M","M","?","?","R","BOSS","M","?","?","?","?","R","E","M","T","R","E","M","R","M","R","BOSS","M","?","?","?","$","E","M","?","T","E","M","$","M","?","R","BOSS"],"build_version":"2019-01-23","purchased_purges":4,"victory":true,"max_hp_per_floor":[72,72,72,72,72,72,72,72,72,72,72,72,72,72,72,72,72,72,72,72,72,72,72,72,72,72,72,72,72,72,72,72,72,72,72,72,72,72,72,86,86,86,86,86,86,86,86,86,86,86],"card_choices":[{"not_picked":["True Grit","Heavy Blade","Pommel Strike"],"picked":"SKIP","floor":1.0},{"not_picked":["True Grit","Heavy Blade","Pommel Strike"],"picked":"SKIP","floor":1.0},{"not_picked":["Clash","Wild Strike","Clothesline"],"picked":"SKIP","floor":4.0},{"not_picked":["Iron Wave","Limit Break","Thunderclap"],"picked":"SKIP","floor":6.0},{"not_picked":["Seeing Red","Intimidate"],"picked":"Whirlwind","floor":7.0},{"not_picked":["Demon Form","Anger","Iron Wave"],"picked":"SKIP","floor":10.0},{"not_picked":["Anger","Pommel Strike"],"picked":"Warcry","floor":11.0},{"not_picked":["Cleave","Bludgeon","Warcry"],"picked":"SKIP","floor":12.0},{"not_picked":["Entrench","Clothesline"],"picked":"Cleave","floor":15.0},{"not_picked":["Impervious","Brutality"],"picked":"Double Tap","floor":16.0},{"not_picked":["Second Wind","Evolve"],"picked":"True Grit","floor":18.0},{"not_picked":["Warcry","Pommel Strike+1"],"picked":"Entrench+1","floor":21.0},{"not_picked":["Second Wind","Cleave"],"picked":"Iron Wave+1","floor":24.0},{"not_picked":["Metallicize","Twin Strike"],"picked":"Armaments+1","floor":25.0},{"not_picked":["Pommel Strike+1","Inflame"],"picked":"Flex","floor":28.0},{"not_picked":["Brutality","Iron Wave","Clothesline"],"picked":"SKIP","floor":29.0},{"not_picked":["Bloodletting","Clothesline","Havoc"],"picked":"SKIP","floor":29.0},{"not_picked":["Cleave","Second Wind","Clash"],"picked":"SKIP","floor":31.0},{"not_picked":["Anger","Heavy Blade","Thunderclap"],"picked":"SKIP","floor":31.0},{"not_picked":["Thunderclap+1","Armaments"],"picked":"True Grit","floor":32.0},{"not_picked":["Brutality","Fiend Fire"],"picked":"Bludgeon","floor":33.0},{"not_picked":["Metallicize+1","Flex+1"],"picked":"Seeing Red","floor":35.0},{"not_picked":["Metallicize","Pommel Strike","Sword Boomerang+1"],"picked":"SKIP","floor":35.0},{"not_picked":["Armaments","Rampage"],"picked":"Sentinel+1","floor":40.0},{"not_picked":["Searing Blow","Brutality","Rupture+1"],"picked":"SKIP","floor":41.0},{"not_picked":["Twin Strike+1","Clash+1","Hemokinesis+1"],"picked":"SKIP","floor":41.0},{"not_picked":["Cleave","Flex","Perfected Strike+1"],"picked":"SKIP","floor":44.0},{"not_picked":["Rage+1","Hemokinesis+1","Reckless Charge"],"picked":"SKIP","floor":45.0},{"not_picked":["Entrench","Metallicize+1","Havoc"],"picked":"SKIP","floor":45.0},{"not_picked":["Cleave+1","Whirlwind+1"],"picked":"Battle Trance+1","floor":47},{"not_picked":["Pummel+1","Flex","Armaments+1"],"picked":"SKIP","floor":47}],"player_experience":220363,"relics_obtained":[{"floor":6.0,"key":"Pen Nib"},{"floor":9.0,"key":"MawBank"},{"floor":10.0,"key":"Dream Catcher"},{"floor":24.0,"key":"Mercury Hourglass"},{"floor":26.0,"key":"Bag of Marbles"},{"floor":28.0,"key":"Prayer Wheel"},{"floor":37.0,"key":"Ginger"},{"floor":40.0,"key":"Mango"},{"floor":42.0,"key":"Ice Cream"},{"floor":43.0,"key":"Art of War"},{"floor":44.0,"key":"Paper Frog"}],"event_choices":[{"cards_removed":["Strike_R"],"damage_healed":0.0,"max_hp_gain":0.0,"max_hp_loss":0.0,"gold_gain":0.0,"event_name":"Golden Wing","player_choice":"Card Removal","floor":2.0,"gold_loss":0.0,"damage_taken":7.0},{"cards_removed":["Strike_R"],"damage_healed":0.0,"max_hp_gain":0.0,"max_hp_loss":0.0,"gold_gain":0.0,"event_name":"The Cleric","player_choice":"Card Removal","floor":3.0,"gold_loss":50.0,"damage_taken":0.0},{"damage_healed":0.0,"max_hp_gain":0.0,"max_hp_loss":0.0,"gold_gain":0.0,"event_name":"Golden Idol","player_choice":"Ignored","floor":13.0,"gold_loss":0.0,"damage_taken":0.0},{"cards_removed":["Strike_R"],"damage_healed":0.0,"max_hp_gain":0.0,"max_hp_loss":0.0,"gold_gain":0.0,"event_name":"Beggar","player_choice":"Gave Gold","floor":19.0,"gold_loss":75.0,"damage_taken":0.0},{"damage_healed":0.0,"max_hp_gain":0.0,"max_hp_loss":0.0,"gold_gain":0.0,"event_name":"WeMeetAgain","player_choice":"Paid Gold","floor":20.0,"gold_loss":60.0,"damage_taken":0.0,"relics_obtained":["Vajra"]},{"damage_healed":0.0,"max_hp_gain":0.0,"max_hp_loss":0.0,"gold_gain":0.0,"event_name":"Nest","player_choice":"Joined the Cult","floor":22.0,"gold_loss":0.0,"damage_taken":6.0,"cards_obtained":["RitualDagger"]},{"cards_removed":["Cleave"],"damage_healed":0.0,"max_hp_gain":0.0,"max_hp_loss":0.0,"gold_gain":0.0,"event_name":"Falling","player_choice":"Removed Attack","floor":36.0,"gold_loss":0.0,"damage_taken":0.0},{"damage_healed":0.0,"max_hp_gain":0.0,"max_hp_loss":0.0,"gold_gain":0.0,"event_name":"Mysterious Sphere","player_choice":"Fight","floor":37.0,"gold_loss":0.0,"damage_taken":0.0},{"damage_healed":18.0,"max_hp_gain":0.0,"max_hp_loss":0.0,"gold_gain":0.0,"event_name":"Winding Halls","player_choice":"Writhe","floor":38.0,"gold_loss":0.0,"damage_taken":0.0,"cards_obtained":["Writhe"]},{"damage_healed":0.0,"max_hp_gain":0.0,"max_hp_loss":0.0,"gold_gain":0.0,"event_name":"MindBloom","player_choice":"Fight","floor":42.0,"gold_loss":0.0,"damage_taken":0.0}],"is_beta":false,"boss_relics":[{"not_picked":["Runic Dome","Black Star"],"picked":"Runic Pyramid"},{"not_picked":["Empty Cage","Orrery"],"picked":"Astrolabe"}],"items_purged_floors":[14,39,46,48],"is_endless":false,"potions_floor_spawned":[4,6,12,24,29,31,33,37,41,42,44],"ascension_level":7}