{"gold_per_floor":[115,115,128,128,128,128,159,159,159,71,92,92,92,92,92,187,187,202,227,241,69,69,113,113,132,132,144,187,124,124,144,144,239,239,252,270,295,33,33,33,33,51,51,70,70,0,0,16,16,16],"floor_reached":51,"playtime":4440,"items_purged":["Injury"],"score":1276,"play_id":"4b0dc755-9266-4b76-b58f-fac3d875c5a5","local_time":"20190504172525","is_ascension_mode":true,"campfire_choices":[{"data":"Neutralize","floor":6,"key":"SMITH"},{"data":"Well Laid Plans","floor":8,"key":"SMITH"},{"data":"Footwork","floor":13,"key":"SMITH"},{"data":"Cloak And Dagger","floor":15,"key":"SMITH"},{"data":"After Image","floor":27,"key":"SMITH"},{"floor":32,"key":"REST"},{"data":"A Thousand Cuts","floor":40,"key":"SMITH"},{"floor":45,"key":"REST"},{"data":"Panacea","floor":47,"key":"SMITH"},{"floor":49,"key":"REST"}],"neow_cost":"NONE","seed_source_timestamp":5195943347015452,"circlet_count":0,"master_deck":["AscendersBane","Defend_G","Defend_G","Defend_G","Defend_G","Defend_G+1","Survivor+1","Neutralize+1","Flying Knee","Adrenaline","Well Laid Plans+1","Footwork+1","Cloak And Dagger+1","Terror","After Image+1","Calculated Gamble+1","Storm of Steel+1","Outmaneuver+1","Dagger Throw","Caltrops","Backflip","Panache","Glass Knife","Finisher","Noxious Fumes","Backflip+1","Escape Plan+1","A Thousand Cuts+1","Cloak And Dagger","Flechettes+1","Accuracy","Infinite Blades","Impatience","Infinite Blades+1","Normality","Envenom","Panacea+1","Parasite"],"relics":["Ring of the Snake","NeowsBlessing","Golden Idol","Ice Cream","Letter Opener","WingedGreaves","Astrolabe","Turnip","MawBank","Ginger","The Courier","Cursed Key","Lee\u0027s Waffle","Regal Pillow"],"potions_floor_usage":[20,28,42,50,50],"damage_taken":[{"damage":0,"enemies":"Jaw Worm","floor":1,"turns":1},{"damage":0,"enemies":"Cultist","floor":3,"turns":1},{"damage":0,"enemies":"Gremlin Nob","floor":7,"turns":1},{"damage":0,"enemies":"Small Slimes","floor":11,"turns":4},{"damage":0,"enemies":"Hexaghost","floor":16,"turns":11},{"damage":0,"enemies":"Shell Parasite","floor":18,"turns":11},{"damage":0,"enemies":"Spheric Guardian","floor":19,"turns":9},{"damage":1,"enemies":"Snecko","floor":20,"turns":7},{"damage":6,"enemies":"Book of Stabbing","floor":23,"turns":6},{"damage":4,"enemies":"Cultist and Chosen","floor":25,"turns":8},{"damage":27,"enemies":"Gremlin Leader","floor":28,"turns":6},{"damage":0,"enemies":"3 Cultists","floor":31,"turns":5},{"damage":0,"enemies":"Automaton","floor":33,"turns":11},{"damage":0,"enemies":"3 Shapes","floor":35,"turns":6},{"damage":8,"enemies":"3 Darklings","floor":36,"turns":3},{"damage":10,"enemies":"4 Shapes","floor":37,"turns":6},{"damage":34,"enemies":"Transient","floor":42,"turns":5},{"damage":0,"enemies":"Sphere and 2 Shapes","floor":44,"turns":4},{"damage":13,"enemies":"Writhing Mass","floor":48,"turns":6},{"damage":58,"enemies":"Time Eater","floor":50,"turns":12}],"seed_played":"8146790477048072578","potions_obtained":[{"floor":1,"key":"Strength Potion"},{"floor":16,"key":"Poison Potion"},{"floor":31,"key":"EssenceOfSteel"},{"floor":33,"key":"GamblersBrew"},{"floor":36,"key":"Weak Potion"},{"floor":37,"key":"Energy Potion"},{"floor":42,"key":"Poison Potion"}],"is_trial":false,"path_per_floor":["M","?","M","?","?","R","E","R","T","$","M","?","R","T","R","B",null,"M","M","M","$","?","E","?","M","T","R","E","$","T","M","R","B",null,"M","M","M","$","?","R","?","M","T","M","R","$","R","M","R","B",null],"character_chosen":"THE_SILENT","items_purchased":["Footwork","Cloak And Dagger","Panache","Accuracy","Lee\u0027s Waffle","Infinite Blades","Panacea"],"campfire_rested":3,"item_purchase_floors":[10,10,21,38,38,38,46],"current_hp_per_floor":[63,63,63,56,56,56,56,56,56,56,56,42,42,42,42,42,63,63,63,62,62,62,56,56,52,52,52,25,25,25,25,46,46,64,64,56,46,77,73,73,73,39,39,39,73,73,73,60,73,15],"gold":16,"neow_bonus":"THREE_ENEMY_KILL","is_prod":false,"is_daily":false,"chose_seed":false,"campfire_upgraded":7,"win_rate":0,"timestamp":1557005125,"path_taken":["M","?","?","?","?","R","E","R","T","$","M","?","R","?","R","BOSS","M","M","M","$","?","E","?","?","T","R","E","$","?","M","R","BOSS","M","M","M","$","?","R","?","M","T","M","R","$","R","M","R","BOSS"],"build_version":"2019-01-23","purchased_purges":1,"victory":true,"max_hp_per_floor":[70,70,70,70,70,70,70,70,70,70,70,70,70,70,70,70,70,70,70,70,70,70,70,70,70,70,70,70,70,70,70,70,70,70,70,70,70,77,73,73,73,73,73,73,73,73,73,73,73,73],"card_choices":[{"not_picked":["Tactician","Acrobatics"],"picked":"Flying Knee","floor":1},{"not_picked":["Leg Sweep","Slice"],"picked":"Adrenaline","floor":3},{"not_picked":["Slice","Backflip"],"picked":"Well Laid Plans","floor":7},{"not_picked":["Flying Knee","Slice"],"picked":"Terror","floor":11},{"not_picked":["Phantasmal Killer","Grand Finale"],"picked":"After Image","floor":16},{"not_picked":["Deadly Poison","Underhanded Strike"],"picked":"Dagger Throw","floor":18},{"not_picked":["Cloak And Dagger","Well Laid Plans"],"picked":"Caltrops","floor":19},{"not_picked":["Skewer","Blade Dance"],"picked":"Backflip","floor":20},{"not_picked":["Acrobatics+1","Doppelganger"],"picked":"Finisher","floor":23},{"not_picked":["Dagger Throw","Deflect"],"picked":"Noxious Fumes","floor":25},{"not_picked":["Expertise","All Out Attack"],"picked":"Backflip+1","floor":28},{"not_picked":["Accuracy","Dagger Throw"],"picked":"Escape Plan+1","floor":31},{"not_picked":["Tools of the Trade","Glass Knife"],"picked":"A Thousand Cuts","floor":33},{"not_picked":["Acrobatics+1","Blur"],"picked":"Cloak And Dagger","floor":35},{"not_picked":["Quick Slash","Bane+1"],"picked":"Flechettes+1","floor":36},{"not_picked":["Deadly Poison","Quick Slash","Underhanded Strike"],"picked":"SKIP","floor":37},{"not_picked":["Deep Breath","Flash of Steel"],"picked":"Impatience","floor":41},{"not_picked":["Heel Hook+1","Predator"],"picked":"Infinite Blades+1","floor":42},{"not_picked":["Riddle With Holes","Expertise"],"picked":"Envenom","floor":44},{"not_picked":["Distraction","Blade Dance","Acrobatics"],"picked":"SKIP","floor":48}],"player_experience":309625,"relics_obtained":[{"floor":7,"key":"Ice Cream"},{"floor":9,"key":"Letter Opener"},{"floor":14,"key":"WingedGreaves"},{"floor":23,"key":"Turnip"},{"floor":26,"key":"MawBank"},{"floor":28,"key":"Ginger"},{"floor":30,"key":"The Courier"},{"floor":43,"key":"Regal Pillow"}],"event_choices":[{"cards_removed":["Strike_G"],"damage_healed":0,"gold_gain":0,"player_choice":"Offered Basic","damage_taken":0,"max_hp_gain":0,"max_hp_loss":0,"event_name":"Bonfire Elementals","floor":2,"gold_loss":0},{"cards_removed":["Strike_G"],"damage_healed":0,"gold_gain":0,"player_choice":"Card Removal","damage_taken":7,"max_hp_gain":0,"max_hp_loss":0,"event_name":"Golden Wing","floor":4,"gold_loss":0},{"damage_healed":0,"gold_gain":0,"player_choice":"Take Wound","damage_taken":0,"relics_obtained":["Golden Idol"],"max_hp_gain":0,"max_hp_loss":0,"event_name":"Golden Idol","floor":5,"gold_loss":0,"cards_obtained":["Injury"]},{"damage_healed":0,"gold_gain":0,"player_choice":"Entered Light","damage_taken":14,"max_hp_gain":0,"max_hp_loss":0,"event_name":"Shining Light","floor":12,"gold_loss":0,"cards_upgraded":["Defend_G","Survivor"]},{"damage_healed":0,"gold_gain":0,"player_choice":"Read","damage_taken":0,"max_hp_gain":0,"max_hp_loss":0,"event_name":"The Library","floor":22,"gold_loss":0,"cards_obtained":["Glass Knife"]},{"damage_healed":0,"gold_gain":0,"player_choice":"Ignored","damage_taken":0,"max_hp_gain":0,"max_hp_loss":0,"event_name":"Ghosts","floor":24,"gold_loss":0},{"damage_healed":0,"gold_gain":0,"player_choice":"Max HP","damage_taken":0,"max_hp_gain":0,"max_hp_loss":4,"event_name":"Winding Halls","floor":39,"gold_loss":0},{"damage_healed":0,"gold_gain":0,"player_choice":"Memory 1","damage_taken":0,"max_hp_gain":0,"max_hp_loss":0,"event_name":"SensoryStone","floor":41,"gold_loss":0}],"is_beta":false,"boss_relics":[{"not_picked":["Ring of the Serpent","White Beast Statue"],"picked":"Astrolabe"},{"not_picked":["Velvet Choker","Busted Crown"],"picked":"Cursed Key"}],"items_purged_floors":[29],"is_endless":false,"potions_floor_spawned":[1,16,19,31,33,36,37,42,44],"ascension_level":13}