{"gold_per_floor":[117,133,133,133,111,139,139,151,151,226,226,242,242,262,262,365,365,382,365,464,483,483,509,509,259,259,259,290,290,290,303,303,406,406,417,430,475,490,269,269,284,284],"floor_reached":42,"playtime":3305,"items_purged":["Decay"],"score":553,"play_id":"12486734-bf83-40ec-808e-e0cf3059c14d","local_time":"20181028005749","is_ascension_mode":true,"campfire_choices":[{"data":"Zap","floor":7.0,"key":"SMITH"},{"data":"Consume","floor":11.0,"key":"SMITH"},{"data":"Loop","floor":13.0,"key":"SMITH"},{"data":"Dualcast","floor":15.0,"key":"SMITH"},{"floor":24.0,"key":"REST"},{"floor":27.0,"key":"REST"},{"floor":32.0,"key":"REST"},{"floor":40,"key":"REST"}],"neow_cost":"NONE","seed_source_timestamp":0,"circlet_count":0,"master_deck":["Strike_B","Strike_B","Defend_B","Defend_B","Defend_B+1","Defend_B","Zap+1","Dualcast+1","Sweeping Beam","BootSequence","Redo+1","All For One","Consume+1","Loop+1","Storm","Machine Learning","Conserve Battery","Static Discharge+1","Defragment","Capacitor","Hologram","Stack+1","Decay","Loop","White Noise","Beam Cell+1","Multi-Cast","Go for the Eyes+1","Ball Lightning+1","Hello World+1","Double Energy","Leap"],"special_seed":0,"relics":["FrozenCore","NeowsBlessing","Gambling Chip","Bottled Lightning","Pocketwatch","Strawberry","Blood Vial","War Paint","Juzu Bracelet","Runic Pyramid","Oddly Smooth Stone","Bag of Marbles"],"potions_floor_usage":[41,42],"damage_taken":[{"damage":0.0,"enemies":"Small Slimes","floor":1.0,"turns":1.0},{"damage":0.0,"enemies":"Jaw Worm","floor":2.0,"turns":1.0},{"damage":0.0,"enemies":"Gremlin Nob","floor":6.0,"turns":1.0},{"damage":0.0,"enemies":"Cultist","floor":8.0,"turns":2.0},{"damage":0.0,"enemies":"Looter","floor":12.0,"turns":2.0},{"damage":3.0,"enemies":"Large Slime","floor":14.0,"turns":3.0},{"damage":37.0,"enemies":"Hexaghost","floor":16.0,"turns":9.0},{"damage":7.0,"enemies":"3 Byrds","floor":18.0,"turns":4.0},{"damage":12.0,"enemies":"2 Thieves","floor":19.0,"turns":4.0},{"damage":22.0,"enemies":"Centurion and Healer","floor":21.0,"turns":6.0},{"damage":20.0,"enemies":"Book of Stabbing","floor":23.0,"turns":4.0},{"damage":21.0,"enemies":"Slavers","floor":28.0,"turns":6.0},{"damage":8.0,"enemies":"Cultist and Chosen","floor":31.0,"turns":6.0},{"damage":34.0,"enemies":"Automaton","floor":33.0,"turns":9.0},{"damage":0,"enemies":"3 Shapes","floor":35,"turns":6},{"damage":0,"enemies":"Orb Walker","floor":36,"turns":6},{"damage":51,"enemies":"Jaw Worm Horde","floor":38,"turns":7},{"damage":31,"enemies":"Spire Growth","floor":41,"turns":8},{"damage":45,"enemies":"Giant Head","floor":42,"turns":8}],"seed_played":"3614362677987420384","potions_obtained":[{"floor":1.0,"key":"SteroidPotion"},{"floor":8.0,"key":"PowerPotion"},{"floor":14.0,"key":"Dexterity Potion"},{"floor":18.0,"key":"SpeedPotion"},{"floor":23.0,"key":"AttackPotion"},{"floor":28.0,"key":"SpeedPotion"},{"floor":35,"key":"SpeedPotion"},{"floor":41,"key":"Fire Potion"}],"is_trial":false,"path_per_floor":["M","M","?","?","$","E","R","M","T","?","R","M","R","M","R","B",null,"M","M","?","M","?","E","R","$","T","R","E","?","?","M","R","B",null,"M","M","T","M","$","R","M"],"character_chosen":"DEFECT","items_purchased":["Redo","Blood Vial","Hologram","Bag of Marbles","Double Energy"],"campfire_rested":4,"item_purchase_floors":[5,25,25,39,39],"current_hp_per_floor":[75,75,75,72,72,72,72,72,72,61,61,61,61,58,58,21,75,68,56,56,34,34,21,45,45,45,69,50,50,50,44,68,36,82,82,82,82,31,31,55,26,0],"gold":284,"neow_bonus":"THREE_ENEMY_KILL","is_prod":false,"is_daily":false,"chose_seed":false,"campfire_upgraded":4,"win_rate":0,"timestamp":1540702669,"path_taken":["M","M","?","?","$","E","R","M","T","?","R","M","R","M","R","BOSS","M","M","?","M","?","E","R","?","T","R","E","?","?","M","R","BOSS","M","M","?","M","$","R","M","E"],"build_version":"2018-10-25v2","purchased_purges":1,"victory":false,"max_hp_per_floor":[75,75,75,75,75,75,75,75,75,75,75,75,75,75,75,75,75,75,75,75,75,75,82,82,82,82,82,82,82,82,82,82,82,82,82,82,82,82,82,82,82,82],"card_choices":[{"not_picked":["Glacier","Sunder"],"picked":"Sweeping Beam","floor":1.0},{"not_picked":["Conserve Battery","Leap"],"picked":"BootSequence","floor":2.0},{"not_picked":["Redo","Steam"],"picked":"All For One","floor":6.0},{"not_picked":["Stack","Doom and Gloom"],"picked":"Consume","floor":8.0},{"not_picked":["Steam","Rebound"],"picked":"Loop","floor":12.0},{"not_picked":["Force Field","Barrage"],"picked":"Storm","floor":14.0},{"not_picked":["Thunder Strike","Fission"],"picked":"Machine Learning","floor":16.0},{"not_picked":["Hologram","Sunder"],"picked":"Conserve Battery","floor":18.0},{"not_picked":["Coolheaded","Sweeping Beam"],"picked":"Static Discharge+1","floor":19.0},{"not_picked":["Doom and Gloom","Sweeping Beam"],"picked":"Defragment","floor":21.0},{"not_picked":["Tempest","Self Repair"],"picked":"Capacitor","floor":23.0},{"not_picked":["Force Field","Hologram"],"picked":"Stack+1","floor":28.0},{"not_picked":["Ball Lightning+1","Consume"],"picked":"Beam Cell+1","floor":31.0},{"not_picked":["Biased Cognition","Hyperbeam"],"picked":"Multi-Cast","floor":33.0},{"not_picked":["Tempest","Hologram"],"picked":"Go for the Eyes+1","floor":35},{"not_picked":["Steam","Stack+1"],"picked":"Ball Lightning+1","floor":36},{"not_picked":["Compile Driver","Storm+1"],"picked":"Hello World+1","floor":38},{"not_picked":["Rebound","Streamline+1"],"picked":"Leap","floor":41}],"player_experience":136983,"relics_obtained":[{"floor":6.0,"key":"Bottled Lightning"},{"floor":9.0,"key":"Pocketwatch"},{"floor":23.0,"key":"Strawberry"},{"floor":26.0,"key":"War Paint"},{"floor":28.0,"key":"Juzu Bracelet"},{"floor":37,"key":"Oddly Smooth Stone"}],"event_choices":[{"damage_healed":0.0,"max_hp_gain":0.0,"max_hp_loss":0.0,"gold_gain":0.0,"event_name":"Golden Wing","player_choice":"Ignored","floor":3.0,"gold_loss":0.0,"damage_taken":0.0},{"damage_healed":0.0,"max_hp_gain":0.0,"max_hp_loss":0.0,"gold_gain":0.0,"event_name":"Scrap Ooze","player_choice":"Success","floor":4.0,"gold_loss":0.0,"damage_taken":3.0,"relics_obtained":["Gambling Chip"]},{"damage_healed":0.0,"max_hp_gain":0.0,"max_hp_loss":0.0,"gold_gain":75.0,"event_name":"World of Goop","player_choice":"Gather Gold","floor":10.0,"gold_loss":0.0,"damage_taken":11.0},{"damage_healed":0.0,"max_hp_gain":0.0,"max_hp_loss":0.0,"gold_gain":99.0,"event_name":"Nest","player_choice":"Stole From Cult","floor":20.0,"gold_loss":0.0,"damage_taken":0.0},{"damage_healed":0.0,"max_hp_gain":0.0,"max_hp_loss":0.0,"gold_gain":0.0,"event_name":"Forgotten Altar","player_choice":"Smashed Altar","floor":22.0,"gold_loss":0.0,"damage_taken":0.0,"cards_obtained":["Decay"]},{"damage_healed":0.0,"max_hp_gain":0.0,"max_hp_loss":0.0,"gold_gain":0.0,"event_name":"Wheel of Change","player_choice":"Cursed","floor":29.0,"gold_loss":0.0,"damage_taken":0.0,"cards_obtained":["Decay"]},{"damage_healed":0.0,"max_hp_gain":0.0,"max_hp_loss":0.0,"gold_gain":0.0,"cards_transformed":["Strike_B","Strike_B"],"event_name":"Drug Dealer","player_choice":"Became Test Subject","floor":30.0,"gold_loss":0.0,"damage_taken":0.0,"cards_obtained":["Loop","White Noise"]}],"is_beta":false,"boss_relics":[{"not_picked":["Empty Cage","Black Star"],"picked":"FrozenCore"},{"not_picked":["Pandora\u0027s Box","White Beast Statue"],"picked":"Runic Pyramid"}],"items_purged_floors":[25],"is_endless":false,"potions_floor_spawned":[1,8,14,18,23,28,35,41],"killed_by":"Giant Head","ascension_level":4}