{"gold_per_floor":[116,134,144,144,144,144,171,16,68,68,68,80,80,93,93,93],"floor_reached":16,"playtime":1021,"items_purged":[],"score":160,"play_id":"00d7d97c-d4f7-43af-94ff-b43065deb566","local_time":"20190503181805","is_ascension_mode":true,"campfire_choices":[{"data":"Cloak And Dagger","floor":6,"key":"SMITH"},{"floor":11,"key":"REST"},{"data":"Strike_G","floor":13,"key":"SMITH"},{"floor":15,"key":"REST"}],"neow_cost":"NONE","seed_source_timestamp":5116130029018742,"circlet_count":0,"master_deck":["AscendersBane","Defend_G","Defend_G","Defend_G","Defend_G","Defend_G","Strike_G","Strike_G","Strike_G+1","Strike_G","Survivor","Neutralize+1","Cloak And Dagger+1","PiercingWail","Flying Knee+1","Backstab","PiercingWail","Dash"],"relics":["Ring of the Snake","Dream Catcher","Blood Vial","Ancient Tea Set","PreservedInsect"],"potions_floor_usage":[7,16],"damage_taken":[{"damage":2,"enemies":"Jaw Worm","floor":1,"turns":6},{"damage":0,"enemies":"2 Louse","floor":2,"turns":4},{"damage":8,"enemies":"Small Slimes","floor":3,"turns":5},{"damage":32,"enemies":"Gremlin Nob","floor":7,"turns":6},{"damage":5,"enemies":"Gremlin Gang","floor":12,"turns":5},{"damage":0,"enemies":"Exordium Wildlife","floor":14,"turns":4},{"damage":62,"enemies":"Hexaghost","floor":16,"turns":16}],"seed_played":"4652117066142690886","potions_obtained":[{"floor":1,"key":"Weak Potion"},{"floor":7,"key":"FearPotion"},{"floor":14,"key":"GamblersBrew"}],"is_trial":false,"path_per_floor":["M","M","M","?","?","R","E","$","T","?","R","M","R","M","R","B"],"character_chosen":"THE_SILENT","items_purchased":["Blood Vial"],"campfire_rested":2,"item_purchase_floors":[8],"current_hp_per_floor":[61,61,53,53,46,46,14,14,14,14,35,32,32,34,55,0],"gold":93,"neow_bonus":"UPGRADE_CARD","is_prod":false,"is_daily":false,"chose_seed":false,"campfire_upgraded":2,"win_rate":0,"timestamp":1556921885,"path_taken":["M","M","M","?","?","R","E","$","T","?","R","M","R","?","R","BOSS"],"build_version":"2019-01-23","purchased_purges":0,"victory":false,"max_hp_per_floor":[70,70,70,70,70,70,70,70,70,70,70,70,70,70,70,70],"card_choices":[{"not_picked":["Distraction","Blade Dance"],"picked":"Cloak And Dagger","floor":1},{"not_picked":["Heel Hook","Dagger Spray"],"picked":"PiercingWail","floor":2},{"not_picked":["Sucker Punch","Dagger Spray"],"picked":"Flying Knee","floor":3},{"not_picked":["Bullet Time","Poisoned Stab"],"picked":"Backstab","floor":7},{"not_picked":["Slice","Flying Knee","Prepared"],"picked":"SKIP","floor":12},{"not_picked":["Heel Hook","Deflect"],"picked":"PiercingWail","floor":14},{"not_picked":["Backflip","Slice"],"picked":"Dash","floor":15}],"player_experience":274336,"relics_obtained":[{"floor":7,"key":"Dream Catcher"},{"floor":9,"key":"Ancient Tea Set"}],"event_choices":[{"damage_healed":0,"gold_gain":0,"player_choice":"Grow","damage_taken":0,"max_hp_gain":0,"max_hp_loss":0,"event_name":"Living Wall","floor":4,"gold_loss":0,"cards_upgraded":["Flying Knee"]},{"cards_removed":["Strike_G"],"damage_healed":0,"gold_gain":0,"player_choice":"Card Removal","damage_taken":7,"max_hp_gain":0,"max_hp_loss":0,"event_name":"Golden Wing","floor":5,"gold_loss":0},{"damage_healed":0,"gold_gain":0,"player_choice":"Gave Potion","damage_taken":0,"relics_obtained":["PreservedInsect"],"max_hp_gain":0,"max_hp_loss":0,"event_name":"WeMeetAgain","floor":10,"gold_loss":0}],"is_beta":false,"boss_relics":[],"items_purged_floors":[],"is_endless":false,"potions_floor_spawned":[1,7,14],"killed_by":"Hexaghost","ascension_level":12}