{"gold_per_floor":[114,129,94,105,124,156,156,185,210,228,228,228,244,23,23,100,100,118,132,132],"floor_reached":20,"playtime":1125,"items_purged":[],"score":372,"play_id":"9e746c11-1068-4059-9d5d-f9470ae400bf","local_time":"20190526185546","is_ascension_mode":true,"campfire_choices":[{"data":"Reinforced Body","floor":7.0,"key":"SMITH"},{"data":"Fission","floor":12.0,"key":"SMITH"},{"floor":15.0,"key":"REST"}],"neow_cost":"NONE","seed_source_timestamp":522777362560929,"circlet_count":0,"master_deck":["AscendersBane","Strike_B","Strike_B","Strike_B","Defend_B","Defend_B","Defend_B","Defend_B","Zap+1","Dualcast","Reinforced Body+1","Doom and Gloom","Ball Lightning","Fission+1","Defragment","Cold Snap","Capacitor","Darkness","Consume","Core Surge","Multi-Cast","Steam+1","Cold Snap+1"],"special_seed":0,"relics":["Cracked Core","Prayer Wheel","Dream Catcher","Regal Pillow","Membership Card","Philosopher\u0027s Stone"],"potions_floor_usage":[18,20],"damage_taken":[{"damage":4.0,"enemies":"Jaw Worm","floor":1.0,"turns":3.0},{"damage":7.0,"enemies":"Small Slimes","floor":2.0,"turns":3.0},{"damage":0.0,"enemies":"Cultist","floor":4.0,"turns":3.0},{"damage":26.0,"enemies":"Lots of Slimes","floor":5.0,"turns":6.0},{"damage":3.0,"enemies":"Lagavulin","floor":6.0,"turns":5.0},{"damage":14.0,"enemies":"Gremlin Nob","floor":8.0,"turns":4.0},{"damage":8.0,"enemies":"Large Slime","floor":10.0,"turns":5.0},{"damage":1.0,"enemies":"Blue Slaver","floor":13.0,"turns":2.0},{"damage":35.0,"enemies":"The Guardian","floor":16.0,"turns":10.0},{"damage":35,"enemies":"Shell Parasite","floor":18,"turns":7},{"damage":21,"enemies":"3 Byrds","floor":19,"turns":4},{"damage":2,"enemies":"Cultist and Chosen","floor":20,"turns":2}],"seed_played":"5488232717512793870","potions_obtained":[{"floor":1.0,"key":"Block Potion"},{"floor":5.0,"key":"SpeedPotion"},{"floor":6.0,"key":"GamblersBrew"},{"floor":10.0,"key":"SpeedPotion"},{"floor":19,"key":"Weak Potion"}],"is_trial":false,"path_per_floor":["M","M","?","M","M","E","R","E","T","M","?","R","M","$","R","B",null,"M","M","M"],"character_chosen":"DEFECT","items_purchased":["Membership Card"],"campfire_rested":1,"item_purchase_floors":[14],"current_hp_per_floor":[60,53,70,70,44,41,41,27,27,19,19,19,18,18,54,19,58,23,2,0],"gold":132,"neow_bonus":"UPGRADE_CARD","is_prod":false,"is_daily":false,"chose_seed":false,"campfire_upgraded":2,"win_rate":0,"timestamp":1558911346,"path_taken":["M","M","?","M","M","E","R","E","T","M","?","R","M","$","R","BOSS","M","?","M"],"build_version":"2019-01-23","purchased_purges":0,"victory":false,"max_hp_per_floor":[71,71,71,71,71,71,71,71,71,71,71,71,71,71,71,71,71,71,71,71],"card_choices":[{"not_picked":["Skim","Hologram","Leap"],"picked":"SKIP","floor":1.0},{"not_picked":["Heatsinks","Tempest","Double Energy"],"picked":"SKIP","floor":2.0},{"not_picked":["Stack","Leap"],"picked":"Reinforced Body","floor":4.0},{"not_picked":["Rebound","Sweeping Beam"],"picked":"Doom and Gloom","floor":5.0},{"not_picked":["Turbo","Sweeping Beam"],"picked":"Ball Lightning","floor":6.0},{"not_picked":["Sweeping Beam","Defragment"],"picked":"Fission","floor":8.0},{"not_picked":["Reprogram","Fusion"],"picked":"Defragment","floor":10.0},{"not_picked":["Tempest","Ball Lightning"],"picked":"Cold Snap","floor":10.0},{"not_picked":["Turbo","Reprogram"],"picked":"Capacitor","floor":13.0},{"not_picked":["Turbo","Leap"],"picked":"Darkness","floor":13.0},{"not_picked":["Rebound","Auto Shields"],"picked":"Consume","floor":15.0},{"not_picked":["Amplify","Creative AI"],"picked":"Core Surge","floor":16.0},{"not_picked":["Beam Cell","Undo"],"picked":"Multi-Cast","floor":18},{"not_picked":["Gash","Hologram"],"picked":"Steam+1","floor":18},{"not_picked":["Barrage+1","Tempest"],"picked":"Cold Snap+1","floor":19},{"not_picked":["Gash+1","Heatsinks","Barrage"],"picked":"SKIP","floor":19}],"player_experience":826598,"relics_obtained":[{"floor":6.0,"key":"Prayer Wheel"},{"floor":8.0,"key":"Dream Catcher"},{"floor":9.0,"key":"Regal Pillow"}],"event_choices":[{"damage_healed":17.0,"max_hp_gain":0.0,"max_hp_loss":0.0,"gold_gain":0.0,"event_name":"The Cleric","player_choice":"Healed","floor":3.0,"gold_loss":35.0,"damage_taken":0.0},{"cards_removed":["Strike_B"],"damage_healed":0.0,"max_hp_gain":0.0,"max_hp_loss":0.0,"gold_gain":0.0,"event_name":"Bonfire Elementals","player_choice":"Offered Basic","floor":11.0,"gold_loss":0.0,"damage_taken":0.0}],"is_beta":false,"boss_relics":[{"not_picked":["Fusion Hammer","Tiny House"],"picked":"Philosopher\u0027s Stone"}],"items_purged_floors":[],"is_endless":false,"potions_floor_spawned":[1,5,6,10,19],"killed_by":"Cultist and Chosen","ascension_level":20}