{"gold_per_floor":[109,109,184,201,201,232,232,265,290,290,325,344,344],"floor_reached":13,"playtime":326,"items_purged":[],"score":252,"play_id":"24fc362b-5f55-456f-9482-68b9ef3343e1","local_time":"20190522230030","is_ascension_mode":true,"campfire_choices":[{"data":"Zap","floor":7,"key":"SMITH"},{"floor":10,"key":"REST"}],"neow_cost":"NONE","seed_source_timestamp":192750137009480,"circlet_count":0,"master_deck":["AscendersBane","Strike_B","Strike_B","Strike_B","Defend_B","Defend_B","Defend_B","Defend_B","Zap+1","Dualcast","Genetic Algorithm","Go for the Eyes","Ball Lightning","Genetic Algorithm","Sweeping Beam"],"relics":["Cracked Core","NeowsBlessing","Omamori","Thread and Needle","Potion Belt","DataDisk"],"potions_floor_usage":[8,11,11],"damage_taken":[{"damage":0,"enemies":"Cultist","floor":1,"turns":1},{"damage":0,"enemies":"Small Slimes","floor":4,"turns":1},{"damage":0,"enemies":"Lagavulin","floor":6,"turns":1},{"damage":46,"enemies":"3 Sentries","floor":8,"turns":10},{"damage":22,"enemies":"Gremlin Nob","floor":11,"turns":4},{"damage":0,"enemies":"2 Louse","floor":12,"turns":3},{"damage":8,"enemies":"Exordium Thugs","floor":13,"turns":1}],"seed_played":"-232177926969691180","potions_obtained":[{"floor":4,"key":"Fire Potion"},{"floor":6,"key":"Weak Potion"},{"floor":8,"key":"FearPotion"},{"floor":12,"key":"FocusPotion"}],"is_trial":false,"path_per_floor":["M","?","?","M","?","E","R","E","T","R","E","M","M"],"character_chosen":"DEFECT","items_purchased":[],"campfire_rested":1,"item_purchase_floors":[],"current_hp_per_floor":[64,69,58,58,51,51,51,5,5,27,5,5,0],"gold":344,"neow_bonus":"THREE_ENEMY_KILL","is_prod":false,"is_daily":false,"chose_seed":false,"campfire_upgraded":1,"win_rate":0,"timestamp":1558580430,"path_taken":["M","?","?","M","?","E","R","E","T","R","E","M","M"],"build_version":"2019-01-23","purchased_purges":0,"victory":false,"max_hp_per_floor":[71,76,76,76,76,76,76,76,76,76,76,76,76],"card_choices":[{"not_picked":["Sweeping Beam","Hello World"],"picked":"Genetic Algorithm","floor":1},{"not_picked":["Fusion","Coolheaded"],"picked":"Go for the Eyes","floor":4},{"not_picked":["Go for the Eyes","Storm","Chaos"],"picked":"SKIP","floor":6},{"not_picked":["Heatsinks","Stack"],"picked":"Ball Lightning","floor":8},{"not_picked":["Machine Learning","Rebound"],"picked":"Genetic Algorithm","floor":11},{"not_picked":["Rip and Tear","Steam"],"picked":"Sweeping Beam","floor":12}],"player_experience":752765,"relics_obtained":[{"floor":6,"key":"Omamori"},{"floor":8,"key":"Thread and Needle"},{"floor":9,"key":"Potion Belt"},{"floor":11,"key":"DataDisk"}],"event_choices":[{"damage_healed":0,"gold_gain":0,"player_choice":"Donut","damage_taken":0,"max_hp_gain":5,"max_hp_loss":0,"event_name":"Big Fish","floor":2,"gold_loss":0},{"damage_healed":0,"gold_gain":75,"player_choice":"Gather Gold","damage_taken":11,"max_hp_gain":0,"max_hp_loss":0,"event_name":"World of Goop","floor":3,"gold_loss":0},{"cards_removed":["Strike_B"],"damage_healed":0,"gold_gain":0,"player_choice":"Card Removal","damage_taken":7,"max_hp_gain":0,"max_hp_loss":0,"event_name":"Golden Wing","floor":5,"gold_loss":0}],"is_beta":false,"boss_relics":[],"items_purged_floors":[],"is_endless":false,"potions_floor_spawned":[4,6,8,12],"killed_by":"Exordium Thugs","ascension_level":20}