{"gold_per_floor":[112,74,90,9,84,119,294,314,314,314,325,290,300,300,300,404,404,415,74,85,85,104,104,123,142,222,222,222,222,52,52,52,154,154,167,177,177,195,70,90,16,16,70,87,115,115,142,142,142,142],"floor_reached":51,"playtime":3112,"items_purged":["Strike_B","Writhe","Doubt"],"score":700,"play_id":"adbb8edd-1e97-4016-9151-1b0a24fbded3","local_time":"20190309122817","is_ascension_mode":false,"campfire_choices":[{"floor":10.0,"key":"REST"},{"floor":15.0,"key":"REST"},{"data":"Static Discharge","floor":23.0,"key":"SMITH"},{"floor":28,"key":"REST"},{"data":"Fission","floor":32,"key":"SMITH"},{"floor":42,"key":"REST"},{"data":"Buffer","floor":46,"key":"SMITH"},{"floor":49,"key":"REST"}],"neow_cost":"NONE","seed_source_timestamp":0,"circlet_count":0,"master_deck":["Strike_B+1","Strike_B+1","Strike_B+1","Defend_B+1","Defend_B+1","Defend_B+1","Defend_B+1","Zap+1","Dualcast+1","Impatience+1","Ball Lightning+1","Capacitor+1","Storm+1","Heatsinks+1","Electrodynamics+1","Chill+1","Self Repair+1","Chill+1","Buffer+1","White Noise+1","Static Discharge+1","Doom and Gloom+1","Loop+1","Static Discharge+1","Fission+1","Chaos+1","Echo Form+1","Redo+1","Storm+1","Zap+1","Undo+1","Conserve Battery+1","Capacitor+1","Parasite","Redo+1","Meteor Strike+1","Regret"],"special_seed":0,"relics":["Cracked Core","Singing Bowl","Centennial Puzzle","Nuclear Battery","Art of War","Letter Opener","Juzu Bracelet","Cursed Key","Strawberry","The Courier","War Paint","Mark of the Bloom"],"potions_floor_usage":[50],"damage_taken":[{"damage":1.0,"enemies":"Cultist","floor":1.0,"turns":3.0},{"damage":0.0,"enemies":"2 Louse","floor":3.0,"turns":1.0},{"damage":40.0,"enemies":"Lagavulin","floor":6.0,"turns":6.0},{"damage":11.0,"enemies":"Jaw Worm","floor":8.0,"turns":2.0},{"damage":14.0,"enemies":"Large Slime","floor":11.0,"turns":3.0},{"damage":10.0,"enemies":"Looter","floor":13.0,"turns":3.0},{"damage":28.0,"enemies":"The Guardian","floor":16.0,"turns":11.0},{"damage":26.0,"enemies":"Shell Parasite","floor":18.0,"turns":6.0},{"damage":0.0,"enemies":"Chosen","floor":20.0,"turns":4.0},{"damage":25.0,"enemies":"Shelled Parasite and Fungi","floor":22.0,"turns":4.0},{"damage":5.0,"enemies":"Cultist and Chosen","floor":24.0,"turns":4.0},{"damage":21.0,"enemies":"Snake Plant","floor":25.0,"turns":2.0},{"damage":25,"enemies":"Automaton","floor":33,"turns":7},{"damage":1,"enemies":"3 Darklings","floor":35,"turns":4},{"damage":8,"enemies":"Orb Walker","floor":36,"turns":3},{"damage":14,"enemies":"Jaw Worm Horde","floor":38,"turns":2},{"damage":27,"enemies":"Transient","floor":40,"turns":5},{"damage":16,"enemies":"Writhing Mass","floor":44,"turns":4},{"damage":0,"enemies":"Nemesis","floor":45,"turns":5},{"damage":45,"enemies":"Donu and Deca","floor":50,"turns":6}],"seed_played":"-3353538794025289799","potions_obtained":[{"floor":1.0,"key":"SkillPotion"},{"floor":3.0,"key":"AttackPotion"},{"floor":8.0,"key":"LiquidBronze"},{"floor":13.0,"key":"FearPotion"},{"floor":20.0,"key":"Block Potion"},{"floor":25,"key":"Fire Potion"},{"floor":33,"key":"SkillPotion"},{"floor":38,"key":"Block Potion"},{"floor":40,"key":"Weak Potion"}],"is_trial":false,"path_per_floor":["M","$","M","$","?","E","?","M","T","R","M","?","M","?","R","B",null,"M","$","M","?","M","R","M","M","T","?","R","?","$","?","R","B",null,"M","M","?","M","$","M","$","R","T","M","E","R","T","?","R","B",null],"character_chosen":"DEFECT","items_purchased":["Capacitor","Heatsinks","Static Discharge","Doom and Gloom","Art of War","Chaos","Capacitor"],"campfire_rested":5,"item_purchase_floors":[2,4,19,19,19,30,41],"current_hp_per_floor":[74,74,74,74,63,23,23,12,12,34,20,38,35,28,50,29,75,56,56,63,63,38,38,33,21,21,21,44,44,44,44,44,26,77,77,69,69,57,57,30,30,53,60,58,65,65,65,65,65,20],"gold":142,"neow_bonus":"RANDOM_COLORLESS","is_prod":false,"is_daily":false,"chose_seed":false,"campfire_upgraded":3,"win_rate":0,"timestamp":1552156097,"path_taken":["M","?","M","$","?","E","?","M","T","R","?","?","M","?","R","BOSS","M","$","M","?","M","R","M","M","T","?","R","?","$","?","R","BOSS","M","M","?","M","$","M","?","R","T","M","E","R","?","?","R","BOSS"],"build_version":"2019-01-23","purchased_purges":3,"victory":true,"max_hp_per_floor":[75,75,75,75,75,75,75,75,75,75,75,75,75,75,75,75,75,75,75,75,75,75,75,75,77,77,77,77,77,77,77,77,77,77,77,77,77,79,79,79,79,79,86,86,86,86,86,86,86,86],"card_choices":[{"not_picked":["Force Field","Steam"],"picked":"Ball Lightning","floor":1.0},{"not_picked":["Stack","Recycle"],"picked":"Storm","floor":3.0},{"not_picked":["Barrage","Turbo"],"picked":"Electrodynamics","floor":6.0},{"not_picked":["Go for the Eyes","Ball Lightning"],"picked":"Chill","floor":8.0},{"not_picked":["Rebound","Coolheaded"],"picked":"Self Repair","floor":11.0},{"not_picked":["Sweeping Beam","Steam Power"],"picked":"Chill","floor":13.0},{"not_picked":["Amplify","All For One"],"picked":"Buffer","floor":16.0},{"not_picked":["Aggregate","Streamline"],"picked":"White Noise","floor":18.0},{"not_picked":["Hologram+1","Go for the Eyes+1"],"picked":"Loop","floor":20.0},{"not_picked":["Conserve Battery+1","Steam"],"picked":"Static Discharge","floor":22.0},{"not_picked":["Steam","Go for the Eyes"],"picked":"Fission","floor":24.0},{"not_picked":["Steam","Ball Lightning","Gash"],"picked":"Singing Bowl","floor":25},{"not_picked":["Buffer","Rainbow"],"picked":"Echo Form","floor":33},{"not_picked":["Hologram+1","Steam+1"],"picked":"Redo+1","floor":35},{"not_picked":["Coolheaded+1","Force Field"],"picked":"Storm","floor":36},{"not_picked":["Sunder+1","Reinforced Body","Beam Cell"],"picked":"Singing Bowl","floor":38},{"not_picked":["Cold Snap","Go for the Eyes"],"picked":"Conserve Battery+1","floor":40},{"not_picked":["Skim","Gash+1"],"picked":"Redo+1","floor":44},{"not_picked":["Ball Lightning","Cold Snap"],"picked":"Meteor Strike","floor":45}],"player_experience":113265,"relics_obtained":[{"floor":6.0,"key":"Singing Bowl"},{"floor":9.0,"key":"Centennial Puzzle"},{"floor":26,"key":"Letter Opener"},{"floor":43,"key":"Strawberry"},{"floor":45,"key":"The Courier"},{"floor":47,"key":"War Paint"}],"event_choices":[{"damage_healed":0.0,"max_hp_gain":0.0,"max_hp_loss":0.0,"gold_gain":75.0,"event_name":"World of Goop","player_choice":"Gather Gold","floor":5.0,"gold_loss":0.0,"damage_taken":11.0},{"damage_healed":0.0,"max_hp_gain":0.0,"max_hp_loss":0.0,"gold_gain":175.0,"event_name":"Liars Game","player_choice":"AGREE","floor":7.0,"gold_loss":0.0,"damage_taken":0.0,"cards_obtained":["Doubt"]},{"damage_healed":18.0,"max_hp_gain":0.0,"max_hp_loss":0.0,"gold_gain":0.0,"event_name":"The Cleric","player_choice":"Healed","floor":12.0,"gold_loss":35.0,"damage_taken":0.0},{"cards_removed":["Doubt"],"damage_healed":0.0,"max_hp_gain":0.0,"max_hp_loss":0.0,"gold_gain":0.0,"event_name":"Golden Wing","player_choice":"Card Removal","floor":14.0,"gold_loss":0.0,"damage_taken":7.0},{"damage_healed":0.0,"max_hp_gain":0.0,"max_hp_loss":0.0,"gold_gain":0.0,"event_name":"Ghosts","player_choice":"Ignored","floor":21.0,"gold_loss":0.0,"damage_taken":0.0},{"damage_healed":0,"gold_gain":0,"player_choice":"Simplicity","damage_taken":0,"max_hp_gain":0,"max_hp_loss":0,"event_name":"Back to Basics","floor":27,"gold_loss":0,"cards_upgraded":["Strike_B","Strike_B","Strike_B","Defend_B","Defend_B","Defend_B","Defend_B"]},{"damage_healed":0,"gold_gain":0,"player_choice":"Opened","damage_taken":0,"relics_obtained":["Juzu Bracelet"],"max_hp_gain":0,"max_hp_loss":0,"event_name":"The Mausoleum","floor":29,"gold_loss":0,"cards_obtained":["Writhe"]},{"damage_healed":0,"gold_gain":0,"player_choice":"Ignored","damage_taken":0,"max_hp_gain":0,"max_hp_loss":0,"event_name":"Beggar","floor":31,"gold_loss":0},{"damage_healed":0,"gold_gain":0,"player_choice":"3 cards matched","damage_taken":0,"max_hp_gain":0,"max_hp_loss":0,"event_name":"Match and Keep!","floor":37,"gold_loss":0,"cards_obtained":["Doubt","Zap","Undo"]},{"damage_healed":0,"gold_gain":0,"player_choice":"3 cards matched","damage_taken":0,"max_hp_gain":0,"max_hp_loss":0,"event_name":"Match and Keep!","floor":37,"gold_loss":0,"cards_obtained":["Doubt","Zap","Undo"]},{"damage_healed":0,"gold_gain":0,"player_choice":"Upgrade","damage_taken":0,"relics_obtained":["Mark of the Bloom"],"max_hp_gain":0,"max_hp_loss":0,"event_name":"MindBloom","floor":48,"gold_loss":0,"cards_upgraded":["Zap","Dualcast","Impatience","Ball Lightning","Capacitor","Storm","Heatsinks","Electrodynamics","Chill","Self Repair","White Noise","Static Discharge","Doom and Gloom","Loop","Echo Form","Storm","Zap","Undo","Capacitor","Meteor Strike"]}],"is_beta":false,"boss_relics":[{"not_picked":["Inserter","Runic Dome"],"picked":"Nuclear Battery"},{"not_picked":["Black Star","Empty Cage"],"picked":"Cursed Key"}],"items_purged_floors":[19,30,39],"is_endless":false,"potions_floor_spawned":[1,3,8,13,20,25,33,36,38,40,44],"ascension_level":0}