{"gold_per_floor":[119,44,44,60,11,11,11,45,45,72,72,72,72,104,104,175,175,192,204,220,220,220,220,220],"floor_reached":24,"playtime":957,"items_purged":[],"score":411,"play_id":"1b32c51e-7103-4737-83e9-415d8bf769de","local_time":"20190525105922","is_ascension_mode":true,"campfire_choices":[{"data":"Bash","floor":6,"key":"SMITH"},{"data":"Clothesline","floor":11,"key":"SMITH"},{"data":"Shockwave","floor":13,"key":"SMITH"},{"data":"Defend_R","floor":15,"key":"SMITH"},{"data":"Fiend Fire","floor":23,"key":"SMITH"}],"neow_cost":"NONE","seed_source_timestamp":468723209981734,"circlet_count":0,"master_deck":["AscendersBane","Strike_R","Strike_R","Defend_R+1","Defend_R","Defend_R","Defend_R","Bash+1","Headbutt","Wild Strike","Clothesline+1","Shockwave+1","Shrug It Off+1","Exhume+1","Fiend Fire+1","Warcry+1","Entrench+1","RitualDagger"],"relics":["Black Blood","NeowsBlessing","Ancient Tea Set","Magic Flower","Toxic Egg 2","Nilry\u0027s Codex"],"potions_floor_usage":[],"damage_taken":[{"damage":0,"enemies":"Small Slimes","floor":1,"turns":1},{"damage":0,"enemies":"Jaw Worm","floor":4,"turns":1},{"damage":0,"enemies":"3 Sentries","floor":8,"turns":2},{"damage":25,"enemies":"Lagavulin","floor":10,"turns":6},{"damage":17,"enemies":"3 Sentries","floor":14,"turns":8},{"damage":15,"enemies":"The Guardian","floor":16,"turns":14},{"damage":26,"enemies":"2 Thieves","floor":18,"turns":4},{"damage":6,"enemies":"3 Byrds","floor":19,"turns":9},{"damage":27,"enemies":"Snecko","floor":20,"turns":7},{"damage":27,"enemies":"Sentry and Sphere","floor":24,"turns":9}],"seed_played":"-9041887604723130394","potions_obtained":[{"floor":1,"key":"Block Potion"}],"is_trial":false,"path_per_floor":["M","?","?","M","$","R","?","E","T","E","R","$","R","E","R","B",null,"M","M","M","?","?","R","M"],"character_chosen":"IRONCLAD","items_purchased":["PowerPotion"],"campfire_rested":0,"item_purchase_floors":[5],"current_hp_per_floor":[74,74,67,73,73,73,73,75,75,59,59,59,59,51,51,45,68,57,66,54,33,27,27,0],"gold":220,"neow_bonus":"THREE_ENEMY_KILL","is_prod":false,"is_daily":false,"chose_seed":false,"campfire_upgraded":5,"win_rate":0,"timestamp":1558796362,"path_taken":["M","?","?","?","$","R","?","E","T","E","R","$","R","E","R","BOSS","M","?","M","?","?","R","M"],"build_version":"2019-01-23","purchased_purges":0,"victory":false,"max_hp_per_floor":[75,75,75,75,75,75,75,75,75,75,75,75,75,75,75,75,75,75,75,75,75,75,75,75],"card_choices":[{"not_picked":["Dropkick","Havoc"],"picked":"Headbutt","floor":1},{"not_picked":["Second Wind","Heavy Blade"],"picked":"Wild Strike","floor":4},{"not_picked":["Clothesline","Dual Wield"],"picked":"Shockwave","floor":8},{"not_picked":["Thunderclap","Clash"],"picked":"Shrug It Off","floor":10},{"not_picked":["Clothesline","Wild Strike"],"picked":"Exhume+1","floor":14},{"not_picked":["Juggernaut","Bludgeon"],"picked":"Fiend Fire","floor":16},{"not_picked":["Shockwave+1","Headbutt"],"picked":"Warcry+1","floor":18},{"not_picked":["Seeing Red+1","Reckless Charge+1","Carnage"],"picked":"SKIP","floor":19},{"not_picked":["Wild Strike","Blood for Blood"],"picked":"Entrench+1","floor":20}],"player_experience":1324376,"relics_obtained":[{"floor":8,"key":"Ancient Tea Set"},{"floor":9,"key":"Magic Flower"},{"floor":10,"key":"Toxic Egg 2"},{"floor":21,"key":"Nilry\u0027s Codex"}],"event_choices":[{"cards_removed":["Strike_R"],"damage_healed":0,"gold_gain":0,"player_choice":"Card Removal","damage_taken":0,"max_hp_gain":0,"max_hp_loss":0,"event_name":"The Cleric","floor":2,"gold_loss":75},{"cards_removed":["Strike_R"],"damage_healed":0,"gold_gain":0,"player_choice":"Card Removal","damage_taken":7,"max_hp_gain":0,"max_hp_loss":0,"event_name":"Golden Wing","floor":3,"gold_loss":0},{"damage_healed":0,"gold_gain":0,"cards_transformed":["Strike_R"],"player_choice":"Transformed","damage_taken":0,"max_hp_gain":0,"max_hp_loss":0,"event_name":"Transmorgrifier","floor":7,"gold_loss":0,"cards_obtained":["Clothesline"]},{"damage_healed":0,"gold_gain":0,"player_choice":"Obtained Book","damage_taken":21,"max_hp_gain":0,"max_hp_loss":0,"event_name":"Cursed Tome","floor":21,"gold_loss":0},{"damage_healed":0,"gold_gain":0,"player_choice":"Joined the Cult","damage_taken":6,"max_hp_gain":0,"max_hp_loss":0,"event_name":"Nest","floor":22,"gold_loss":0,"cards_obtained":["RitualDagger"]}],"is_beta":false,"boss_relics":[{"not_picked":["Runic Cube","Busted Crown"],"picked":"Black Blood"}],"items_purged_floors":[],"is_endless":false,"potions_floor_spawned":[1,14,18,19],"killed_by":"Sentry and Sphere","ascension_level":15}