{"gold_per_floor":[117,189,199,199,213,213,243,261,306,306,306,326,343,362,362,458,458,476,489,505,505,216,216,216,216],"floor_reached":25,"playtime":1733,"items_purged":[],"score":226,"play_id":"341f0763-ba3b-4284-91bc-aa8ca20307f0","local_time":"20180930234341","is_ascension_mode":true,"campfire_choices":[{"floor":15,"key":"REST"},{"floor":23,"key":"REST"}],"neow_cost":"NONE","seed_source_timestamp":500227075586081,"circlet_count":0,"master_deck":["Strike_R+1","Strike_R+1","Strike_R+1","Strike_R+1","Strike_R+1","Defend_R+1","Defend_R+1","Defend_R+1","Defend_R+1","Bash+1","Inflame","Thunderclap","Flex","Armaments","Rage","Cleave","Headbutt","Feed","Warcry+1","Dual Wield","Clothesline","Writhe"],"relics":["Burning Blood","Kunai","Blood Vial","Sozu","Ginger","Ancient Tea Set"],"potions_floor_usage":[13,18,25,25],"damage_taken":[{"damage":1,"enemies":"2 Louse","floor":1,"turns":3},{"damage":7,"enemies":"Jaw Worm","floor":3,"turns":3},{"damage":4,"enemies":"Cultist","floor":5,"turns":4},{"damage":25,"enemies":"Gremlin Nob","floor":7,"turns":4},{"damage":10,"enemies":"Lots of Slimes","floor":8,"turns":4},{"damage":10,"enemies":"3 Louse","floor":12,"turns":4},{"damage":33,"enemies":"Gremlin Gang","floor":13,"turns":6},{"damage":0,"enemies":"2 Fungi Beasts","floor":14,"turns":3},{"damage":49,"enemies":"Hexaghost","floor":16,"turns":9},{"damage":22,"enemies":"2 Thieves","floor":18,"turns":3},{"damage":22,"enemies":"Shell Parasite","floor":19,"turns":5},{"damage":49,"enemies":"Centurion and Healer","floor":20,"turns":7},{"damage":47,"enemies":"Gremlin Leader","floor":25,"turns":6}],"seed_played":"-387231777313584909","potions_obtained":[{"floor":7,"key":"Dexterity Potion"},{"floor":11,"key":"LiquidBronze"},{"floor":11,"key":"Dexterity Potion"},{"floor":13,"key":"FearPotion"},{"floor":14,"key":"FairyPotion"},{"floor":16,"key":"SteroidPotion"}],"is_trial":false,"path_per_floor":["M","?","M","$","M","$","E","M","T","?","?","M","M","M","R","B",null,"M","M","M","?","$","R","?"],"character_chosen":"IRONCLAD","items_purchased":["Ginger"],"campfire_rested":2,"item_purchase_floors":[22],"current_hp_per_floor":[80,80,79,79,80,80,61,57,57,62,62,60,35,43,67,26,80,68,54,16,16,16,42,42,0],"gold":216,"neow_bonus":"UPGRADE_CARD","is_prod":false,"is_daily":false,"chose_seed":false,"campfire_upgraded":0,"win_rate":0,"timestamp":1538365421,"path_taken":["M","?","?","$","M","?","E","M","T","?","?","M","M","M","R","BOSS","M","M","M","?","$","R","?","E"],"build_version":"2018-09-27","purchased_purges":0,"victory":false,"max_hp_per_floor":[80,80,80,80,80,80,80,80,80,80,80,80,80,80,80,80,80,84,84,87,87,87,87,87,87],"card_choices":[{"not_picked":["Clash","Pummel"],"picked":"True Grit","floor":1},{"not_picked":["Warcry","Body Slam"],"picked":"Inflame","floor":3},{"not_picked":["Warcry","Clash"],"picked":"Thunderclap","floor":5},{"not_picked":["Juggernaut","True Grit"],"picked":"Flex","floor":7},{"not_picked":["True Grit","Wild Strike"],"picked":"Armaments","floor":8},{"not_picked":["Heavy Blade","Evolve"],"picked":"Rage","floor":12},{"not_picked":["Seeing Red","Armaments"],"picked":"Cleave","floor":13},{"not_picked":["Sever Soul","Sword Boomerang"],"picked":"Headbutt","floor":14},{"not_picked":["Bludgeon","Brutality"],"picked":"Feed","floor":16},{"not_picked":["Power Through+1","Havoc"],"picked":"Warcry+1","floor":18},{"not_picked":["Shrug It Off","Rampage"],"picked":"Dual Wield","floor":19},{"not_picked":["Flex","Sword Boomerang"],"picked":"Clothesline","floor":20}],"player_experience":115903,"relics_obtained":[{"floor":7,"key":"Kunai"},{"floor":9,"key":"Blood Vial"}],"event_choices":[{"event_name":"Golden Wing","player_choice":"Gained Gold","floor":2,"damage_taken":0},{"event_name":"Bonfire Elementals","player_choice":"COMMON","floor":10,"damage_taken":0},{"event_name":"The Lab","player_choice":"Got Potions","floor":11,"damage_taken":0},{"event_name":"Back to Basics","player_choice":"Simplicity","floor":21,"damage_taken":0},{"event_name":"The Mausoleum","player_choice":"Yes","floor":24,"damage_taken":0}],"is_beta":false,"boss_relics":[{"not_picked":["Coffee Dripper","Empty Cage"],"picked":"Sozu"}],"items_purged_floors":[],"is_endless":false,"potions_floor_spawned":[7,13,14,16,18,20],"killed_by":"Gremlin Leader","ascension_level":2}