{"gold_per_floor":[111,127,144,163,163,194,207,207,234,409,409],"floor_reached":11,"playtime":962,"items_purged":[],"score":75,"play_id":"8796ac07-3394-4cdf-ba94-e97953ecdfdb","local_time":"20190408190402","is_ascension_mode":false,"campfire_choices":[{"data":"Self Repair","floor":8,"key":"SMITH"}],"neow_cost":"NONE","seed_source_timestamp":2958964252840201,"circlet_count":0,"master_deck":["Strike_B","Strike_B","Strike_B","Defend_B","Defend_B","Defend_B","Defend_B","Zap","Dualcast","BootSequence","Capacitor","Hologram","Self Repair+1","Leap","Blizzard","Doubt"],"relics":["Cracked Core","Bronze Scales","Juzu Bracelet"],"potions_floor_usage":[],"damage_taken":[{"damage":0,"enemies":"Small Slimes","floor":1,"turns":2},{"damage":10,"enemies":"Cultist","floor":2,"turns":4},{"damage":2,"enemies":"Jaw Worm","floor":3,"turns":5},{"damage":3,"enemies":"Exordium Wildlife","floor":4,"turns":4},{"damage":42,"enemies":"Lagavulin","floor":6,"turns":8},{"damage":9,"enemies":"Blue Slaver","floor":7,"turns":4},{"damage":18,"enemies":"Gremlin Nob","floor":11,"turns":4}],"seed_played":"-8612467491772504964","potions_obtained":[{"floor":2,"key":"PowerPotion"},{"floor":3,"key":"Strength Potion"},{"floor":4,"key":"PowerPotion"}],"is_trial":false,"path_per_floor":["M","M","M","M","?","E","M","R","T","?","E"],"character_chosen":"DEFECT","items_purchased":[],"campfire_rested":0,"item_purchase_floors":[],"current_hp_per_floor":[82,72,70,67,67,32,30,30,30,30,12],"gold":409,"neow_bonus":"TEN_PERCENT_HP_BONUS","is_prod":false,"is_daily":false,"chose_seed":false,"campfire_upgraded":1,"win_rate":0.0,"timestamp":1554764642,"path_taken":["M","M","M","M","?","E","?","R","T","?","E"],"build_version":"2019-01-23","purchased_purges":0,"victory":false,"max_hp_per_floor":[82,82,82,82,82,82,82,82,82,82,82],"card_choices":[{"not_picked":["Go for the Eyes","Redo"],"picked":"BootSequence","floor":1},{"not_picked":["Ball Lightning","Double Energy"],"picked":"Capacitor","floor":2},{"not_picked":["Redo","Beam Cell"],"picked":"Hologram","floor":3},{"not_picked":["Sweeping Beam","Creative AI"],"picked":"Self Repair","floor":4},{"not_picked":["Double Energy","Steam"],"picked":"Leap","floor":6},{"not_picked":["Stack","Hologram"],"picked":"Blizzard","floor":7}],"player_experience":54633,"relics_obtained":[{"floor":6,"key":"Bronze Scales"},{"floor":9,"key":"Juzu Bracelet"}],"event_choices":[{"cards_removed":["Strike_B"],"damage_healed":0,"gold_gain":0,"player_choice":"Purged","damage_taken":0,"max_hp_gain":0,"max_hp_loss":0,"event_name":"Purifier","floor":5,"gold_loss":0},{"damage_healed":0,"gold_gain":175,"player_choice":"AGREE","damage_taken":0,"max_hp_gain":0,"max_hp_loss":0,"event_name":"Liars Game","floor":10,"gold_loss":0,"cards_obtained":["Doubt"]}],"is_beta":false,"boss_relics":[],"items_purged_floors":[],"is_endless":false,"potions_floor_spawned":[2,3,4,7],"killed_by":"Gremlin Nob","ascension_level":0}