{"gold_per_floor":[116,116,133,133,149,175,175,236,236,93,93,118,134,148,148,253,303,319,409,17,34,49,49,62,62],"floor_reached":25,"playtime":2922,"items_purged":["Strike_G","Defend_G"],"score":234,"play_id":"a3d6c07a-5f59-46f3-a880-07b8cef8a23f","local_time":"20190426170453","is_ascension_mode":true,"campfire_choices":[{"data":"Infinite Blades","floor":7,"key":"SMITH"},{"floor":11,"key":"REST"},{"data":"Footwork","floor":15,"key":"SMITH"},{"floor":23,"key":"REST"}],"neow_cost":"PERCENT_DAMAGE","seed_source_timestamp":4505006020105974,"circlet_count":0,"master_deck":["Defend_G","Defend_G","Defend_G+1","Strike_G","Strike_G","Strike_G","Survivor","Neutralize","Deadly Poison","Infinite Blades+1","Dash","Acrobatics","Footwork+1","Tactician","Backflip","A Thousand Cuts","A Thousand Cuts","Finisher","Leg Sweep","Bouncing Flask+1","Calculated Gamble"],"relics":["Ring of the Snake","Gambling Chip","Calipers","Ancient Tea Set","Matryoshka","Ninja Scroll","Tiny House","Torii"],"potions_floor_usage":[6,13,16,18,22],"damage_taken":[{"damage":0,"enemies":"2 Louse","floor":1,"turns":3},{"damage":1,"enemies":"Small Slimes","floor":3,"turns":3},{"damage":6,"enemies":"Jaw Worm","floor":5,"turns":4},{"damage":9,"enemies":"Gremlin Nob","floor":6,"turns":5},{"damage":16,"enemies":"Gremlin Nob","floor":8,"turns":4},{"damage":27,"enemies":"3 Sentries","floor":12,"turns":8},{"damage":5,"enemies":"Gremlin Gang","floor":13,"turns":5},{"damage":0,"enemies":"Large Slime","floor":14,"turns":5},{"damage":19,"enemies":"The Guardian","floor":16,"turns":11},{"damage":0,"enemies":"Shell Parasite","floor":18,"turns":6},{"damage":16,"enemies":"Spheric Guardian","floor":21,"turns":6},{"damage":24,"enemies":"Chosen and Byrds","floor":22,"turns":9},{"damage":11,"enemies":"Cultist and Chosen","floor":24,"turns":8},{"damage":36,"enemies":"Gremlin Leader","floor":25,"turns":5}],"seed_played":"-886981752323446327","potions_obtained":[{"floor":5,"key":"Weak Potion"},{"floor":12,"key":"Regen Potion"},{"floor":14,"key":"SkillPotion"},{"floor":17,"key":"Energy Potion"},{"floor":21,"key":"GamblersBrew"},{"floor":24,"key":"GamblersBrew"}],"is_trial":false,"path_per_floor":["M","?","M","?","M","E","R","?","T","$","R","E","M","M","R","B",null,"M","?","$","M","M","R","M","E"],"character_chosen":"THE_SILENT","items_purchased":["Footwork","Torii"],"campfire_rested":2,"item_purchase_floors":[10,20],"current_hp_per_floor":[49,37,36,59,53,44,44,28,28,28,49,22,31,31,31,12,75,75,61,61,45,21,43,32,0],"gold":62,"neow_bonus":"REMOVE_TWO","is_prod":false,"is_daily":false,"chose_seed":false,"campfire_upgraded":2,"win_rate":0,"timestamp":1556312693,"path_taken":["M","?","M","?","M","E","R","?","T","$","R","E","M","M","R","BOSS","M","?","$","M","?","R","M","E"],"build_version":"2019-01-23","purchased_purges":2,"victory":false,"max_hp_per_floor":[70,70,70,70,70,70,70,70,70,70,70,70,70,70,70,70,75,75,75,75,75,75,75,75,75],"card_choices":[{"not_picked":["Endless Agony","Riddle With Holes"],"picked":"Deadly Poison","floor":1},{"not_picked":["Deadly Poison","Dagger Throw"],"picked":"Infinite Blades","floor":3},{"not_picked":["Escape Plan","Quick Slash"],"picked":"Dash","floor":5},{"not_picked":["Choke","Dagger Throw"],"picked":"Acrobatics","floor":6},{"not_picked":["Sucker Punch","Endless Agony"],"picked":"Tactician","floor":12},{"not_picked":["Flying Knee","Deadly Poison"],"picked":"Backflip","floor":13},{"not_picked":["Eviscerate","Calculated Gamble"],"picked":"A Thousand Cuts","floor":14},{"not_picked":["Phantasmal Killer","Die Die Die"],"picked":"A Thousand Cuts","floor":16},{"not_picked":["Eviscerate","Choke"],"picked":"Finisher","floor":17},{"not_picked":["Slice+1","Flechettes+1"],"picked":"Leg Sweep","floor":18},{"not_picked":["Finisher","Flechettes+1","Poisoned Stab+1"],"picked":"SKIP","floor":21},{"not_picked":["Deadly Poison+1","Acrobatics+1"],"picked":"Bouncing Flask+1","floor":22},{"not_picked":["Poisoned Stab+1","Deflect"],"picked":"Calculated Gamble","floor":24}],"player_experience":159489,"relics_obtained":[{"floor":6,"key":"Calipers"},{"floor":8,"key":"Ancient Tea Set"},{"floor":9,"key":"Matryoshka"},{"floor":12,"key":"Ninja Scroll"}],"event_choices":[{"damage_healed":0,"gold_gain":0,"player_choice":"Success","damage_taken":12,"relics_obtained":["Gambling Chip"],"max_hp_gain":0,"max_hp_loss":0,"event_name":"Scrap Ooze","floor":2,"gold_loss":0},{"damage_healed":23,"gold_gain":0,"player_choice":"Banana","damage_taken":0,"max_hp_gain":0,"max_hp_loss":0,"event_name":"Big Fish","floor":4,"gold_loss":0},{"damage_healed":0,"gold_gain":0,"player_choice":"Searched \u00271\u0027 times","damage_taken":0,"max_hp_gain":0,"max_hp_loss":0,"event_name":"Dead Adventurer","floor":8,"gold_loss":0},{"damage_healed":0,"gold_gain":90,"player_choice":"GOLD ","damage_taken":14,"max_hp_gain":0,"max_hp_loss":0,"event_name":"Knowing Skull","floor":19,"potions_obtained":[],"gold_loss":0,"cards_obtained":[]}],"is_beta":false,"boss_relics":[{"not_picked":["Lizard Tail","Orrery"],"picked":"Tiny House"}],"items_purged_floors":[10,20],"is_endless":false,"potions_floor_spawned":[5,12,14,21,24],"killed_by":"Gremlin Leader","ascension_level":2}