{"gold_per_floor":[112,112,132,57,57,91,103,103,103,113,123,123,158,174,174,251,251,271,271,289,309,259,286,299,299,381,381,381,393,393,7,7,7],"floor_reached":33,"playtime":1917,"items_purged":["Strike_B"],"score":604,"play_id":"30e53138-52d7-4668-89be-b2d66346a4ca","local_time":"20190515000103","is_ascension_mode":true,"campfire_choices":[{"data":"Zap","floor":8.0,"key":"SMITH"},{"data":"1","floor":12.0,"key":"LIFT"},{"data":"2","floor":15.0,"key":"LIFT"},{"data":"3","floor":25,"key":"LIFT"},{"data":"Coolheaded","floor":27,"key":"SMITH"},{"data":"Coolheaded","floor":30,"key":"SMITH"},{"floor":32,"key":"REST"}],"neow_cost":"NONE","seed_source_timestamp":32268222366541,"circlet_count":0,"master_deck":["AscendersBane","Strike_B+1","Strike_B+1","Strike_B+1","Defend_B+1","Defend_B+1","Defend_B+1","Zap+1","Dualcast","Coolheaded+1","Rebound","Storm","Cold Snap","Leap","Reprogram","Biased Cognition","Rip and Tear","Echo Form+1","Coolheaded+1","Stack","Genetic Algorithm+1","Hologram+1","Cold Snap","Seek"],"special_seed":0,"relics":["Cracked Core","NeowsBlessing","Mango","Girya","Anchor","Nuclear Battery","Pantograph","Sundial","PrismaticShard"],"potions_floor_usage":[],"damage_taken":[{"damage":0.0,"enemies":"Jaw Worm","floor":1.0,"turns":1.0},{"damage":0.0,"enemies":"Small Slimes","floor":3.0,"turns":1.0},{"damage":0.0,"enemies":"3 Sentries","floor":6.0,"turns":1.0},{"damage":0.0,"enemies":"Cultist","floor":7.0,"turns":4.0},{"damage":12.0,"enemies":"Blue Slaver","floor":10.0,"turns":3.0},{"damage":2.0,"enemies":"2 Fungi Beasts","floor":11.0,"turns":4.0},{"damage":4.0,"enemies":"Gremlin Nob","floor":13.0,"turns":3.0},{"damage":0.0,"enemies":"Gremlin Gang","floor":14.0,"turns":5.0},{"damage":47.0,"enemies":"The Guardian","floor":16.0,"turns":14.0},{"damage":0.0,"enemies":"3 Byrds","floor":18.0,"turns":3.0},{"damage":4.0,"enemies":"Spheric Guardian","floor":20.0,"turns":4.0},{"damage":3.0,"enemies":"3 Cultists","floor":21.0,"turns":5.0},{"damage":3.0,"enemies":"Book of Stabbing","floor":23.0,"turns":5.0},{"damage":27,"enemies":"Chosen and Byrds","floor":24,"turns":8},{"damage":10,"enemies":"Shelled Parasite and Fungi","floor":29,"turns":9},{"damage":107,"enemies":"Champ","floor":33,"turns":13}],"seed_played":"-479126798978044666","potions_obtained":[{"floor":7.0,"key":"AttackPotion"},{"floor":11.0,"key":"GamblersBrew"},{"floor":16.0,"key":"EssenceOfSteel"},{"floor":20.0,"key":"Strength Potion"}],"is_trial":false,"path_per_floor":["M","?","M","$","?","E","M","R","T","M","M","R","E","M","R","B",null,"M","?","M","M","?","E","M","R","T","R","$","M","R","$","R","B"],"character_chosen":"DEFECT","items_purchased":["PrismaticShard","Seek"],"campfire_rested":1,"item_purchase_floors":[31,31],"current_hp_per_floor":[64,64,64,64,64,78,78,78,78,66,64,64,60,60,60,13,67,67,67,63,60,60,57,30,30,30,30,30,20,20,20,45,0],"gold":7,"neow_bonus":"THREE_ENEMY_KILL","is_prod":false,"is_daily":false,"chose_seed":false,"campfire_upgraded":3,"win_rate":0,"timestamp":1557892863,"path_taken":["M","?","M","$","?","E","?","R","T","M","M","R","E","M","R","BOSS","M","?","M","M","?","E","M","R","T","R","$","M","R","$","R","BOSS"],"build_version":"2019-01-23","purchased_purges":1,"victory":false,"max_hp_per_floor":[71,71,71,71,71,85,85,85,85,85,85,85,85,85,85,85,85,85,85,85,85,85,85,85,85,85,85,85,85,85,85,85,85],"card_choices":[{"not_picked":["Redo","Streamline"],"picked":"Coolheaded","floor":1.0},{"not_picked":["Skim","Recycle"],"picked":"Rebound","floor":3.0},{"not_picked":["Steam Power","Rebound","Hologram"],"picked":"SKIP","floor":6.0},{"not_picked":["Turbo","Gash"],"picked":"Cold Snap","floor":7.0},{"not_picked":["Hello World","Barrage"],"picked":"Leap","floor":10.0},{"not_picked":["Rebound","Consume"],"picked":"Reprogram","floor":11.0},{"not_picked":["Cold Snap","Chaos"],"picked":"Biased Cognition","floor":13.0},{"not_picked":["Steam","Compile Driver"],"picked":"Rip and Tear","floor":14.0},{"not_picked":["Creative AI","Biased Cognition"],"picked":"Echo Form","floor":16.0},{"not_picked":["Lockon","Aggregate"],"picked":"Coolheaded","floor":18.0},{"not_picked":["Scrape","Darkness"],"picked":"Stack","floor":20.0},{"not_picked":["Leap","Beam Cell"],"picked":"Genetic Algorithm+1","floor":21.0},{"not_picked":["Gash","Lockon"],"picked":"Hologram+1","floor":23.0},{"not_picked":["Hologram","Barrage","Aggregate"],"picked":"SKIP","floor":24},{"not_picked":["Turbo","Defragment"],"picked":"Cold Snap","floor":29}],"player_experience":635358,"relics_obtained":[{"floor":6.0,"key":"Mango"},{"floor":9.0,"key":"Girya"},{"floor":13.0,"key":"Anchor"},{"floor":23.0,"key":"Pantograph"},{"floor":26,"key":"Sundial"}],"event_choices":[{"damage_healed":0.0,"max_hp_gain":0.0,"max_hp_loss":0.0,"gold_gain":0.0,"event_name":"The Cleric","player_choice":"Leave","floor":2.0,"gold_loss":0.0,"damage_taken":0.0},{"damage_healed":0.0,"max_hp_gain":0.0,"max_hp_loss":0.0,"gold_gain":0.0,"cards_transformed":["Defend_B"],"event_name":"Transmorgrifier","player_choice":"Transformed","floor":5.0,"gold_loss":0.0,"damage_taken":0.0,"cards_obtained":["Storm"]},{"damage_healed":0.0,"max_hp_gain":0.0,"max_hp_loss":0.0,"gold_gain":0.0,"event_name":"Back to Basics","player_choice":"Simplicity","floor":19.0,"gold_loss":0.0,"damage_taken":0.0,"cards_upgraded":["Strike_B","Strike_B","Strike_B","Defend_B","Defend_B","Defend_B"]},{"damage_healed":0.0,"max_hp_gain":0.0,"max_hp_loss":0.0,"gold_gain":0.0,"event_name":"Designer","player_choice":"Upgrade","floor":22.0,"gold_loss":50.0,"damage_taken":0.0,"cards_upgraded":["Echo Form"]}],"is_beta":false,"boss_relics":[{"not_picked":["Cursed Key","Philosopher\u0027s Stone"],"picked":"Nuclear Battery"}],"items_purged_floors":[4],"is_endless":false,"potions_floor_spawned":[7,11,16,20],"killed_by":"Champ","ascension_level":20}