{"gold_per_floor":[119,139,214,214,232,232,243,243,314,330,11,11,38,38,38,116,116,130,130,145,145,162,189,189,205,205,205,225,238,264,189,189,189],"floor_reached":33,"playtime":2003,"items_purged":["Defend_B"],"score":599,"play_id":"dce0f92b-c6c5-45d2-934e-2e9b40807e13","local_time":"20190519232249","is_ascension_mode":true,"campfire_choices":[{"data":"Zap","floor":6.0,"key":"SMITH"},{"data":"Darkness","floor":8.0,"key":"SMITH"},{"floor":12.0,"key":"REST"},{"data":"Coolheaded","floor":15.0,"key":"SMITH"},{"data":"Dualcast","floor":24.0,"key":"SMITH"},{"floor":27.0,"key":"REST"},{"floor":32,"key":"REST"}],"neow_cost":"NONE","seed_source_timestamp":462165645052693,"circlet_count":0,"master_deck":["AscendersBane","Defend_B","Defend_B","Defend_B","Zap+1","Dualcast+1","Doom and Gloom","Go for the Eyes","Coolheaded+1","Darkness+1","FTL","Core Surge","Bite","Bite","Bite","Bite","Bite","Coolheaded+1","Glacier","Undo","Turbo+1","Defragment","Compile Driver","Electrodynamics","Reinforced Body+1"],"special_seed":0,"relics":["Cracked Core","Shuriken","Emotion Chip","DataDisk","Velvet Choker","Anchor","Centennial Puzzle","Dream Catcher"],"potions_floor_usage":[30,33],"damage_taken":[{"damage":7.0,"enemies":"Small Slimes","floor":1.0,"turns":3.0},{"damage":2.0,"enemies":"2 Louse","floor":2.0,"turns":3.0},{"damage":4.0,"enemies":"Jaw Worm","floor":5.0,"turns":3.0},{"damage":0.0,"enemies":"2 Fungi Beasts","floor":7.0,"turns":2.0},{"damage":6.0,"enemies":"Exordium Wildlife","floor":10.0,"turns":3.0},{"damage":17.0,"enemies":"3 Sentries","floor":13.0,"turns":5.0},{"damage":31.0,"enemies":"Hexaghost","floor":16.0,"turns":6.0},{"damage":1.0,"enemies":"Spheric Guardian","floor":18.0,"turns":3.0},{"damage":0.0,"enemies":"Chosen","floor":20.0,"turns":3.0},{"damage":11.0,"enemies":"3 Cultists","floor":22.0,"turns":4.0},{"damage":23.0,"enemies":"Slavers","floor":23.0,"turns":3.0},{"damage":4.0,"enemies":"Sentry and Sphere","floor":25.0,"turns":4.0},{"damage":20.0,"enemies":"Snecko","floor":28.0,"turns":8.0},{"damage":4.0,"enemies":"Centurion and Healer","floor":29.0,"turns":7.0},{"damage":39,"enemies":"Gremlin Leader","floor":30,"turns":9},{"damage":54,"enemies":"Collector","floor":33,"turns":8}],"seed_played":"4632943342006855802","potions_obtained":[{"floor":2.0,"key":"Strength Potion"},{"floor":5.0,"key":"Dexterity Potion"},{"floor":13.0,"key":"Dexterity Potion"},{"floor":20.0,"key":"Weak Potion"},{"floor":22.0,"key":"Fire Potion"},{"floor":30,"key":"Energy Potion"}],"is_trial":false,"path_per_floor":["M","M","?","?","M","R","M","R","T","M","$","R","E","?","R","B",null,"M","?","M","?","M","E","R","M","T","R","M","M","E","$","R","B"],"character_chosen":"DEFECT","items_purchased":["Emotion Chip"],"campfire_rested":3,"item_purchase_floors":[11],"current_hp_per_floor":[57,55,44,44,40,40,40,40,40,34,34,55,38,61,61,30,61,60,49,49,49,42,25,25,29,29,43,35,45,12,12,26,0],"gold":189,"neow_bonus":"THREE_CARDS","is_prod":false,"is_daily":false,"chose_seed":false,"campfire_upgraded":4,"win_rate":0,"timestamp":1558322569,"path_taken":["M","M","?","?","M","R","M","R","T","M","?","R","E","?","R","BOSS","M","?","M","?","M","E","R","?","T","R","M","M","E","$","R","BOSS"],"build_version":"2019-01-23","purchased_purges":1,"victory":false,"max_hp_per_floor":[71,71,71,71,71,71,71,71,71,71,71,71,71,71,71,71,71,71,49,49,49,49,49,49,49,49,49,49,49,49,49,49,49],"card_choices":[{"not_picked":["Leap","Barrage"],"picked":"Doom and Gloom","floor":0.0},{"not_picked":["Beam Cell","Aggregate"],"picked":"Go for the Eyes","floor":1.0},{"not_picked":["Barrage","Storm","Rebound"],"picked":"SKIP","floor":2.0},{"not_picked":["Sunder","Conserve Battery"],"picked":"Coolheaded","floor":5.0},{"not_picked":["Rebound","Fusion"],"picked":"Darkness","floor":7.0},{"not_picked":["Beam Cell","Stack"],"picked":"FTL","floor":10.0},{"not_picked":["Scrape","White Noise","Lockon"],"picked":"SKIP","floor":13.0},{"not_picked":["Reboot","Electrodynamics"],"picked":"Core Surge","floor":16.0},{"not_picked":["Turbo","Lockon+1","Streamline"],"picked":"SKIP","floor":18.0},{"not_picked":["Cold Snap","Doom and Gloom+1"],"picked":"Coolheaded","floor":20.0},{"not_picked":["Beam Cell","Barrage"],"picked":"Glacier","floor":22.0},{"not_picked":["Beam Cell+1","Streamline"],"picked":"Undo","floor":23.0},{"not_picked":["Reinforced Body","Go for the Eyes"],"picked":"Turbo+1","floor":25.0},{"not_picked":["Genetic Algorithm","Leap"],"picked":"Defragment","floor":28.0},{"not_picked":["Glacier+1","Sunder"],"picked":"Compile Driver","floor":29.0},{"not_picked":["Barrage","BootSequence+1"],"picked":"Electrodynamics","floor":30},{"not_picked":["Coolheaded","Beam Cell"],"picked":"Reinforced Body+1","floor":32}],"player_experience":713258,"relics_obtained":[{"floor":9.0,"key":"Shuriken"},{"floor":13.0,"key":"DataDisk"},{"floor":23.0,"key":"Anchor"},{"floor":26.0,"key":"Centennial Puzzle"},{"floor":30,"key":"Dream Catcher"}],"event_choices":[{"damage_healed":0.0,"max_hp_gain":0.0,"max_hp_loss":0.0,"gold_gain":75.0,"event_name":"World of Goop","player_choice":"Gather Gold","floor":3.0,"gold_loss":0.0,"damage_taken":11.0},{"damage_healed":0.0,"max_hp_gain":0.0,"max_hp_loss":0.0,"gold_gain":0.0,"event_name":"Liars Game","player_choice":"Ignored","floor":4.0,"gold_loss":0.0,"damage_taken":0.0},{"damage_healed":23.0,"max_hp_gain":0.0,"max_hp_loss":0.0,"gold_gain":0.0,"event_name":"Big Fish","player_choice":"Banana","floor":14.0,"gold_loss":0.0,"damage_taken":0.0},{"damage_healed":0.0,"max_hp_gain":0.0,"max_hp_loss":22.0,"gold_gain":0.0,"event_name":"Vampires","player_choice":"Became a vampire","floor":19.0,"gold_loss":0.0,"damage_taken":0.0,"cards_obtained":["Bite","Bite","Bite","Bite","Bite"]},{"damage_healed":0.0,"max_hp_gain":0.0,"max_hp_loss":0.0,"gold_gain":0.0,"event_name":"Upgrade Shrine","player_choice":"Upgraded","floor":21.0,"gold_loss":0.0,"damage_taken":0.0,"cards_upgraded":["Coolheaded"]}],"is_beta":false,"boss_relics":[{"not_picked":["Lizard Tail","Tiny House"],"picked":"Velvet Choker"}],"items_purged_floors":[31],"is_endless":false,"potions_floor_spawned":[2,5,13,20,22,30],"killed_by":"Collector","ascension_level":20}