{"gold_per_floor":[366,376,376,223,223,223,258,258,258,282,298,573,591,612,612,733,733,746,338,356,356],"floor_reached":21,"playtime":1566,"items_purged":["Regret"],"score":290,"play_id":"3a10d514-86b6-498e-a030-4511bdd73a2c","local_time":"20190503174350","is_ascension_mode":true,"campfire_choices":[{"data":"Neutralize","floor":6,"key":"SMITH"},{"floor":8,"key":"REST"},{"floor":15,"key":"REST"}],"neow_cost":"TEN_PERCENT_HP_LOSS","seed_source_timestamp":5113520693042440,"circlet_count":0,"master_deck":["AscendersBane","Defend_G","Defend_G","Defend_G","Defend_G","Defend_G+1","Strike_G","Strike_G","Strike_G","Strike_G","Strike_G","Survivor+1","Neutralize+1","Dagger Throw","Caltrops","Terror","Injury","Backstab","Envenom","Flying Knee","Malaise","Flying Knee+1","Bandage Up","Leg Sweep"],"relics":["Ring of the Snake","Golden Idol","Art of War","Bronze Scales","Eternal Feather","Strawberry"],"potions_floor_usage":[16,16],"damage_taken":[{"damage":2,"enemies":"2 Louse","floor":1,"turns":3},{"damage":1,"enemies":"Cultist","floor":2,"turns":3},{"damage":32,"enemies":"Gremlin Nob","floor":7,"turns":5},{"damage":4,"enemies":"Small Slimes","floor":10,"turns":3},{"damage":0,"enemies":"3 Louse","floor":11,"turns":3},{"damage":11,"enemies":"Exordium Wildlife","floor":13,"turns":4},{"damage":9,"enemies":"2 Fungi Beasts","floor":14,"turns":3},{"damage":20,"enemies":"The Guardian","floor":16,"turns":10},{"damage":10,"enemies":"Shell Parasite","floor":18,"turns":7},{"damage":0,"enemies":"3 Byrds","floor":20,"turns":3},{"damage":50,"enemies":"Cultist and Chosen","floor":21,"turns":10}],"seed_played":"-7918839685906293472","potions_obtained":[{"floor":7,"key":"Fire Potion"},{"floor":10,"key":"GhostInAJar"},{"floor":16,"key":"Ancient Potion"},{"floor":18,"key":"FearPotion"}],"is_trial":false,"path_per_floor":["M","M","?","$","?","R","E","R","T","M","M","?","M","M","R","B",null,"M","$","M","M"],"character_chosen":"THE_SILENT","items_purchased":["Caltrops","Terror","Bandage Up","Leg Sweep","Strawberry"],"campfire_rested":2,"item_purchase_floors":[4,4,19,19,19],"current_hp_per_floor":[61,60,47,47,47,47,15,33,33,29,29,29,18,9,27,7,49,39,46,46,0],"gold":356,"neow_bonus":"TWO_FIFTY_GOLD","is_prod":false,"is_daily":false,"chose_seed":false,"campfire_upgraded":1,"win_rate":0,"timestamp":1556919830,"path_taken":["M","M","?","$","?","R","E","R","T","M","M","?","M","?","R","BOSS","M","$","M","M"],"build_version":"2019-01-23","purchased_purges":1,"victory":false,"max_hp_per_floor":[63,63,63,63,63,63,63,63,63,63,63,63,63,63,63,63,63,63,70,70,70],"card_choices":[{"not_picked":["Dodge and Roll","Concentrate"],"picked":"Dagger Throw","floor":1},{"not_picked":["Distraction","Dodge and Roll","Bane"],"picked":"SKIP","floor":2},{"not_picked":["Poisoned Stab","Riddle With Holes","Outmaneuver"],"picked":"SKIP","floor":7},{"not_picked":["Dagger Throw","Poisoned Stab","Deflect"],"picked":"SKIP","floor":10},{"not_picked":["Bouncing Flask","Poisoned Stab"],"picked":"Backstab","floor":11},{"not_picked":["Underhanded Strike","Flechettes"],"picked":"Envenom","floor":13},{"not_picked":["Dagger Spray","Underhanded Strike"],"picked":"Flying Knee","floor":14},{"not_picked":["Venomology","Wraith Form v2"],"picked":"Malaise","floor":16},{"not_picked":["Cloak And Dagger","Poisoned Stab"],"picked":"Flying Knee+1","floor":18},{"not_picked":["Riddle With Holes","Dagger Throw","Terror"],"picked":"SKIP","floor":20}],"player_experience":271787,"relics_obtained":[{"floor":7,"key":"Art of War"},{"floor":9,"key":"Bronze Scales"}],"event_choices":[{"damage_healed":0,"gold_gain":0,"player_choice":"Entered Light","damage_taken":13,"max_hp_gain":0,"max_hp_loss":0,"event_name":"Shining Light","floor":3,"gold_loss":0,"cards_upgraded":["Survivor","Defend_G"]},{"damage_healed":0,"gold_gain":0,"player_choice":"Take Wound","damage_taken":0,"relics_obtained":["Golden Idol"],"max_hp_gain":0,"max_hp_loss":0,"event_name":"Golden Idol","floor":5,"gold_loss":0,"cards_obtained":["Injury"]},{"damage_healed":0,"gold_gain":275,"player_choice":"Desecrate","damage_taken":0,"max_hp_gain":0,"max_hp_loss":0,"event_name":"Golden Shrine","floor":12,"gold_loss":0,"cards_obtained":["Regret"]}],"is_beta":false,"boss_relics":[{"not_picked":["Velvet Choker","Tiny House"],"picked":"Eternal Feather"}],"items_purged_floors":[19],"is_endless":false,"potions_floor_spawned":[7,10,16,18],"killed_by":"Cultist and Chosen","ascension_level":12}