{"gold_per_floor":[114,32,47,62,77,77,107,107,107,107,107,122,137,152,152,252,252,267,267,67,82,82],"floor_reached":22,"playtime":961,"items_purged":[],"score":238,"play_id":"2e126d0f-e269-481a-9b96-a48f616f8423","local_time":"20190304215237","daily_mods":["Chimera","Hoarder","Terminal"],"is_ascension_mode":false,"campfire_choices":[{"data":"Heavy Blade","floor":6,"key":"SMITH"},{"data":"Heavy Blade","floor":10,"key":"SMITH"},{"data":"Heavy Blade","floor":15,"key":"SMITH"}],"neow_cost":"","seed_source_timestamp":0,"circlet_count":0,"master_deck":["Bash","Survivor","Zap","Strike_R","Strike_G","Strike_B+1","Defend_R","Defend_G","Defend_B","Searing Blow","Flex","Flex","Flex","Heavy Blade+1","Heavy Blade+1","Heavy Blade+1","Clash","Clash","Clash","Heavy Blade","Heavy Blade","Heavy Blade+1","Demon Form","Demon Form","Demon Form"],"special_seed":17960,"relics":["Burning Blood","Omamori","Whetstone","Coffee Dripper","Sling"],"potions_floor_usage":[16,16,22],"damage_taken":[{"damage":0,"enemies":"Small Slimes","floor":1,"turns":4},{"damage":0,"enemies":"2 Louse","floor":3,"turns":3},{"damage":1,"enemies":"Cultist","floor":4,"turns":3},{"damage":15,"enemies":"Large Slime","floor":5,"turns":6},{"damage":18,"enemies":"Gremlin Nob","floor":7,"turns":4},{"damage":4,"enemies":"2 Fungi Beasts","floor":12,"turns":2},{"damage":4,"enemies":"Exordium Thugs","floor":13,"turns":4},{"damage":10,"enemies":"Blue Slaver","floor":14,"turns":3},{"damage":17,"enemies":"Slime Boss","floor":16,"turns":6},{"damage":38,"enemies":"3 Byrds","floor":18,"turns":5},{"damage":19,"enemies":"2 Thieves","floor":21,"turns":4},{"damage":29,"enemies":"Chosen and Byrds","floor":22,"turns":5}],"seed_played":"-7796585460280550823","potions_obtained":[{"floor":1,"key":"Block Potion"},{"floor":4,"key":"Regen Potion"},{"floor":13,"key":"EssenceOfSteel"},{"floor":21,"key":"SkillPotion"}],"is_trial":false,"path_per_floor":["M","$","M","M","M","R","E","?","T","R","?","M","M","M","R","B",null,"M","?","$","M","M"],"character_chosen":"IRONCLAD","items_purchased":["Searing Blow","Sling"],"campfire_rested":0,"item_purchase_floors":[2,20],"current_hp_per_floor":[78,77,76,75,66,66,54,71,70,69,68,67,66,62,62,51,62,30,30,30,17,0],"gold":82,"neow_bonus":"","is_prod":false,"is_daily":true,"chose_seed":false,"campfire_upgraded":3,"win_rate":0,"timestamp":1551757957,"path_taken":["M","$","M","M","M","R","E","?","T","R","?","M","M","M","R","BOSS","M","?","$","M","M"],"build_version":"2019-01-23","purchased_purges":0,"victory":false,"max_hp_per_floor":[78,77,76,75,74,73,72,71,70,69,68,67,66,65,64,63,62,61,60,59,58,58],"card_choices":[{"not_picked":["Pummel","Heavy Blade","Clothesline"],"picked":"SKIP","floor":1},{"not_picked":["Armaments","Heavy Blade"],"picked":"Flex","floor":3},{"not_picked":["Armaments","Anger"],"picked":"Heavy Blade","floor":4},{"not_picked":["Pommel Strike","Evolve"],"picked":"Clash","floor":5},{"not_picked":["Pummel","Havoc","Sever Soul"],"picked":"SKIP","floor":7},{"not_picked":["Pommel Strike","Twin Strike"],"picked":"Heavy Blade","floor":12},{"not_picked":["Body Slam","Sword Boomerang"],"picked":"Demon Form","floor":13},{"not_picked":["Power Through","Sword Boomerang","Warcry"],"picked":"SKIP","floor":14},{"not_picked":["Clothesline","Blood for Blood","Sword Boomerang"],"picked":"SKIP","floor":18},{"not_picked":["Rage","Pommel Strike","Wild Strike"],"picked":"SKIP","floor":21}],"player_experience":92635,"relics_obtained":[{"floor":7,"key":"Omamori"},{"floor":9,"key":"Whetstone"}],"event_choices":[{"damage_healed":18,"gold_gain":0,"player_choice":"Healed and dodged fight","damage_taken":0,"max_hp_gain":0,"max_hp_loss":0,"event_name":"Mushrooms","floor":8,"gold_loss":0,"cards_obtained":["Parasite"]},{"cards_removed":["Searing Blow"],"damage_healed":0,"gold_gain":0,"player_choice":"Forget","damage_taken":0,"max_hp_gain":0,"max_hp_loss":0,"event_name":"Living Wall","floor":11,"gold_loss":0},{"cards_removed":["Searing Blow"],"damage_healed":0,"gold_gain":0,"player_choice":"Elegance","damage_taken":0,"max_hp_gain":0,"max_hp_loss":0,"event_name":"Back to Basics","floor":19,"gold_loss":0}],"is_beta":false,"boss_relics":[{"not_picked":["Mark of Pain","Empty Cage"],"picked":"Coffee Dripper"}],"items_purged_floors":[],"is_endless":false,"potions_floor_spawned":[1,4,13,21],"killed_by":"Chosen and Byrds","ascension_level":0}