{"gold_per_floor":[368,378,378,394,494,494,529,549,549,549,566,122,122,133,133,231,231,214,232,248,260,76,76,90,100,100,100,127,127],"floor_reached":29,"playtime":2317,"items_purged":["Strike_R"],"score":261,"play_id":"a0ff6193-fd22-446f-8b66-d3e7629ef060","local_time":"20190517233232","is_ascension_mode":true,"campfire_choices":[{"floor":6,"key":"RECALL"},{"floor":10,"key":"REST"},{"data":"Metamorphosis","floor":13,"key":"SMITH"},{"data":"Warcry","floor":15,"key":"SMITH"},{"floor":23,"key":"REST"},{"data":"Apotheosis","floor":27,"key":"SMITH"}],"neow_cost":"PERCENT_DAMAGE","seed_source_timestamp":158083072642600,"circlet_count":0,"master_deck":["Strike_R","Strike_R","Strike_R","Defend_R","Defend_R","Defend_R","Defend_R","Bash","Clothesline","Sever Soul","Feed","Warcry+1","True Grit","Shrug It Off","Feed+1","Metamorphosis+1","Rampage+1","Reaper+1","Uppercut+1","Inflame","True Grit+1","Carnage+1","Apotheosis+1","Blood for Blood+1","Headbutt+1","Shame","Headbutt+1"],"relics":["Burning Blood","Boot","Molten Egg 2","Cursed Key","Shovel"],"potions_floor_usage":[7,8,28],"damage_taken":[{"damage":2,"enemies":"Small Slimes","floor":1,"turns":3},{"damage":1,"enemies":"Cultist","floor":2,"turns":4},{"damage":1,"enemies":"Jaw Worm","floor":4,"turns":3},{"damage":47,"enemies":"Lagavulin","floor":7,"turns":9},{"damage":10,"enemies":"Exordium Thugs","floor":8,"turns":4},{"damage":8,"enemies":"3 Louse","floor":11,"turns":6},{"damage":8,"enemies":"Large Slime","floor":14,"turns":3},{"damage":57,"enemies":"Slime Boss","floor":16,"turns":12},{"damage":24,"enemies":"2 Thieves","floor":18,"turns":4},{"damage":18,"enemies":"Shell Parasite","floor":19,"turns":4},{"damage":27,"enemies":"Snake Plant","floor":20,"turns":4},{"damage":46,"enemies":"Snecko","floor":21,"turns":6},{"damage":20,"enemies":"Chosen and Byrds","floor":24,"turns":5},{"damage":16,"enemies":"Snake Plant","floor":25,"turns":3},{"damage":34,"enemies":"Book of Stabbing","floor":28,"turns":4},{"damage":18,"enemies":"Cultist and Chosen","floor":29,"turns":4}],"seed_played":"2056099281098838531","potions_obtained":[{"floor":4,"key":"Strength Potion"},{"floor":7,"key":"BloodPotion"},{"floor":11,"key":"Ancient Potion"},{"floor":16,"key":"Strength Potion"},{"floor":21,"key":"FearPotion"},{"floor":28,"key":"GamblersBrew"}],"is_trial":false,"path_per_floor":["M","M","?","M","?","R","E","M","T","R","M","$","R","M","R","B",null,"M","M","M","M","$","R","M","M","T","R","E","M"],"character_chosen":"IRONCLAD","items_purchased":["Shrug It Off","Feed+1","Metamorphosis","Apotheosis"],"campfire_rested":2,"item_purchase_floors":[12,12,12,22],"current_hp_per_floor":[60,65,65,70,70,70,29,36,36,60,61,61,61,59,59,8,86,79,74,60,30,30,56,46,41,41,41,13,0],"gold":127,"neow_bonus":"TWO_FIFTY_GOLD","is_prod":false,"is_daily":false,"chose_seed":false,"campfire_upgraded":3,"win_rate":0,"timestamp":1558153952,"path_taken":["M","M","?","M","?","R","E","M","T","R","M","$","R","M","R","BOSS","M","M","?","M","$","R","M","M","T","R","E","M"],"build_version":"2019-01-23","purchased_purges":1,"victory":false,"max_hp_per_floor":[80,80,80,80,80,80,80,83,83,83,86,86,86,86,86,86,86,86,86,86,89,89,89,93,93,93,93,93,93],"card_choices":[{"not_picked":["Thunderclap","Sentinel","Perfected Strike"],"picked":"SKIP","floor":1},{"not_picked":["Clash","Sword Boomerang"],"picked":"Clothesline","floor":2},{"not_picked":["Thunderclap","Perfected Strike"],"picked":"Sever Soul","floor":4},{"not_picked":["Clash","Cleave"],"picked":"Feed","floor":7},{"not_picked":["Dual Wield","Armaments"],"picked":"Warcry","floor":8},{"not_picked":["Entrench","Perfected Strike+1"],"picked":"True Grit","floor":11},{"not_picked":["Juggernaut","Wild Strike+1"],"picked":"Rampage+1","floor":14},{"not_picked":["Juggernaut","Immolate+1"],"picked":"Reaper+1","floor":16},{"not_picked":["Twin Strike+1","Flex"],"picked":"Uppercut+1","floor":18},{"not_picked":["Thunderclap+1","Dropkick+1"],"picked":"Inflame","floor":19},{"not_picked":["Bloodletting","Cleave+1"],"picked":"True Grit+1","floor":20},{"not_picked":["Heavy Blade+1","Twin Strike+1"],"picked":"Carnage+1","floor":21},{"not_picked":["Havoc","Warcry"],"picked":"Blood for Blood+1","floor":24},{"not_picked":["Bloodletting","Intimidate+1"],"picked":"Headbutt+1","floor":25},{"not_picked":["True Grit","Iron Wave+1"],"picked":"Headbutt+1","floor":28}],"player_experience":189537,"relics_obtained":[{"floor":7,"key":"Boot"},{"floor":9,"key":"Molten Egg 2"},{"floor":28,"key":"Shovel"}],"event_choices":[{"cards_removed":["Strike_R"],"damage_healed":0,"gold_gain":0,"player_choice":"Forget","damage_taken":0,"max_hp_gain":0,"max_hp_loss":0,"event_name":"Living Wall","floor":3,"gold_loss":0},{"damage_healed":0,"gold_gain":100,"player_choice":"Gold","damage_taken":0,"max_hp_gain":0,"max_hp_loss":0,"event_name":"Wheel of Change","floor":5,"gold_loss":0}],"is_beta":false,"boss_relics":[{"not_picked":["Runic Pyramid","Tiny House"],"picked":"Cursed Key"}],"items_purged_floors":[12],"is_endless":false,"potions_floor_spawned":[4,7,11,16,21,25,28],"killed_by":"Cultist and Chosen","ascension_level":1}