{"gold_per_floor":[115,115,126,45,220,220,251,251,332,359,370,389,46,65,65,163,163,178,178,178,85,105,105,20,32],"floor_reached":25,"playtime":1813,"items_purged":["Doubt"],"score":209,"play_id":"4988481d-8fd7-407b-a6a2-5e5e83744a78","local_time":"20190306225028","is_ascension_mode":false,"campfire_choices":[{"data":"Coolheaded","floor":6,"key":"SMITH"},{"floor":8,"key":"REST"},{"floor":15,"key":"REST"},{"floor":23,"key":"REST"}],"neow_cost":"NONE","seed_source_timestamp":1548929871655900,"circlet_count":0,"master_deck":["Zap","Dualcast","Sweeping Beam","Conserve Battery","Coolheaded+1","Skim+1","Compile Driver","Gash","Buffer","Cold Snap","Redo","Cold Snap","Go for the Eyes","Machine Learning","Creative AI","Stack","Conserve Battery","Seek","Blizzard","All For One","Rip and Tear","Creative AI","Defragment","Ball Lightning","Redo"],"relics":["Cracked Core","Pantograph","Ginger","Matryoshka","War Paint","Runic Capacitor","Pandora\u0027s Box","MawBank"],"potions_floor_usage":[],"damage_taken":[{"damage":1,"enemies":"Cultist","floor":1,"turns":4},{"damage":0,"enemies":"Small Slimes","floor":3,"turns":3},{"damage":32,"enemies":"Lagavulin","floor":7,"turns":8},{"damage":48,"enemies":"Gremlin Nob","floor":10,"turns":5},{"damage":4,"enemies":"Jaw Worm","floor":11,"turns":3},{"damage":0,"enemies":"2 Fungi Beasts","floor":12,"turns":3},{"damage":0,"enemies":"Blue Slaver","floor":14,"turns":4},{"damage":8,"enemies":"The Guardian","floor":16,"turns":15},{"damage":11,"enemies":"Spheric Guardian","floor":18,"turns":5},{"damage":41,"enemies":"Colosseum Slavers","floor":19,"turns":6},{"damage":6,"enemies":"Shell Parasite","floor":22,"turns":8},{"damage":41,"enemies":"Gremlin Leader","floor":25,"turns":3}],"seed_played":"-4913918831507401568","potions_obtained":[{"floor":7,"key":"LiquidBronze"},{"floor":10,"key":"Energy Potion"},{"floor":16,"key":"SteroidPotion"}],"is_trial":false,"path_per_floor":["M","T","M","$","?","R","E","R","T","E","M","M","$","M","R","B",null,"M","?","?","$","M","R","?","E"],"character_chosen":"DEFECT","items_purchased":["Skim","Redo","Cold Snap","Runic Capacitor","Defragment","Ball Lightning"],"campfire_rested":3,"item_purchase_floors":[4,13,13,13,21,21],"current_hp_per_floor":[74,74,74,74,74,74,42,64,64,16,12,12,12,12,34,51,75,64,23,23,23,17,39,39,0],"gold":32,"neow_bonus":"THREE_CARDS","is_prod":false,"is_daily":false,"chose_seed":false,"campfire_upgraded":1,"win_rate":0,"timestamp":1551934228,"path_taken":["M","?","M","$","?","R","E","R","T","E","M","M","$","M","R","BOSS","M","?","?","$","M","R","?","E"],"build_version":"2019-01-23","purchased_purges":1,"victory":false,"max_hp_per_floor":[75,75,75,75,75,75,75,75,75,75,75,75,75,75,75,75,75,75,75,75,75,75,75,75,75],"card_choices":[{"not_picked":["Aggregate","Hologram"],"picked":"Sweeping Beam","floor":0},{"not_picked":["Beam Cell","Turbo"],"picked":"Conserve Battery","floor":1},{"not_picked":["Loop","Steam Power"],"picked":"Coolheaded","floor":3},{"not_picked":["Steam Power","Hologram"],"picked":"Compile Driver","floor":7},{"not_picked":["Storm","Go for the Eyes"],"picked":"Gash","floor":10},{"not_picked":["Stack","Barrage"],"picked":"Buffer","floor":11},{"not_picked":["Ball Lightning","Tempest"],"picked":"Cold Snap","floor":12},{"not_picked":["Leap","Turbo"],"picked":"Go for the Eyes","floor":14},{"not_picked":["Creative AI","Reboot"],"picked":"Machine Learning","floor":16},{"not_picked":["Leap","Steam","Hologram"],"picked":"SKIP","floor":18},{"not_picked":["Rebound","Turbo"],"picked":"Redo","floor":22}],"player_experience":103881,"relics_obtained":[{"floor":2,"key":"Pantograph"},{"floor":7,"key":"Ginger"},{"floor":9,"key":"Matryoshka"},{"floor":10,"key":"War Paint"}],"event_choices":[{"damage_healed":0,"gold_gain":175,"player_choice":"AGREE","damage_taken":0,"max_hp_gain":0,"max_hp_loss":0,"event_name":"Liars Game","floor":5,"gold_loss":0,"cards_obtained":["Doubt"]},{"damage_healed":0,"gold_gain":0,"player_choice":"Fight","damage_taken":0,"max_hp_gain":0,"max_hp_loss":0,"event_name":"Colosseum","floor":19,"gold_loss":0},{"damage_healed":0,"gold_gain":0,"player_choice":"Fled From Nobs","damage_taken":0,"max_hp_gain":0,"max_hp_loss":0,"event_name":"Colosseum","floor":19,"gold_loss":0},{"damage_healed":0,"gold_gain":0,"cards_transformed":["Core Surge","Core Surge"],"player_choice":"Became Test Subject","damage_taken":0,"max_hp_gain":0,"max_hp_loss":0,"event_name":"Drug Dealer","floor":20,"gold_loss":0,"cards_obtained":["Rip and Tear","Creative AI"]},{"damage_healed":0,"gold_gain":0,"player_choice":"Obtained Relic","damage_taken":0,"relics_obtained":["MawBank"],"max_hp_gain":0,"max_hp_loss":0,"event_name":"Addict","floor":24,"gold_loss":85}],"is_beta":false,"boss_relics":[{"not_picked":["FrozenCore","Black Star"],"picked":"Pandora\u0027s Box"}],"items_purged_floors":[13],"is_endless":false,"potions_floor_spawned":[7,10,16,19],"killed_by":"Gremlin Leader","ascension_level":0}