{"gold_per_floor":[12,12,12,12,24,24,58,58,58,70,40,58,58,133,133,238,238,248,264,264,109,109,109,121,121,121,121,36,62,94,35,35,140,140,153,20,120,131,146,174,174,186,212,66,0,0,17,28,28,28,28,28,28,63,63],"floor_reached":56,"playtime":5390,"items_purged":["Defend_G","Defend_G"],"score":1161,"play_id":"6ce4c622-3ef9-4f53-980a-4da61f57313e","local_time":"20190506200551","is_ascension_mode":true,"campfire_choices":[{"floor":6.0,"key":"RECALL"},{"data":"Noxious Fumes","floor":8.0,"key":"SMITH"},{"floor":15.0,"key":"REST"},{"data":"Crippling Poison","floor":23,"key":"SMITH"},{"data":"Concentrate","floor":25,"key":"SMITH"},{"data":"Footwork","floor":27,"key":"SMITH"},{"data":"After Image","floor":32,"key":"SMITH"},{"data":"Tools of the Trade","floor":41,"key":"SMITH"},{"data":"Bouncing Flask","floor":49,"key":"SMITH"},{"data":"Caltrops","floor":52,"key":"SMITH"}],"neow_cost":"NO_GOLD","seed_source_timestamp":0,"circlet_count":0,"master_deck":["Defend_G","Defend_G","Defend_G","Survivor","Neutralize","Noxious Fumes+1","Concentrate+1","Cloak And Dagger","Backflip","Backflip","Adrenaline","Dash+1","Footwork+1","Footwork","Crippling Poison+1","Deadly Poison","After Image+1","Cloak And Dagger+1","Caltrops+1","Tools of the Trade+1","Venomology+1","Malaise+1","Outmaneuver+1","Deadly Poison+1","Bouncing Flask+1","Dagger Spray+1","Flying Knee+1","Well Laid Plans+1","Adrenaline","Blade Dance","Adrenaline","Accuracy+1"],"special_seed":0,"relics":["Ring of the Snake","Bronze Scales","Meat on the Bone","Lizard Tail","Pantograph","Shuriken","MawBank","Astrolabe","Girya","Centennial Puzzle","Snake Skull","Red Mask","Bottled Flame"],"potions_floor_usage":[33,33,38,39,40,40,40,47,48,50,50,54,55,55,55],"damage_taken":[{"damage":2.0,"enemies":"Jaw Worm","floor":1.0,"turns":5.0},{"damage":0.0,"enemies":"Small Slimes","floor":5.0,"turns":4.0},{"damage":29.0,"enemies":"3 Sentries","floor":7.0,"turns":9.0},{"damage":1.0,"enemies":"2 Louse","floor":10.0,"turns":3.0},{"damage":0.0,"enemies":"Looter","floor":11.0,"turns":4.0},{"damage":5.0,"enemies":"Exordium Wildlife","floor":12.0,"turns":5.0},{"damage":36.0,"enemies":"Hexaghost","floor":16.0,"turns":11.0},{"damage":8.0,"enemies":"Shell Parasite","floor":18.0,"turns":7.0},{"damage":10.0,"enemies":"3 Byrds","floor":19.0,"turns":3.0},{"damage":4,"enemies":"Sentry and Sphere","floor":24,"turns":7},{"damage":40,"enemies":"Slavers","floor":29,"turns":5},{"damage":0,"enemies":"Centurion and Healer","floor":30,"turns":7},{"damage":10,"enemies":"Collector","floor":33,"turns":10},{"damage":14,"enemies":"3 Darklings","floor":35,"turns":6},{"damage":1,"enemies":"Mind Bloom Boss Battle","floor":37,"turns":8},{"damage":8,"enemies":"3 Shapes","floor":38,"turns":7},{"damage":33,"enemies":"Spire Growth","floor":39,"turns":7},{"damage":11,"enemies":"Nemesis","floor":40,"turns":9},{"damage":17,"enemies":"Maw","floor":42,"turns":8},{"damage":4,"enemies":"3 Darklings","floor":47,"turns":5},{"damage":8,"enemies":"Jaw Worm Horde","floor":48,"turns":4},{"damage":61,"enemies":"Donu and Deca","floor":50,"turns":8},{"damage":19,"enemies":"Shield and Spear","floor":54,"turns":6},{"damage":87,"enemies":"The Heart","floor":55,"turns":9}],"seed_played":"-4166378005570962777","potions_obtained":[{"floor":10.0,"key":"Dexterity Potion"},{"floor":18.0,"key":"Block Potion"},{"floor":19,"key":"Dexterity Potion"},{"floor":40,"key":"Ancient Potion"},{"floor":54,"key":"Strength Potion"}],"is_trial":false,"path_per_floor":["M","?","$","?","M","R","E","R","T","M","M","M","$","?","R","B",null,"M","M","?","$","?","R","M","R","T","R","?","E","M","$","R","B",null,"M","$","?","M","M","E","R","M","T","$","?","?","M","M","R","B",null,"R","$","E","B",null],"character_chosen":"THE_SILENT","items_purchased":["Footwork","Caltrops","Bouncing Flask","Adrenaline"],"campfire_rested":1,"item_purchase_floors":[21,31,36,44],"current_hp_per_floor":[68,68,68,61,61,61,32,32,32,43,43,38,38,27,48,24,70,62,52,39,39,39,39,47,47,47,47,47,19,31,31,31,46,75,61,61,74,66,45,49,49,44,44,44,44,44,40,44,44,20,75,75,75,56,48],"gold":63,"neow_bonus":"REMOVE_TWO","is_prod":false,"is_daily":false,"chose_seed":false,"campfire_upgraded":8,"win_rate":0,"timestamp":1557191151,"path_taken":["M","?","$","?","M","R","E","R","T","M","M","M","$","?","R","BOSS","M","M","?","$","?","R","M","R","T","R","?","E","?","$","R","BOSS","M","$","?","M","M","E","R","M","T","$","?","?","M","M","R","BOSS","R","$","E","BOSS"],"build_version":"2019-01-23","purchased_purges":2,"victory":true,"max_hp_per_floor":[70,70,70,70,70,70,70,70,70,70,70,70,70,70,70,70,70,70,70,75,75,75,75,75,75,75,75,75,75,75,75,75,75,75,75,75,75,75,75,75,75,75,75,75,75,75,75,75,75,75,75,75,75,75,75],"card_choices":[{"not_picked":["Outmaneuver","Quick Slash"],"picked":"Sucker Punch","floor":1.0},{"not_picked":["Dodge and Roll","Deadly Poison"],"picked":"Noxious Fumes","floor":5.0},{"not_picked":["Finisher","Acrobatics"],"picked":"Concentrate","floor":7.0},{"not_picked":["Dodge and Roll","Setup"],"picked":"Cloak And Dagger","floor":10.0},{"not_picked":["Setup","Bouncing Flask"],"picked":"Backflip","floor":11.0},{"not_picked":["Deflect","Prepared"],"picked":"Backflip","floor":12.0},{"not_picked":["Burst","Bullet Time"],"picked":"Adrenaline","floor":16.0},{"not_picked":["Bane","Outmaneuver+1"],"picked":"Dash+1","floor":18.0},{"not_picked":["Backstab+1","Deflect"],"picked":"Footwork","floor":19},{"not_picked":["Dagger Spray","All Out Attack+1"],"picked":"Deadly Poison","floor":24},{"not_picked":["Calculated Gamble+1","Dagger Throw"],"picked":"After Image","floor":29},{"not_picked":["Reflex","Deadly Poison"],"picked":"Cloak And Dagger+1","floor":30},{"not_picked":["Wraith Form v2","Grand Finale"],"picked":"Tools of the Trade","floor":33},{"not_picked":["Outmaneuver","Acrobatics+1"],"picked":"Deadly Poison+1","floor":35},{"not_picked":["Concentrate+1","Escape Plan+1"],"picked":"Dagger Spray+1","floor":38},{"not_picked":["Finisher","Acrobatics","Prepared"],"picked":"SKIP","floor":39},{"not_picked":["Poisoned Stab","Heel Hook"],"picked":"Flying Knee+1","floor":40},{"not_picked":["Expertise+1","Tactician+1"],"picked":"Well Laid Plans+1","floor":42},{"not_picked":["Heel Hook+1","Backflip+1"],"picked":"Blade Dance","floor":47},{"not_picked":["Flechettes","Cloak And Dagger"],"picked":"Adrenaline","floor":48},{"not_picked":["Distraction+1","Heel Hook"],"picked":"Accuracy+1","floor":54}],"player_experience":184147,"relics_obtained":[{"floor":7.0,"key":"Meat on the Bone"},{"floor":26,"key":"Pantograph"},{"floor":29,"key":"MawBank"},{"floor":37,"key":"Girya"},{"floor":40,"key":"Centennial Puzzle"},{"floor":43,"key":"Snake Skull"},{"floor":54,"key":"Bottled Flame"}],"event_choices":[{"damage_healed":0.0,"max_hp_gain":0.0,"max_hp_loss":0.0,"gold_gain":0.0,"event_name":"The Cleric","player_choice":"Leave","floor":2.0,"gold_loss":0.0,"damage_taken":0.0},{"damage_healed":0.0,"max_hp_gain":0.0,"max_hp_loss":0.0,"gold_gain":0.0,"event_name":"Scrap Ooze","player_choice":"Success","floor":4.0,"gold_loss":0.0,"damage_taken":7.0,"relics_obtained":["Bronze Scales"]},{"damage_healed":0.0,"max_hp_gain":0.0,"max_hp_loss":0.0,"gold_gain":75.0,"event_name":"World of Goop","player_choice":"Gather Gold","floor":14.0,"gold_loss":0.0,"damage_taken":11.0},{"damage_healed":0,"gold_gain":0,"player_choice":"Shed Blood","damage_taken":18,"max_hp_gain":5,"max_hp_loss":0,"event_name":"Forgotten Altar","floor":20,"gold_loss":0},{"damage_healed":0,"gold_gain":0,"player_choice":"Read","damage_taken":0,"max_hp_gain":0,"max_hp_loss":0,"event_name":"The Library","floor":22,"gold_loss":0,"cards_obtained":["Crippling Poison"]},{"damage_healed":0,"gold_gain":0,"player_choice":"Obtained Relic","damage_taken":0,"relics_obtained":["Shuriken"],"max_hp_gain":0,"max_hp_loss":0,"event_name":"Addict","floor":28,"gold_loss":85},{"damage_healed":0,"gold_gain":0,"player_choice":"Fight","damage_taken":0,"max_hp_gain":0,"max_hp_loss":0,"event_name":"MindBloom","floor":37,"gold_loss":0},{"damage_healed":0,"gold_gain":0,"player_choice":"Paid","damage_taken":0,"relics_obtained":["Red Mask"],"max_hp_gain":0,"max_hp_loss":0,"event_name":"Tomb of Lord Red Mask","floor":45,"gold_loss":66},{"cards_removed":["Sucker Punch"],"damage_healed":0,"gold_gain":0,"player_choice":"Card Removal","damage_taken":0,"max_hp_gain":0,"max_hp_loss":0,"event_name":"Wheel of Change","floor":46,"gold_loss":0}],"is_beta":false,"boss_relics":[{"not_picked":["Busted Crown","White Beast Statue"],"picked":"Lizard Tail"},{"not_picked":["Velvet Choker","Sozu"],"picked":"Astrolabe"}],"items_purged_floors":[21,36],"is_endless":false,"potions_floor_spawned":[10,18,19,37,40,42,48,54],"ascension_level":1}