{"gold_per_floor":[218,293,51,69,82,117,117,128,154,167,167,187,187,207,207,308,308,319,353,373,391,411,411,442,442,442,442,12,12,31,49,49,154,154,164,164,264,279,295,314,10,56,56,88,88,88,88,3,3,3],"floor_reached":51,"playtime":7796,"items_purged":["Injury","Regret"],"score":960,"play_id":"c1621bce-2a95-4d41-98f3-cb469a4803d9","local_time":"20190430161442","is_ascension_mode":true,"campfire_choices":[{"data":"Night Terror","floor":7,"key":"SMITH"},{"data":"Cloak And Dagger","floor":11,"key":"SMITH"},{"data":"Neutralize","floor":13,"key":"SMITH"},{"data":"PiercingWail","floor":15,"key":"SMITH"},{"floor":23,"key":"REST"},{"data":"Blade Dance","floor":25,"key":"SMITH"},{"data":"Cloak And Dagger","floor":29,"key":"SMITH"},{"data":"J.A.X.","floor":32,"key":"SMITH"},{"data":"Infinite Blades","floor":46,"key":"SMITH"},{"floor":49,"key":"REST"}],"neow_cost":"NONE","seed_source_timestamp":4842682920570186,"circlet_count":0,"master_deck":["Defend_G","Defend_G","Defend_G","Defend_G","Defend_G","Strike_G","Strike_G","Strike_G","Strike_G","Survivor","Neutralize+1","Backflip","Cloak And Dagger+1","Blade Dance+1","Night Terror+1","PiercingWail+1","Tools of the Trade","Escape Plan+1","Crippling Poison+1","Leg Sweep","J.A.X.+1","Caltrops","Sadistic Nature","Cloak And Dagger+1","Finisher+1","A Thousand Cuts","Noxious Fumes+1","Dodge and Roll+1","Quick Slash+1","Panache","Infinite Blades+1","Escape Plan","Decay","Writhe","Accuracy"],"relics":["Ring of the Snake","Kunai","Happy Flower","Art of War","Cursed Key","Red Mask","Potion Belt","Mercury Hourglass","Membership Card","Busted Crown","Tingsha","Ninja Scroll","Mango","Singing Bowl","Letter Opener","Ornamental Fan"],"potions_floor_usage":[6,6,16,16,19,19,33,33,33,38,39,42,44,50],"damage_taken":[{"damage":0,"enemies":"2 Louse","floor":1,"turns":4},{"damage":0,"enemies":"Jaw Worm","floor":4,"turns":5},{"damage":0,"enemies":"Small Slimes","floor":5,"turns":5},{"damage":14,"enemies":"3 Sentries","floor":6,"turns":11},{"damage":0,"enemies":"Exordium Wildlife","floor":8,"turns":4},{"damage":4,"enemies":"Lots of Slimes","floor":10,"turns":6},{"damage":2,"enemies":"Red Slaver","floor":12,"turns":4},{"damage":1,"enemies":"Blue Slaver","floor":14,"turns":4},{"damage":22,"enemies":"Slime Boss","floor":16,"turns":17},{"damage":0,"enemies":"Shell Parasite","floor":18,"turns":7},{"damage":36,"enemies":"Masked Bandits","floor":19,"turns":8},{"damage":0,"enemies":"3 Byrds","floor":20,"turns":7},{"damage":0,"enemies":"Centurion and Healer","floor":21,"turns":15},{"damage":0,"enemies":"Shelled Parasite and Fungi","floor":22,"turns":9},{"damage":0,"enemies":"Book of Stabbing","floor":24,"turns":11},{"damage":1,"enemies":"Sentry and Sphere","floor":30,"turns":6},{"damage":0,"enemies":"3 Cultists","floor":31,"turns":4},{"damage":42,"enemies":"Champ","floor":33,"turns":11},{"damage":0,"enemies":"3 Shapes","floor":35,"turns":5},{"damage":0,"enemies":"Mind Bloom Boss Battle","floor":37,"turns":8},{"damage":6,"enemies":"3 Darklings","floor":38,"turns":4},{"damage":10,"enemies":"4 Shapes","floor":39,"turns":3},{"damage":7,"enemies":"Maw","floor":40,"turns":7},{"damage":15,"enemies":"2 Orb Walkers","floor":42,"turns":3},{"damage":23,"enemies":"Reptomancer","floor":44,"turns":6},{"damage":32,"enemies":"Donu and Deca","floor":50,"turns":7}],"seed_played":"816508141145079468","potions_obtained":[{"floor":1,"key":"SkillPotion"},{"floor":4,"key":"SkillPotion"},{"floor":10,"key":"LiquidBronze"},{"floor":14,"key":"Poison Potion"},{"floor":16,"key":"Explosive Potion"},{"floor":18,"key":"GamblersBrew"},{"floor":21,"key":"SpeedPotion"},{"floor":22,"key":"AttackPotion"},{"floor":30,"key":"Regen Potion"},{"floor":35,"key":"Explosive Potion"},{"floor":39,"key":"LiquidBronze"},{"floor":40,"key":"Weak Potion"}],"is_trial":false,"path_per_floor":["M","?","$","M","M","E","R","M","T","M","R","M","R","M","R","B",null,"M","?","M","M","M","R","E","R","T","?","$","R","M","M","R","B",null,"M","?","?","M","M","M","$","?","T","E","?","R","T","$","R","B",null],"character_chosen":"THE_SILENT","items_purchased":["Kunai","Membership Card","Caltrops","Sadistic Nature","Cloak And Dagger","Regen Potion","Panache","Infinite Blades","Ninja Scroll","Fruit Juice","Accuracy"],"campfire_rested":2,"item_purchase_floors":[3,28,28,28,28,28,41,41,41,41,48],"current_hp_per_floor":[63,52,52,52,52,38,38,38,38,34,34,32,32,31,31,9,55,55,19,19,19,19,40,40,40,40,40,40,40,39,39,39,12,56,56,56,56,64,54,47,47,51,51,30,53,53,53,53,80,48],"gold":3,"neow_bonus":"HUNDRED_GOLD","is_prod":false,"is_daily":false,"chose_seed":false,"campfire_upgraded":8,"win_rate":0,"timestamp":1556655282,"path_taken":["M","?","$","M","M","E","R","M","T","M","R","M","R","M","R","BOSS","M","?","M","M","M","R","E","R","T","?","$","R","M","M","R","BOSS","M","?","?","M","M","M","$","?","T","E","?","R","?","$","R","BOSS"],"build_version":"2019-01-23","purchased_purges":2,"victory":true,"max_hp_per_floor":[70,70,70,70,70,70,70,70,70,70,70,70,70,70,70,70,70,70,70,70,70,70,70,70,70,70,70,70,70,70,70,70,70,70,70,70,70,70,70,70,70,89,89,91,91,91,91,91,91,91],"card_choices":[{"not_picked":["Setup","Outmaneuver"],"picked":"Backflip","floor":1},{"not_picked":["Expertise","Deadly Poison"],"picked":"Cloak And Dagger","floor":4},{"not_picked":["Bane","Skewer"],"picked":"Blade Dance","floor":5},{"not_picked":["Choke","Catalyst"],"picked":"Night Terror","floor":6},{"not_picked":["Eviscerate","Poisoned Stab","Heel Hook"],"picked":"SKIP","floor":8},{"not_picked":["Flying Knee","Deflect","Heel Hook"],"picked":"SKIP","floor":10},{"not_picked":["All Out Attack","Bouncing Flask","Dagger Throw"],"picked":"SKIP","floor":12},{"not_picked":["All Out Attack","Bouncing Flask","Dagger Throw"],"picked":"SKIP","floor":12},{"not_picked":["Slice","Predator"],"picked":"PiercingWail","floor":14},{"not_picked":["Storm of Steel","Grand Finale"],"picked":"Tools of the Trade","floor":16},{"not_picked":["Caltrops","Outmaneuver"],"picked":"Escape Plan+1","floor":18},{"not_picked":["Dagger Throw","Slice+1"],"picked":"Crippling Poison+1","floor":20},{"not_picked":["Bouncing Flask+1","Flying Knee","Bane"],"picked":"SKIP","floor":21},{"not_picked":["Eviscerate","Deadly Poison"],"picked":"Leg Sweep","floor":22},{"not_picked":["Night Terror","Expertise","Quick Slash"],"picked":"SKIP","floor":24},{"not_picked":["Sucker Punch","Dodge and Roll"],"picked":"Finisher+1","floor":30},{"not_picked":["Poisoned Stab","Concentrate","Sucker Punch+1"],"picked":"SKIP","floor":31},{"not_picked":["Unload","Tools of the Trade"],"picked":"A Thousand Cuts","floor":33},{"not_picked":["Flying Knee+1"],"picked":"SKIP","floor":35},{"not_picked":[],"picked":"Noxious Fumes+1","floor":37},{"not_picked":[],"picked":"Dodge and Roll+1","floor":38},{"not_picked":["Reflex"],"picked":"SKIP","floor":39},{"not_picked":[],"picked":"Quick Slash+1","floor":40},{"not_picked":[],"picked":"Escape Plan","floor":42},{"not_picked":["Skewer"],"picked":"Singing Bowl","floor":44}],"player_experience":205118,"relics_obtained":[{"floor":6,"key":"Happy Flower"},{"floor":9,"key":"Art of War"},{"floor":19,"key":"Red Mask"},{"floor":24,"key":"Potion Belt"},{"floor":26,"key":"Mercury Hourglass"},{"floor":37,"key":"Tingsha"},{"floor":42,"key":"Mango"},{"floor":43,"key":"Singing Bowl"},{"floor":44,"key":"Letter Opener"},{"floor":47,"key":"Ornamental Fan"}],"event_choices":[{"damage_healed":0,"gold_gain":75,"player_choice":"Gather Gold","damage_taken":11,"max_hp_gain":0,"max_hp_loss":0,"event_name":"World of Goop","floor":2,"gold_loss":0},{"damage_healed":0,"gold_gain":0,"player_choice":"Fought Bandits","damage_taken":0,"max_hp_gain":0,"max_hp_loss":0,"event_name":"Masked Bandits","floor":19,"gold_loss":0},{"damage_healed":0,"gold_gain":0,"player_choice":"Obtain J.A.X.","damage_taken":0,"max_hp_gain":0,"max_hp_loss":0,"event_name":"Drug Dealer","floor":27,"gold_loss":0,"cards_obtained":["J.A.X."]},{"cards_removed":["Strike_G"],"damage_healed":0,"gold_gain":0,"player_choice":"Removed Attack","damage_taken":0,"max_hp_gain":0,"max_hp_loss":0,"event_name":"Falling","floor":36,"gold_loss":0},{"damage_healed":0,"gold_gain":0,"player_choice":"Fight","damage_taken":0,"max_hp_gain":0,"max_hp_loss":0,"event_name":"MindBloom","floor":37,"gold_loss":0},{"damage_healed":0,"gold_gain":0,"player_choice":"Fight","damage_taken":0,"max_hp_gain":0,"max_hp_loss":0,"event_name":"Mysterious Sphere","floor":42,"gold_loss":0},{"damage_healed":23,"gold_gain":0,"player_choice":"Writhe","damage_taken":0,"max_hp_gain":0,"max_hp_loss":0,"event_name":"Winding Halls","floor":45,"gold_loss":0,"cards_obtained":["Writhe"]}],"is_beta":false,"boss_relics":[{"not_picked":["Fusion Hammer","Runic Dome"],"picked":"Cursed Key"},{"not_picked":["HoveringKite","White Beast Statue"],"picked":"Busted Crown"}],"items_purged_floors":[28,48],"is_endless":false,"potions_floor_spawned":[1,4,10,14,16,18,21,22,30,35,39,40],"ascension_level":7}