{"gold_per_floor":[110,185,196,196,206,238,238,238,238,263,149,167,167,225,225,321,321,333,343,258,30,47,47,76,76,76,1,12,12,22,22,22,125,125,139,139,155,0,0,0,17,35,81,99,109,109,9,19,19,19],"floor_reached":50,"playtime":2850,"items_purged":["Strike_B","Hello World"],"score":472,"play_id":"eeac4fb5-9fc3-49c3-a31f-50027b1b78c4","local_time":"20190306000700","is_ascension_mode":false,"campfire_choices":[{"floor":7,"key":"REST"},{"data":"Static Discharge","floor":13,"key":"SMITH"},{"floor":15,"key":"REST"},{"floor":23,"key":"REST"},{"data":"Tempest","floor":25,"key":"SMITH"},{"data":"Biased Cognition","floor":32,"key":"SMITH"},{"floor":40,"key":"REST"},{"floor":46,"key":"REST"},{"data":"Biased Cognition","floor":49,"key":"SMITH"}],"neow_cost":"NONE","seed_source_timestamp":1466075888556200,"circlet_count":0,"master_deck":["Strike_B","Strike_B","Strike_B","Defend_B","Defend_B","Defend_B","Zap","Dualcast","Melter","Self Repair","Melter","Parasite","Static Discharge+1","Chill","Biased Cognition+1","Barrage","Gash","Conserve Battery","Biased Cognition+1","Chaos+1","Tempest+1","Seek","Redo+1","Buffer","Streamline+1","Madness","Madness","Capacitor+1","Reinforced Body+1","Redo+1","Turbo","Loop+1","Coolheaded+1"],"relics":["Cracked Core","NeowsBlessing","Du-Vu Doll","Pear","Vajra","Runic Pyramid","Pantograph","DollysMirror","Meat on the Bone","Dodecahedron","Nuclear Battery","Red Mask","Frozen Egg 2","Bag of Marbles"],"potions_floor_usage":[6,6,33,33,35,41],"damage_taken":[{"damage":0,"enemies":"2 Louse","floor":1,"turns":1},{"damage":0,"enemies":"Jaw Worm","floor":3,"turns":1},{"damage":0,"enemies":"Small Slimes","floor":5,"turns":1},{"damage":33,"enemies":"Lagavulin","floor":6,"turns":6},{"damage":38,"enemies":"3 Sentries","floor":10,"turns":7},{"damage":10,"enemies":"Looter","floor":12,"turns":3},{"damage":27,"enemies":"Hexaghost","floor":16,"turns":7},{"damage":19,"enemies":"Shell Parasite","floor":18,"turns":4},{"damage":6,"enemies":"3 Byrds","floor":19,"turns":1},{"damage":16,"enemies":"Snecko","floor":22,"turns":5},{"damage":11,"enemies":"Book of Stabbing","floor":24,"turns":4},{"damage":8,"enemies":"Centurion and Healer","floor":28,"turns":6},{"damage":11,"enemies":"Cultist and Chosen","floor":30,"turns":5},{"damage":79,"enemies":"Champ","floor":33,"turns":10},{"damage":28,"enemies":"3 Darklings","floor":35,"turns":4},{"damage":19,"enemies":"Orb Walker","floor":37,"turns":4},{"damage":28,"enemies":"4 Shapes","floor":41,"turns":3},{"damage":44,"enemies":"Spire Growth","floor":42,"turns":4},{"damage":0,"enemies":"Jaw Worm Horde","floor":44,"turns":4},{"damage":20,"enemies":"4 Shapes","floor":45,"turns":6},{"damage":26,"enemies":"3 Darklings","floor":48,"turns":6},{"damage":83,"enemies":"Time Eater","floor":50,"turns":4}],"seed_played":"573123306534629608","potions_obtained":[{"floor":1,"key":"FocusPotion"},{"floor":5,"key":"AttackPotion"},{"floor":12,"key":"AttackPotion"},{"floor":18,"key":"Explosive Potion"},{"floor":28,"key":"AttackPotion"},{"floor":33,"key":"Dexterity Potion"},{"floor":35,"key":"AttackPotion"},{"floor":44,"key":"Ancient Potion"}],"is_trial":false,"path_per_floor":["M","?","M","?","M","E","R","?","T","E","$","M","R","?","R","B",null,"M","M","?","$","M","R","E","R","T","?","M","$","M","?","R","B",null,"M","?","M","?","T","R","M","M","T","M","M","R","$","M","R","B"],"character_chosen":"DEFECT","items_purchased":["Static Discharge","Conserve Battery","DollysMirror"],"campfire_rested":5,"item_purchase_floors":[11,21,21],"current_hp_per_floor":[75,64,64,64,64,38,60,75,85,54,54,51,51,51,76,56,85,73,67,67,67,58,83,79,79,79,79,78,78,74,74,74,18,85,64,53,53,53,53,78,50,25,25,37,36,61,61,54,54,0],"gold":19,"neow_bonus":"THREE_ENEMY_KILL","is_prod":false,"is_daily":false,"chose_seed":false,"campfire_upgraded":4,"win_rate":0,"timestamp":1551852420,"path_taken":["M","?","M","?","M","E","R","?","T","E","?","M","R","?","R","BOSS","M","M","?","$","M","R","E","R","T","?","M","$","M","?","R","BOSS","M","?","M","?","?","R","M","M","T","M","M","R","?","M","R","BOSS"],"build_version":"2019-01-23","purchased_purges":2,"victory":false,"max_hp_per_floor":[75,75,75,75,75,75,75,75,85,85,85,85,85,85,85,85,85,85,85,85,85,85,85,85,85,85,85,85,85,85,85,85,85,85,85,85,85,85,85,85,85,85,85,85,85,85,85,85,85,85],"card_choices":[{"not_picked":["Cold Snap","Hologram"],"picked":"Melter","floor":1},{"not_picked":["Scrape","Stack"],"picked":"Aggregate","floor":3},{"not_picked":["Barrage","Hologram"],"picked":"Self Repair","floor":5},{"not_picked":["Conserve Battery","Chaos"],"picked":"Melter","floor":6},{"not_picked":["Lockon","Fusion"],"picked":"Hello World","floor":10},{"not_picked":["Sweeping Beam","Fusion"],"picked":"Chill","floor":12},{"not_picked":["All For One","Echo Form"],"picked":"Biased Cognition","floor":16},{"not_picked":["Steam","Hologram"],"picked":"Barrage","floor":18},{"not_picked":["BootSequence","Reinforced Body"],"picked":"Gash","floor":19},{"not_picked":["Hologram","Undo"],"picked":"Chaos+1","floor":22},{"not_picked":["Go for the Eyes","Glacier"],"picked":"Tempest","floor":24},{"not_picked":["Go for the Eyes","Storm+1"],"picked":"Seek","floor":28},{"not_picked":["Blizzard","Consume+1"],"picked":"Redo+1","floor":30},{"not_picked":["Multi-Cast","Meteor Strike"],"picked":"Buffer","floor":33},{"not_picked":["Barrage","Coolheaded"],"picked":"Streamline+1","floor":35},{"not_picked":["Leap","Sweeping Beam+1"],"picked":"Capacitor+1","floor":37},{"not_picked":["Steam Power+1","Compile Driver+1"],"picked":"Reinforced Body+1","floor":41},{"not_picked":["Sweeping Beam+1","Streamline+1"],"picked":"Redo+1","floor":42},{"not_picked":["Leap+1","Compile Driver"],"picked":"Turbo","floor":44},{"not_picked":["Streamline+1","Gash"],"picked":"Loop+1","floor":45},{"not_picked":["Fission","Conserve Battery"],"picked":"Coolheaded+1","floor":48}],"player_experience":99707,"relics_obtained":[{"floor":6,"key":"Du-Vu Doll"},{"floor":9,"key":"Pear"},{"floor":10,"key":"Vajra"},{"floor":24,"key":"Meat on the Bone"},{"floor":26,"key":"Dodecahedron"},{"floor":39,"key":"Frozen Egg 2"},{"floor":43,"key":"Bag of Marbles"}],"event_choices":[{"damage_healed":0,"gold_gain":75,"player_choice":"Gather Gold","damage_taken":11,"max_hp_gain":0,"max_hp_loss":0,"event_name":"World of Goop","floor":2,"gold_loss":0},{"damage_healed":0,"gold_gain":0,"player_choice":"Fled","damage_taken":0,"max_hp_gain":0,"max_hp_loss":0,"event_name":"Scrap Ooze","floor":4,"gold_loss":0},{"damage_healed":18,"gold_gain":0,"player_choice":"Healed and dodged fight","damage_taken":0,"max_hp_gain":0,"max_hp_loss":0,"event_name":"Mushrooms","floor":8,"gold_loss":0,"cards_obtained":["Parasite"]},{"damage_healed":0,"gold_gain":58,"player_choice":"Gained Gold","damage_taken":0,"max_hp_gain":0,"max_hp_loss":0,"event_name":"Golden Wing","floor":14,"gold_loss":0},{"damage_healed":0,"gold_gain":0,"player_choice":"Obtained Relic","damage_taken":0,"relics_obtained":["Pantograph"],"max_hp_gain":0,"max_hp_loss":0,"event_name":"Addict","floor":20,"gold_loss":85},{"cards_removed":["Aggregate"],"damage_healed":0,"gold_gain":0,"player_choice":"Gave Gold","damage_taken":0,"max_hp_gain":0,"max_hp_loss":0,"event_name":"Beggar","floor":27,"gold_loss":75},{"cards_removed":["Defend_B"],"damage_healed":0,"gold_gain":0,"player_choice":"Elegance","damage_taken":0,"max_hp_gain":0,"max_hp_loss":0,"event_name":"Back to Basics","floor":31,"gold_loss":0},{"damage_healed":0,"gold_gain":0,"player_choice":"Embrace Madness","damage_taken":11,"max_hp_gain":0,"max_hp_loss":0,"event_name":"Winding Halls","floor":36,"gold_loss":0,"cards_obtained":["Madness","Madness"]},{"damage_healed":0,"gold_gain":0,"player_choice":"Paid","damage_taken":0,"relics_obtained":["Red Mask"],"max_hp_gain":0,"max_hp_loss":0,"event_name":"Tomb of Lord Red Mask","floor":38,"gold_loss":155}],"is_beta":false,"boss_relics":[{"not_picked":["Fusion Hammer","Pandora\u0027s Box"],"picked":"Runic Pyramid"},{"not_picked":["White Beast Statue","Tiny House"],"picked":"Nuclear Battery"}],"items_purged_floors":[11,47],"is_endless":false,"potions_floor_spawned":[1,5,12,18,28,30,33,35,44],"killed_by":"Time Eater","ascension_level":0}