{"gold_per_floor":[109,184,184,203,102,137,137,163,187,362,159,159,175,188,188,188],"floor_reached":16,"playtime":697,"items_purged":["Defend_R","Doubt"],"score":113,"play_id":"409d33d9-fb1b-4387-baf9-7fb13a1a1164","local_time":"20190316190525","is_ascension_mode":true,"campfire_choices":[{"data":"Juggernaut","floor":7,"key":"SMITH"},{"floor":15,"key":"REST"}],"neow_cost":"NONE","seed_source_timestamp":2396953886117100,"circlet_count":0,"master_deck":["Strike_R","Strike_R","Strike_R","Defend_R","Defend_R","Defend_R","Bash","Ghostly Armor","Clash","Battle Trance","Iron Wave","Juggernaut+1","Warcry","Shrug It Off","Pommel Strike+1","Disarm","Heavy Blade+1"],"relics":["Burning Blood","Strawberry","Molten Egg 2"],"potions_floor_usage":[],"damage_taken":[{"damage":0,"enemies":"Small Slimes","floor":1,"turns":3},{"damage":0,"enemies":"2 Louse","floor":4,"turns":3},{"damage":45,"enemies":"Gremlin Nob","floor":6,"turns":6},{"damage":30,"enemies":"3 Sentries","floor":8,"turns":8},{"damage":1,"enemies":"Jaw Worm","floor":13,"turns":2},{"damage":5,"enemies":"3 Louse","floor":14,"turns":3},{"damage":58,"enemies":"Slime Boss","floor":16,"turns":9}],"seed_played":"-8511936513486250763","potions_obtained":[{"floor":1,"key":"Weak Potion"},{"floor":13,"key":"Strength Potion"},{"floor":14,"key":"Swift Potion"}],"is_trial":false,"path_per_floor":["M","?","?","M","$","E","R","E","T","?","$","?","M","M","R","B"],"character_chosen":"IRONCLAD","items_purchased":["Iron Wave","Shrug It Off","Pommel Strike+1"],"campfire_rested":1,"item_purchase_floors":[5,11,11],"current_hp_per_floor":[80,69,69,75,75,43,43,19,19,19,19,19,24,25,51,0],"gold":188,"neow_bonus":"REMOVE_CARD","is_prod":false,"is_daily":false,"chose_seed":false,"campfire_upgraded":1,"win_rate":0,"timestamp":1552781125,"path_taken":["M","?","?","M","$","E","R","E","T","?","$","?","M","M","R","BOSS"],"build_version":"2019-01-23","purchased_purges":2,"victory":false,"max_hp_per_floor":[80,80,80,80,80,87,87,87,87,87,87,87,87,87,87,87],"card_choices":[{"not_picked":["Body Slam","Hemokinesis"],"picked":"Ghostly Armor","floor":1},{"not_picked":["Headbutt","Pommel Strike"],"picked":"Battle Trance","floor":4},{"not_picked":["Burning Pact","Demon Form"],"picked":"Juggernaut","floor":6},{"not_picked":["Wild Strike","Berserk"],"picked":"Warcry","floor":8},{"not_picked":["Perfected Strike+1","Battle Trance"],"picked":"Disarm","floor":13},{"not_picked":["Anger+1","Evolve"],"picked":"Heavy Blade+1","floor":14}],"player_experience":143869,"relics_obtained":[{"floor":6,"key":"Strawberry"},{"floor":8,"key":"Molten Egg 2"}],"event_choices":[{"damage_healed":0,"gold_gain":75,"player_choice":"Gather Gold","damage_taken":11,"max_hp_gain":0,"max_hp_loss":0,"event_name":"World of Goop","floor":2,"gold_loss":0},{"damage_healed":0,"gold_gain":0,"cards_transformed":["Strike_R"],"player_choice":"Change","damage_taken":0,"max_hp_gain":0,"max_hp_loss":0,"event_name":"Living Wall","floor":3,"gold_loss":0,"cards_obtained":["Clash"]},{"damage_healed":0,"gold_gain":175,"player_choice":"AGREE","damage_taken":0,"max_hp_gain":0,"max_hp_loss":0,"event_name":"Liars Game","floor":10,"gold_loss":0,"cards_obtained":["Doubt"]},{"damage_healed":0,"gold_gain":0,"player_choice":"Fled","damage_taken":0,"max_hp_gain":0,"max_hp_loss":0,"event_name":"Scrap Ooze","floor":12,"gold_loss":0}],"is_beta":false,"boss_relics":[],"items_purged_floors":[5,11],"is_endless":false,"potions_floor_spawned":[1,13,14],"killed_by":"Slime Boss","ascension_level":1}