{"gold_per_floor":[113,163,177,177,196,222,187,221,221,221,221,221,238,256,256,256],"floor_reached":16,"playtime":5315,"items_purged":[],"score":220,"play_id":"af7f7449-8279-4815-92fb-84c6f60c6541","local_time":"20190510180658","is_ascension_mode":true,"campfire_choices":[{"floor":10,"key":"REST"},{"data":"Pommel Strike","floor":12,"key":"SMITH"},{"data":"Flame Barrier","floor":15,"key":"SMITH"}],"neow_cost":"NONE","seed_source_timestamp":514547482008109,"circlet_count":0,"master_deck":["AscendersBane","Strike_R","Strike_R","Strike_R","Strike_R","Strike_R","Defend_R","Defend_R","Defend_R","Defend_R","Bash+1","Pommel Strike+1","Flame Barrier+1","Shrug It Off","Headbutt","Combust","Blood for Blood"],"relics":["Burning Blood","NeowsBlessing","Lantern","Gremlin Horn","Smiling Mask"],"potions_floor_usage":[16],"damage_taken":[{"damage":0,"enemies":"Jaw Worm","floor":1,"turns":1},{"damage":0,"enemies":"Cultist","floor":3,"turns":1},{"damage":0,"enemies":"Small Slimes","floor":5,"turns":1},{"damage":63,"enemies":"Lagavulin","floor":6,"turns":8},{"damage":35,"enemies":"3 Sentries","floor":8,"turns":13},{"damage":3,"enemies":"2 Fungi Beasts","floor":13,"turns":4},{"damage":3,"enemies":"Lots of Slimes","floor":14,"turns":3},{"damage":38,"enemies":"Hexaghost","floor":16,"turns":9}],"seed_played":"3092127397866250139","potions_obtained":[{"floor":8,"key":"Explosive Potion"},{"floor":13,"key":"Weak Potion"}],"is_trial":false,"path_per_floor":["M","?","M","?","M","E","?","E","T","R","?","R","M","M","R","B"],"character_chosen":"IRONCLAD","items_purchased":[],"campfire_rested":1,"item_purchase_floors":[],"current_hp_per_floor":[74,74,75,75,75,18,36,7,7,29,29,29,32,35,35,0],"gold":256,"neow_bonus":"THREE_ENEMY_KILL","is_prod":false,"is_daily":false,"chose_seed":false,"campfire_upgraded":2,"win_rate":0,"timestamp":1557526018,"path_taken":["M","?","?","?","M","E","?","E","T","R","?","R","M","M","R","BOSS"],"build_version":"2019-01-23","purchased_purges":0,"victory":false,"max_hp_per_floor":[75,75,75,75,75,75,75,75,75,75,75,75,75,75,75,75],"card_choices":[{"not_picked":["True Grit","Combust"],"picked":"Pommel Strike","floor":1},{"not_picked":["Perfected Strike","Clash"],"picked":"Flame Barrier","floor":3},{"not_picked":["Perfected Strike","Bloodletting"],"picked":"Shrug It Off","floor":5},{"not_picked":["Infernal Blade","Perfected Strike","Clash"],"picked":"SKIP","floor":6},{"not_picked":["Havoc","Exhume"],"picked":"Headbutt","floor":8},{"not_picked":["Perfected Strike","Wild Strike"],"picked":"Combust","floor":13},{"not_picked":["Heavy Blade","Twin Strike"],"picked":"Blood for Blood","floor":14}],"player_experience":506586,"relics_obtained":[{"floor":6,"key":"Lantern"},{"floor":8,"key":"Gremlin Horn"},{"floor":9,"key":"Smiling Mask"}],"event_choices":[{"damage_healed":0,"gold_gain":50,"player_choice":"Pray","damage_taken":0,"max_hp_gain":0,"max_hp_loss":0,"event_name":"Golden Shrine","floor":2,"gold_loss":0},{"damage_healed":0,"gold_gain":0,"player_choice":"Grow","damage_taken":0,"max_hp_gain":0,"max_hp_loss":0,"event_name":"Living Wall","floor":4,"gold_loss":0,"cards_upgraded":["Bash"]},{"damage_healed":18,"gold_gain":0,"player_choice":"Healed","damage_taken":0,"max_hp_gain":0,"max_hp_loss":0,"event_name":"The Cleric","floor":7,"gold_loss":35},{"damage_healed":0,"gold_gain":0,"player_choice":"0 cards matched","damage_taken":0,"max_hp_gain":0,"max_hp_loss":0,"event_name":"Match and Keep!","floor":11,"gold_loss":0,"cards_obtained":[]}],"is_beta":false,"boss_relics":[],"items_purged_floors":[],"is_endless":false,"potions_floor_spawned":[8,13,14],"killed_by":"Hexaghost","ascension_level":20}