{"gold_per_floor":[366,384,171,171,182,182,147,159,186,186,215,215,215,58,58,132,132,152,152],"floor_reached":19,"playtime":1162,"items_purged":["Injury","Strike_B"],"score":330,"play_id":"147abe81-58bb-4d91-97cd-03ec31116e34","local_time":"20190523145059","is_ascension_mode":true,"campfire_choices":[{"floor":6,"key":"REST"},{"data":"Defragment","floor":10,"key":"SMITH"},{"data":"Defragment","floor":12,"key":"SMITH"},{"data":"Zap","floor":15,"key":"SMITH"}],"neow_cost":"CURSE","seed_source_timestamp":248941329588581,"circlet_count":0,"master_deck":["AscendersBane","Strike_B","Strike_B","Defend_B","Defend_B","Defend_B","Defend_B","Zap+1","Dualcast","Defragment+1","Defragment+1","Cold Snap","Core Surge","Ball Lightning","Seek"],"relics":["Cracked Core","Juzu Bracelet","Potion Belt","Dead Branch","Philosopher\u0027s Stone"],"potions_floor_usage":[11,19,19],"damage_taken":[{"damage":5,"enemies":"Small Slimes","floor":1,"turns":3},{"damage":0,"enemies":"2 Louse","floor":2,"turns":1},{"damage":7,"enemies":"Jaw Worm","floor":5,"turns":4},{"damage":8,"enemies":"Blue Slaver","floor":8,"turns":4},{"damage":3,"enemies":"3 Sentries","floor":11,"turns":12},{"damage":15,"enemies":"Hexaghost","floor":16,"turns":9},{"damage":13,"enemies":"Shell Parasite","floor":18,"turns":4},{"damage":48,"enemies":"3 Byrds","floor":19,"turns":2}],"seed_played":"3965862339484715545","potions_obtained":[{"floor":2,"key":"SkillPotion"}],"is_trial":false,"path_per_floor":["M","M","$","?","M","R","?","M","T","R","E","R","?","$","R","B",null,"M","M"],"character_chosen":"DEFECT","items_purchased":["Defragment","Fire Potion","AttackPotion"],"campfire_rested":1,"item_purchase_floors":[3,3,14],"current_hp_per_floor":[59,59,59,33,26,47,64,56,56,56,53,53,46,46,46,31,61,48,0],"gold":152,"neow_bonus":"TWO_FIFTY_GOLD","is_prod":false,"is_daily":false,"chose_seed":false,"campfire_upgraded":3,"win_rate":0,"timestamp":1558637459,"path_taken":["M","M","$","?","M","R","?","M","T","R","E","R","?","?","R","BOSS","M","M"],"build_version":"2019-01-23","purchased_purges":2,"victory":false,"max_hp_per_floor":[71,71,71,71,71,71,71,71,71,71,71,71,71,71,71,71,71,71,71],"card_choices":[{"not_picked":["Redo","Stack"],"picked":"Defragment","floor":1},{"not_picked":["Turbo","Tempest","Leap"],"picked":"SKIP","floor":2},{"not_picked":["Chill","Steam"],"picked":"Cold Snap","floor":5},{"not_picked":["Consume","Redo"],"picked":"Core Surge","floor":8},{"not_picked":["Turbo","Leap"],"picked":"Ball Lightning","floor":11},{"not_picked":["Meteor Strike","Amplify"],"picked":"Seek","floor":16},{"not_picked":["Double Energy","Stack+1","Steam"],"picked":"SKIP","floor":18}],"player_experience":763524,"relics_obtained":[{"floor":9,"key":"Potion Belt"},{"floor":11,"key":"Dead Branch"}],"event_choices":[{"damage_healed":0,"gold_gain":0,"player_choice":"Success","damage_taken":26,"relics_obtained":["Juzu Bracelet"],"max_hp_gain":0,"max_hp_loss":0,"event_name":"Scrap Ooze","floor":4,"gold_loss":0},{"damage_healed":17,"gold_gain":0,"player_choice":"Healed","damage_taken":0,"max_hp_gain":0,"max_hp_loss":0,"event_name":"The Cleric","floor":7,"gold_loss":35},{"cards_removed":["Strike_B"],"damage_healed":0,"gold_gain":0,"player_choice":"Card Removal","damage_taken":7,"max_hp_gain":0,"max_hp_loss":0,"event_name":"Golden Wing","floor":13,"gold_loss":0}],"is_beta":false,"boss_relics":[{"not_picked":["FrozenCore","Black Star"],"picked":"Philosopher\u0027s Stone"}],"items_purged_floors":[3,14],"is_endless":false,"potions_floor_spawned":[2,8],"killed_by":"3 Byrds","ascension_level":20}