{"gold_per_floor":[113,128,139,151,151,151,186,199,199,28,28,44,76,90,90,90],"floor_reached":16,"playtime":924,"items_purged":[],"score":228,"play_id":"f155339c-0f21-473a-808c-626a16de1e25","local_time":"20190515223624","is_ascension_mode":true,"campfire_choices":[{"data":"Zap","floor":6.0,"key":"SMITH"},{"data":"Buffer","floor":11.0,"key":"SMITH"},{"data":"Multi-Cast","floor":15.0,"key":"SMITH"}],"neow_cost":"NONE","seed_source_timestamp":114895141803967,"circlet_count":0,"master_deck":["AscendersBane","Strike_B","Strike_B","Strike_B","Defend_B","Defend_B","Defend_B","Defend_B","Zap+1","Dualcast","Loop","Reinforced Body","Gash","Self Repair","Rebound","Buffer+1","Coolheaded","Multi-Cast+1"],"special_seed":0,"relics":["Cracked Core","NeowsBlessing","Anchor","Ornamental Fan","Bag of Marbles"],"potions_floor_usage":[],"damage_taken":[{"damage":0.0,"enemies":"Jaw Worm","floor":1.0,"turns":1.0},{"damage":0.0,"enemies":"Cultist","floor":2.0,"turns":1.0},{"damage":0.0,"enemies":"2 Louse","floor":3.0,"turns":1.0},{"damage":7.0,"enemies":"Large Slime","floor":4.0,"turns":6.0},{"damage":28.0,"enemies":"Lagavulin","floor":7.0,"turns":7.0},{"damage":0.0,"enemies":"3 Louse","floor":8.0,"turns":4.0},{"damage":4.0,"enemies":"Exordium Wildlife","floor":12.0,"turns":5.0},{"damage":4.0,"enemies":"3 Sentries","floor":13.0,"turns":9.0},{"damage":0.0,"enemies":"Red Slaver","floor":14.0,"turns":4.0},{"damage":51,"enemies":"Hexaghost","floor":16,"turns":12}],"seed_played":"-6529919922014629978","potions_obtained":[{"floor":1.0,"key":"EssenceOfSteel"},{"floor":7.0,"key":"Swift Potion"},{"floor":8.0,"key":"Block Potion"},{"floor":13.0,"key":"Ancient Potion"}],"is_trial":false,"path_per_floor":["M","M","M","M","?","R","E","M","T","$","R","M","E","M","R","B"],"character_chosen":"DEFECT","items_purchased":["Buffer"],"campfire_rested":0,"item_purchase_floors":[10],"current_hp_per_floor":[64,64,64,57,57,57,29,36,36,36,36,39,42,49,49,0],"gold":90,"neow_bonus":"THREE_ENEMY_KILL","is_prod":false,"is_daily":false,"chose_seed":false,"campfire_upgraded":3,"win_rate":0,"timestamp":1557974184,"path_taken":["M","M","M","M","?","R","E","M","T","$","R","M","E","M","R","BOSS"],"build_version":"2019-01-23","purchased_purges":0,"victory":false,"max_hp_per_floor":[71,71,71,71,71,71,71,71,71,71,71,71,71,71,71,71],"card_choices":[{"not_picked":["Steam","Turbo"],"picked":"Loop","floor":1.0},{"not_picked":["BootSequence","Storm","Skim"],"picked":"SKIP","floor":2.0},{"not_picked":["Coolheaded","Beam Cell"],"picked":"Reinforced Body","floor":3.0},{"not_picked":["Stack","Consume"],"picked":"Gash","floor":4.0},{"not_picked":["Darkness","Melter"],"picked":"Self Repair","floor":7.0},{"not_picked":["Stack","Beam Cell"],"picked":"Rebound","floor":8.0},{"not_picked":["Gash","Turbo"],"picked":"Coolheaded","floor":12.0},{"not_picked":["Sweeping Beam","Rebound"],"picked":"Multi-Cast","floor":13.0},{"not_picked":["Auto Shields","Fusion","Leap"],"picked":"SKIP","floor":14.0}],"player_experience":672297,"relics_obtained":[{"floor":7.0,"key":"Anchor"},{"floor":9.0,"key":"Ornamental Fan"},{"floor":13.0,"key":"Bag of Marbles"}],"event_choices":[{"cards_removed":["Strike_B"],"damage_healed":0.0,"max_hp_gain":0.0,"max_hp_loss":0.0,"gold_gain":0.0,"event_name":"Bonfire Elementals","player_choice":"Offered Basic","floor":5.0,"gold_loss":0.0,"damage_taken":0.0}],"is_beta":false,"boss_relics":[],"items_purged_floors":[],"is_endless":false,"potions_floor_spawned":[1,7,8,13],"killed_by":"Hexaghost","ascension_level":20}