{"gold_per_floor":[115,115,134,146,157,157,185,185,240,252,298,331,343,374,386,493,505,533,96,115,115],"floor_reached":21,"playtime":1291,"items_purged":["Decay"],"score":382,"play_id":"0364536d-9cf6-4a35-a015-cbd5a3db10fc","local_time":"20190523143121","is_ascension_mode":true,"campfire_choices":[{"data":"Coolheaded","floor":6,"key":"SMITH"},{"floor":8,"key":"REST"},{"data":"Zap","floor":13,"key":"SMITH"},{"data":"FTL","floor":15,"key":"SMITH"}],"neow_cost":"NONE","seed_source_timestamp":247617169540356,"circlet_count":0,"master_deck":["AscendersBane","Strike_B","Strike_B","Strike_B","Strike_B","Defend_B","Defend_B","Defend_B","Defend_B","Zap+1","Dualcast+1","Gash","Reinforced Body+1","Gash","Coolheaded+1","FTL+1","Fission","Parasite","Parasite","Skim","Static Discharge","Hologram"],"special_seed":0,"relics":["Cracked Core","NeowsBlessing","Mercury Hourglass","War Paint","MawBank","Golden Idol","Art of War","Calling Bell","Oddly Smooth Stone","Cables","Dead Branch","Pantograph"],"potions_floor_usage":[7,11,18,21],"damage_taken":[{"damage":0.0,"enemies":"Jaw Worm","floor":1.0,"turns":1.0},{"damage":0.0,"enemies":"Cultist","floor":3.0,"turns":1.0},{"damage":0.0,"enemies":"Small Slimes","floor":4.0,"turns":1.0},{"damage":9,"enemies":"Red Slaver","floor":5,"turns":3},{"damage":26,"enemies":"Lagavulin","floor":7,"turns":6},{"damage":6,"enemies":"Gremlin Nob","floor":11,"turns":4},{"damage":0,"enemies":"Looter","floor":12,"turns":3},{"damage":4,"enemies":"2 Fungi Beasts","floor":14,"turns":3},{"damage":2,"enemies":"The Guardian","floor":16,"turns":11},{"damage":25,"enemies":"Chosen","floor":18,"turns":5},{"damage":16,"enemies":"2 Thieves","floor":20,"turns":4},{"damage":27,"enemies":"3 Cultists","floor":21,"turns":4}],"seed_played":"273488384671980796","potions_obtained":[{"floor":5,"key":"AttackPotion"},{"floor":7,"key":"GamblersBrew"},{"floor":16,"key":"SkillPotion"},{"floor":20,"key":"SteroidPotion"}],"is_trial":false,"path_per_floor":["M","?","M","M","M","R","E","R","T","?","E","M","R","M","R","B",null,"M","$","M","M"],"character_chosen":"DEFECT","items_purchased":["Pantograph","Static Discharge"],"campfire_rested":1,"item_purchase_floors":[19,19],"current_hp_per_floor":[64,64,64,64,55,55,29,50,50,50,44,44,44,40,40,38,58,33,33,17,0],"gold":115,"neow_bonus":"THREE_ENEMY_KILL","is_prod":false,"is_daily":false,"chose_seed":false,"campfire_upgraded":3,"win_rate":0,"timestamp":1558636281,"path_taken":["M","?","M","?","M","R","E","R","T","?","E","M","R","M","R","BOSS","M","$","M","M"],"build_version":"2019-01-23","purchased_purges":1,"victory":false,"max_hp_per_floor":[71,71,71,71,71,71,71,71,71,64,64,64,64,64,64,64,64,64,64,64,64],"card_choices":[{"not_picked":["Leap","Redo"],"picked":"Gash","floor":1.0},{"not_picked":["Hologram","Turbo"],"picked":"Reinforced Body","floor":3.0},{"not_picked":["Compile Driver","Coolheaded"],"picked":"Gash","floor":4},{"not_picked":["Turbo","Tempest"],"picked":"Coolheaded","floor":5},{"not_picked":["Turbo","Force Field","Thunder Strike"],"picked":"SKIP","floor":7},{"not_picked":["Double Energy","Leap"],"picked":"FTL","floor":11},{"not_picked":["Heatsinks","Auto Shields","Conserve Battery"],"picked":"SKIP","floor":12},{"not_picked":["Auto Shields","Cold Snap","Stack"],"picked":"SKIP","floor":14},{"not_picked":["Creative AI","Multi-Cast"],"picked":"Fission","floor":16},{"not_picked":["Stack","Undo"],"picked":"Skim","floor":18},{"not_picked":["Conserve Battery","Go for the Eyes"],"picked":"Hologram","floor":20}],"player_experience":762233,"relics_obtained":[{"floor":2.0,"key":"Mercury Hourglass"},{"floor":7,"key":"War Paint"},{"floor":9,"key":"MawBank"},{"floor":11,"key":"Art of War"},{"floor":17,"key":"Oddly Smooth Stone"},{"floor":17,"key":"Cables"},{"floor":17,"key":"Dead Branch"}],"event_choices":[{"damage_healed":0.0,"max_hp_gain":0.0,"max_hp_loss":0.0,"gold_gain":0.0,"event_name":"Wheel of Change","player_choice":"Relic","floor":2.0,"gold_loss":0.0,"damage_taken":0.0},{"damage_healed":0,"gold_gain":0,"player_choice":"Lose Max HP","damage_taken":0,"relics_obtained":["Golden Idol"],"max_hp_gain":0,"max_hp_loss":7,"event_name":"Golden Idol","floor":10,"gold_loss":0}],"is_beta":false,"boss_relics":[{"not_picked":["Coffee Dripper","Snecko Eye"],"picked":"Calling Bell"}],"items_purged_floors":[19],"is_endless":false,"potions_floor_spawned":[5,7,16,20],"killed_by":"3 Cultists","ascension_level":20}