{"gold_per_floor":[111,111,131,150,163,163,163,163,235,235],"floor_reached":10,"playtime":1018,"items_purged":[],"score":90,"play_id":"08c23176-1239-49ed-b7d0-4cf0b9f5c4aa","local_time":"20190502220627","is_ascension_mode":true,"campfire_choices":[{"floor":6,"key":"REST"},{"data":"Footwork","floor":8,"key":"SMITH"}],"neow_cost":"NONE","seed_source_timestamp":5043438717402968,"circlet_count":0,"master_deck":["AscendersBane","Defend_G","Defend_G","Defend_G","Defend_G","Defend_G","Strike_G","Strike_G","Strike_G","Strike_G","Strike_G","Survivor","Neutralize+1","Noxious Fumes","Footwork+1","Cloak And Dagger"],"relics":["Ring of the Snake","Potion Belt","Lantern","Dodecahedron"],"potions_floor_usage":[5],"damage_taken":[{"damage":0,"enemies":"Jaw Worm","floor":1,"turns":6},{"damage":8,"enemies":"Small Slimes","floor":3,"turns":4},{"damage":4,"enemies":"Cultist","floor":4,"turns":5},{"damage":16,"enemies":"Exordium Thugs","floor":5,"turns":7},{"damage":51,"enemies":"3 Sentries","floor":10,"turns":12}],"seed_played":"-3761424386764508249","potions_obtained":[{"floor":3,"key":"Block Potion"},{"floor":5,"key":"Ancient Potion"}],"is_trial":false,"path_per_floor":["M","?","M","M","M","R","?","R","T","E"],"character_chosen":"THE_SILENT","items_purchased":[],"campfire_rested":1,"item_purchase_floors":[],"current_hp_per_floor":[63,63,55,51,35,56,56,56,56,5],"gold":235,"neow_bonus":"RANDOM_COMMON_RELIC","is_prod":false,"is_daily":false,"chose_seed":false,"campfire_upgraded":1,"win_rate":0,"timestamp":1556849187,"path_taken":["M","?","M","M","M","R","?","R","T","E"],"build_version":"2019-01-23","purchased_purges":0,"victory":false,"max_hp_per_floor":[70,70,70,70,70,70,70,70,70,70],"card_choices":[{"not_picked":["Blade Dance","Finisher","Acrobatics"],"picked":"SKIP","floor":1},{"not_picked":["Dodge and Roll","Phantasmal Killer"],"picked":"Noxious Fumes","floor":3},{"not_picked":["Infinite Blades","Deflect"],"picked":"Footwork","floor":4},{"not_picked":["Deflect","Dodge and Roll"],"picked":"Cloak And Dagger","floor":5}],"player_experience":251681,"relics_obtained":[{"floor":7,"key":"Lantern"},{"floor":9,"key":"Dodecahedron"}],"event_choices":[{"damage_healed":0,"gold_gain":0,"player_choice":"Grow","damage_taken":0,"max_hp_gain":0,"max_hp_loss":0,"event_name":"Living Wall","floor":2,"gold_loss":0,"cards_upgraded":["Neutralize"]},{"damage_healed":0,"gold_gain":0,"player_choice":"Relic","damage_taken":0,"max_hp_gain":0,"max_hp_loss":0,"event_name":"Wheel of Change","floor":7,"gold_loss":0}],"is_beta":false,"boss_relics":[],"items_purged_floors":[],"is_endless":false,"potions_floor_spawned":[3,5],"killed_by":"3 Sentries","ascension_level":11}