{"gold_per_floor":[109,27,38,52,17,17,50,50,50,14,14,14,14,25,25,100,100,86,11,28,39,39,39,39,64,64,99,110,140,240,130,130,207,207,217,234,234,253,272,297,313,313,384,384,400,427,439,468,468,468,468,468,85,120,120],"floor_reached":55,"playtime":3643,"items_purged":["Regret","Strike_B"],"score":1504,"play_id":"a366cf0b-7ff0-4b39-bc8f-62f125587347","local_time":"20190525164737","is_ascension_mode":true,"campfire_choices":[{"data":"Go for the Eyes","floor":6,"key":"SMITH"},{"data":"Self Repair","floor":8,"key":"SMITH"},{"data":"Defragment","floor":11,"key":"SMITH"},{"floor":15,"key":"REST"},{"floor":23,"key":"REST"},{"data":"1","floor":32,"key":"LIFT"},{"data":"Defragment","floor":42,"key":"SMITH"},{"data":"Biased Cognition","floor":44,"key":"SMITH"},{"floor":49,"key":"RECALL"},{"data":"2","floor":52,"key":"LIFT"}],"neow_cost":"NONE","seed_source_timestamp":486929615057385,"circlet_count":0,"master_deck":["AscendersBane","Strike_B","Strike_B+1","Strike_B+1","Defend_B","Defend_B","Defend_B","Defend_B+1","Zap","Dualcast","Clumsy","Genetic Algorithm","Echo Form","Go for the Eyes+1","Self Repair+1","Defragment+1","FTL","Echo Form","Gash+1","Coolheaded+1","Coolheaded+1","Electrodynamics","Echo Form","Fusion+1","Genetic Algorithm+1","Defragment+1","Biased Cognition+1","Coolheaded+1","Glacier+1","Defragment"],"relics":["Calling Bell","Orichalcum","Gremlin Horn","Mango","Incense Burner","Toxic Egg 2","StoneCalendar","Snecko Eye","Smiling Mask","Bottled Tornado","Meat on the Bone","Happy Flower","Girya","White Beast Statue","Question Card","Sundial","Oddly Smooth Stone","Whetstone","Dodecahedron","Bottled Lightning"],"potions_floor_usage":[29,29,40,54,55,55],"damage_taken":[{"damage":10,"enemies":"Jaw Worm","floor":1,"turns":4},{"damage":6,"enemies":"2 Louse","floor":3,"turns":2},{"damage":16,"enemies":"Small Slimes","floor":4,"turns":6},{"damage":21,"enemies":"Lagavulin","floor":7,"turns":8},{"damage":19,"enemies":"2 Fungi Beasts","floor":14,"turns":5},{"damage":19,"enemies":"Hexaghost","floor":16,"turns":12},{"damage":15,"enemies":"2 Thieves","floor":18,"turns":4},{"damage":21,"enemies":"Spheric Guardian","floor":20,"turns":6},{"damage":15,"enemies":"Centurion and Healer","floor":21,"turns":7},{"damage":21,"enemies":"Book of Stabbing","floor":27,"turns":7},{"damage":12,"enemies":"Snake Plant","floor":28,"turns":7},{"damage":64,"enemies":"Slavers","floor":29,"turns":11},{"damage":11,"enemies":"Colosseum Slavers","floor":30,"turns":5},{"damage":7,"enemies":"Colosseum Nobs","floor":30,"turns":5},{"damage":8,"enemies":"Collector","floor":33,"turns":11},{"damage":5,"enemies":"Orb Walker","floor":35,"turns":5},{"damage":18,"enemies":"3 Shapes","floor":36,"turns":2},{"damage":0,"enemies":"3 Darklings","floor":38,"turns":5},{"damage":37,"enemies":"Spire Growth","floor":39,"turns":7},{"damage":0,"enemies":"Giant Head","floor":40,"turns":9},{"damage":27,"enemies":"Jaw Worm Horde","floor":41,"turns":4},{"damage":14,"enemies":"4 Shapes","floor":45,"turns":5},{"damage":35,"enemies":"Nemesis","floor":46,"turns":7},{"damage":7,"enemies":"3 Darklings","floor":47,"turns":3},{"damage":0,"enemies":"Giant Head","floor":48,"turns":9},{"damage":0,"enemies":"Awakened One","floor":50,"turns":18},{"damage":63,"enemies":"Shield and Spear","floor":54,"turns":10},{"damage":62,"enemies":"The Heart","floor":55,"turns":5}],"seed_played":"2939144510605268273","potions_obtained":[{"floor":3,"key":"EssenceOfSteel"},{"floor":14,"key":"PowerPotion"},{"floor":27,"key":"Fire Potion"},{"floor":29,"key":"Fruit Juice"},{"floor":35,"key":"SkillPotion"},{"floor":40,"key":"EssenceOfSteel"},{"floor":47,"key":"LiquidBronze"},{"floor":54,"key":"Block Potion"}],"is_trial":false,"path_per_floor":["M","$","M","M","?","R","E","R","T","$","R","?","?","M","R","B",null,"M","$","M","M","?","R","?","T","T","E","M","E","?","?","R","B",null,"M","M","T","M","M","E","M","R","T","R","M","E","M","E","R","B",null,"R","$","E","B"],"character_chosen":"DEFECT","items_purchased":["Echo Form","Defragment","Defragment","Dodecahedron"],"campfire_rested":2,"item_purchase_floors":[2,10,53,53],"current_hp_per_floor":[68,68,62,46,67,67,46,46,46,46,46,46,20,1,26,17,68,53,53,52,57,57,82,82,82,82,81,79,52,86,86,86,88,90,90,72,72,90,73,90,83,83,83,83,89,74,67,87,87,90,90,90,90,59,0],"gold":120,"neow_bonus":"BOSS_RELIC","is_prod":false,"is_daily":false,"chose_seed":false,"campfire_upgraded":5,"win_rate":0,"timestamp":1558817257,"path_taken":["M","$","M","M","?","R","E","R","T","$","R","?","?","M","R","BOSS","M","$","M","M","?","R","?","?","T","E","?","E","?","?","R","BOSS","M","M","?","M","M","E","M","R","T","R","M","E","M","E","R","BOSS","R","$","E","BOSS"],"build_version":"2019-01-23","purchased_purges":2,"victory":false,"max_hp_per_floor":[85,85,85,85,85,85,85,85,85,85,85,85,85,85,85,85,85,85,85,85,85,85,85,85,85,85,85,85,90,90,90,90,90,90,90,90,90,90,90,90,90,90,90,90,90,90,90,90,90,90,90,90,90,90,90],"card_choices":[{"not_picked":["Beam Cell","Turbo"],"picked":"Genetic Algorithm","floor":1},{"not_picked":["Redo","Turbo"],"picked":"Go for the Eyes","floor":3},{"not_picked":["Heatsinks","Amplify","Barrage"],"picked":"SKIP","floor":4},{"not_picked":["Storm","Double Energy"],"picked":"Self Repair","floor":7},{"not_picked":["Beam Cell","Redo+1"],"picked":"FTL","floor":14},{"not_picked":["Seek+1","Amplify+1"],"picked":"Echo Form","floor":16},{"not_picked":["Streamline","Beam Cell"],"picked":"Gash+1","floor":18},{"not_picked":["Beam Cell+1","Cold Snap","Rebound"],"picked":"SKIP","floor":20},{"not_picked":["Stack+1","Loop"],"picked":"Coolheaded+1","floor":21},{"not_picked":["Steam+1","Turbo+1","Compile Driver"],"picked":"SKIP","floor":27},{"not_picked":["Reprogram+1","Sweeping Beam"],"picked":"Coolheaded+1","floor":28},{"not_picked":["Ball Lightning","Aggregate+1"],"picked":"Electrodynamics","floor":29},{"not_picked":["All For One","Thunder Strike"],"picked":"Echo Form","floor":33},{"not_picked":["Leap+1","Cold Snap"],"picked":"Fusion+1","floor":35},{"not_picked":["Beam Cell","Consume+1","Gash+1"],"picked":"SKIP","floor":36},{"not_picked":["Double Energy+1","Hologram+1"],"picked":"Genetic Algorithm+1","floor":38},{"not_picked":["Storm+1","Force Field+1"],"picked":"Defragment","floor":39},{"not_picked":["Doom and Gloom","Barrage"],"picked":"Biased Cognition","floor":40},{"not_picked":["Cold Snap","Beam Cell","Blizzard+1","Storm"],"picked":"SKIP","floor":41},{"not_picked":["Cold Snap+1","Doom and Gloom","Rebound","Turbo+1"],"picked":"SKIP","floor":45},{"not_picked":["Reprogram+1","Amplify+1","Loop"],"picked":"Coolheaded+1","floor":46},{"not_picked":["Steam Power+1","Hologram+1","Steam+1","Chill+1"],"picked":"SKIP","floor":47},{"not_picked":["Aggregate+1","Genetic Algorithm+1","Fusion+1"],"picked":"Glacier+1","floor":48},{"not_picked":["Tempest+1","Compile Driver","Consume+1","Rebound"],"picked":"SKIP","floor":54}],"player_experience":1329980,"relics_obtained":[{"floor":0,"key":"Orichalcum"},{"floor":0,"key":"Gremlin Horn"},{"floor":0,"key":"Mango"},{"floor":7,"key":"Incense Burner"},{"floor":9,"key":"Toxic Egg 2"},{"floor":25,"key":"Smiling Mask"},{"floor":26,"key":"Bottled Tornado"},{"floor":27,"key":"Meat on the Bone"},{"floor":29,"key":"Happy Flower"},{"floor":30,"key":"Girya"},{"floor":40,"key":"Question Card"},{"floor":43,"key":"Sundial"},{"floor":46,"key":"Oddly Smooth Stone"},{"floor":48,"key":"Whetstone"},{"floor":54,"key":"Bottled Lightning"}],"event_choices":[{"damage_healed":21,"gold_gain":0,"player_choice":"Healed","damage_taken":0,"max_hp_gain":0,"max_hp_loss":0,"event_name":"The Cleric","floor":5,"gold_loss":35},{"damage_healed":0,"gold_gain":0,"player_choice":"Ignored","damage_taken":0,"max_hp_gain":0,"max_hp_loss":0,"event_name":"Liars Game","floor":12,"gold_loss":0},{"damage_healed":0,"gold_gain":0,"player_choice":"Success","damage_taken":26,"relics_obtained":["StoneCalendar"],"max_hp_gain":0,"max_hp_loss":0,"event_name":"Scrap Ooze","floor":13,"gold_loss":0},{"damage_healed":0,"gold_gain":0,"player_choice":"Ignored","damage_taken":0,"max_hp_gain":0,"max_hp_loss":0,"event_name":"Beggar","floor":22,"gold_loss":0},{"damage_healed":0,"gold_gain":0,"player_choice":"Fight","damage_taken":0,"max_hp_gain":0,"max_hp_loss":0,"event_name":"Colosseum","floor":30,"gold_loss":0},{"damage_healed":0,"gold_gain":0,"player_choice":"Fought Nobs","damage_taken":0,"max_hp_gain":0,"max_hp_loss":0,"event_name":"Colosseum","floor":30,"gold_loss":0},{"cards_removed":["Injury"],"damage_healed":0,"gold_gain":0,"player_choice":"Upgrade and Remove","damage_taken":0,"max_hp_gain":0,"max_hp_loss":0,"event_name":"Designer","floor":31,"gold_loss":110,"cards_upgraded":["Defend_B"]}],"is_beta":false,"boss_relics":[{"not_picked":["Orrery","Philosopher\u0027s Stone"],"picked":"Snecko Eye"},{"not_picked":["Velvet Choker","Eternal Feather"],"picked":"White Beast Statue"}],"items_purged_floors":[19,53],"is_endless":false,"potions_floor_spawned":[3,14,18,27,29,30,35,36,38,39,40,41,45,46,47,48,54],"killed_by":"The Heart","ascension_level":15}