{"gold_per_floor":[118,132,143,159,159,184,195,212,264,36,61,77,77,90,90,195,195,214,214,214,234,250,285,285],"floor_reached":24,"playtime":1741,"items_purged":[],"score":406,"play_id":"988fdc55-5f66-405d-ab1b-f90be8e9acd7","local_time":"20190507171229","is_ascension_mode":true,"campfire_choices":[{"data":"Inflame","floor":13.0,"key":"SMITH"},{"data":"Iron Wave","floor":15.0,"key":"SMITH"}],"neow_cost":"NONE","seed_source_timestamp":255558553981290,"circlet_count":0,"master_deck":["Defend_R","Defend_R","Defend_R","Defend_R","Bash+1","Clothesline","Uppercut+1","Dropkick","Evolve","Iron Wave+1","Wild Strike","Rage","Flash of Steel","Inflame+1","Rupture","Battle Trance","Immolate","Sentinel+1","Bite","Bite","Bite","Bite","Bite","RitualDagger","Dropkick+1","Ghostly Armor"],"special_seed":0,"relics":["Burning Blood","Ancient Tea Set","Vajra","Pen Nib","Meat on the Bone","Runic Cube","Molten Egg 2"],"potions_floor_usage":[23,23,24],"damage_taken":[{"damage":3.0,"enemies":"2 Louse","floor":1.0,"turns":3.0},{"damage":0.0,"enemies":"Cultist","floor":2.0,"turns":3.0},{"damage":14.0,"enemies":"Small Slimes","floor":3.0,"turns":4.0},{"damage":14.0,"enemies":"Looter","floor":4.0,"turns":3.0},{"damage":30.0,"enemies":"Lagavulin","floor":6.0,"turns":4.0},{"damage":8.0,"enemies":"3 Louse","floor":7.0,"turns":4.0},{"damage":20.0,"enemies":"Exordium Thugs","floor":8.0,"turns":5.0},{"damage":16.0,"enemies":"Gremlin Nob","floor":11.0,"turns":3.0},{"damage":9.0,"enemies":"Red Slaver","floor":12.0,"turns":4.0},{"damage":10.0,"enemies":"Gremlin Gang","floor":14.0,"turns":3.0},{"damage":0.0,"enemies":"Slime Boss","floor":16.0,"turns":5.0},{"damage":32.0,"enemies":"2 Thieves","floor":18.0,"turns":4.0},{"damage":19.0,"enemies":"Shell Parasite","floor":21.0,"turns":6.0},{"damage":22,"enemies":"Chosen and Byrds","floor":22,"turns":6},{"damage":26,"enemies":"Slavers","floor":23,"turns":4},{"damage":46,"enemies":"Snake Plant","floor":24,"turns":4}],"seed_played":"4129991431769219378","potions_obtained":[{"floor":1.0,"key":"SteroidPotion"},{"floor":3.0,"key":"Explosive Potion"},{"floor":4.0,"key":"SpeedPotion"},{"floor":11.0,"key":"BloodPotion"},{"floor":12.0,"key":"EssenceOfSteel"},{"floor":22,"key":"Dexterity Potion"}],"is_trial":false,"path_per_floor":["M","M","M","M","?","E","M","M","T","$","E","M","R","M","R","B",null,"M","?","?","M","M","E","M"],"character_chosen":"IRONCLAD","items_purchased":["Pen Nib","Flash of Steel"],"campfire_rested":0,"item_purchase_floors":[10,10],"current_hp_per_floor":[75,80,72,64,64,40,38,24,24,24,14,31,31,39,39,57,74,48,48,42,41,41,35,0],"gold":285,"neow_bonus":"UPGRADE_CARD","is_prod":false,"is_daily":false,"chose_seed":false,"campfire_upgraded":2,"win_rate":0,"timestamp":1557263549,"path_taken":["M","M","M","M","?","E","M","?","T","$","E","M","R","M","R","BOSS","M","?","?","M","M","E","M"],"build_version":"2019-01-23","purchased_purges":0,"victory":false,"max_hp_per_floor":[80,80,80,80,80,80,80,80,80,80,80,80,80,80,80,80,80,80,56,56,56,56,56,56],"card_choices":[{"not_picked":["True Grit","Thunderclap"],"picked":"Clothesline","floor":1.0},{"not_picked":["Perfected Strike","Body Slam"],"picked":"Uppercut","floor":2.0},{"not_picked":["Offering","Cleave"],"picked":"Dropkick","floor":3.0},{"not_picked":["Sword Boomerang","Twin Strike"],"picked":"Evolve","floor":4.0},{"not_picked":["Battle Trance","Thunderclap"],"picked":"Iron Wave","floor":6.0},{"not_picked":["Havoc","Flex"],"picked":"Wild Strike","floor":7.0},{"not_picked":["Anger","Sentinel"],"picked":"Rage","floor":8.0},{"not_picked":["Offering","Clash"],"picked":"Inflame","floor":11.0},{"not_picked":["Wild Strike","Rampage"],"picked":"Rupture","floor":12.0},{"not_picked":["Body Slam","Blood for Blood"],"picked":"Battle Trance","floor":14.0},{"not_picked":["Barricade","Exhume"],"picked":"Immolate","floor":16.0},{"not_picked":["Sword Boomerang","Perfected Strike"],"picked":"Sentinel+1","floor":18.0},{"not_picked":["Ghostly Armor","Sever Soul","Iron Wave"],"picked":"SKIP","floor":21.0},{"not_picked":["Armaments","Combust"],"picked":"Dropkick+1","floor":22},{"not_picked":["Infernal Blade","Headbutt"],"picked":"Ghostly Armor","floor":23}],"player_experience":401464,"relics_obtained":[{"floor":6.0,"key":"Ancient Tea Set"},{"floor":9.0,"key":"Vajra"},{"floor":11.0,"key":"Meat on the Bone"},{"floor":23,"key":"Molten Egg 2"}],"event_choices":[{"damage_healed":0.0,"max_hp_gain":0.0,"max_hp_loss":0.0,"gold_gain":0.0,"event_name":"Upgrade Shrine","player_choice":"Upgraded","floor":5.0,"gold_loss":0.0,"damage_taken":0.0,"cards_upgraded":["Uppercut"]},{"damage_healed":0.0,"max_hp_gain":0.0,"max_hp_loss":24.0,"gold_gain":0.0,"event_name":"Vampires","player_choice":"Became a vampire","floor":19.0,"gold_loss":0.0,"damage_taken":0.0,"cards_obtained":["Bite","Bite","Bite","Bite","Bite"]},{"damage_healed":0.0,"max_hp_gain":0.0,"max_hp_loss":0.0,"gold_gain":0.0,"event_name":"Nest","player_choice":"Joined the Cult","floor":20.0,"gold_loss":0.0,"damage_taken":6.0,"cards_obtained":["RitualDagger"]}],"is_beta":false,"boss_relics":[{"not_picked":["Orrery","Tiny House"],"picked":"Runic Cube"}],"items_purged_floors":[],"is_endless":false,"potions_floor_spawned":[1,3,4,11,12,22],"killed_by":"Snake Plant","ascension_level":7}