{"gold_per_floor":[114,129,144,219,234,234,234,249,324,339,369,384,34,49,49,149,149,164,179,194,209,224,224],"floor_reached":23,"playtime":1770,"items_purged":["Strike_R"],"score":201,"play_id":"74c19173-14ae-481e-b906-2ce7b60b1c1a","local_time":"20190223235333","daily_mods":["Heirloom","Uncertain Future","DeadlyEvents"],"is_ascension_mode":false,"campfire_choices":[{"data":"Inflame","floor":6,"key":"SMITH"},{"data":"Whirlwind","floor":15,"key":"SMITH"}],"neow_cost":"","seed_source_timestamp":0,"circlet_count":0,"master_deck":["Strike_R","Strike_R","Strike_R","Strike_R","Defend_R","Defend_R","Defend_R","Defend_R","Bash","Inflame+1","Metallicize","Seeing Red","Iron Wave","Uppercut","Metallicize+1","Brutality+1","Rupture+1","Battle Trance","Whirlwind+1","Demon Form+1","Dropkick+1","Warcry","Heavy Blade","Double Tap"],"special_seed":17951,"relics":["Burning Blood","StoneCalendar","Dream Catcher","Frozen Egg 2","Shuriken","Lee\u0027s Waffle","Cursed Key"],"potions_floor_usage":[11,19,23],"damage_taken":[{"damage":7,"enemies":"2 Louse","floor":1,"turns":2},{"damage":11,"enemies":"Jaw Worm","floor":2,"turns":4},{"damage":9,"enemies":"Small Slimes","floor":3,"turns":4},{"damage":14,"enemies":"Red Slaver","floor":5,"turns":5},{"damage":14,"enemies":"Exordium Thugs","floor":8,"turns":5},{"damage":8,"enemies":"Blue Slaver","floor":10,"turns":4},{"damage":13,"enemies":"Gremlin Nob","floor":11,"turns":5},{"damage":16,"enemies":"Lots of Slimes","floor":12,"turns":6},{"damage":3,"enemies":"Exordium Thugs","floor":14,"turns":4},{"damage":47,"enemies":"The Guardian","floor":16,"turns":7},{"damage":16,"enemies":"Shell Parasite","floor":18,"turns":4},{"damage":13,"enemies":"Spheric Guardian","floor":19,"turns":4},{"damage":23,"enemies":"Snake Plant","floor":20,"turns":5},{"damage":37,"enemies":"Shelled Parasite and Fungi","floor":21,"turns":4},{"damage":15,"enemies":"Snecko","floor":22,"turns":5},{"damage":15,"enemies":"Slavers","floor":23,"turns":1}],"seed_played":"4396462369862563879","potions_obtained":[{"floor":1,"key":"PowerPotion"},{"floor":11,"key":"Dexterity Potion"},{"floor":12,"key":"EssenceOfSteel"},{"floor":16,"key":"AttackPotion"},{"floor":19,"key":"Ancient Potion"},{"floor":20,"key":"Fire Potion"}],"is_trial":false,"path_per_floor":["M","M","M","?","M","R","T","M","T","M","E","M","$","M","R","B",null,"M","M","M","M","M","E"],"character_chosen":"IRONCLAD","items_purchased":["Battle Trance","Lee\u0027s Waffle"],"campfire_rested":0,"item_purchase_floors":[13,13],"current_hp_per_floor":[79,74,71,60,52,52,52,44,44,42,35,25,87,87,87,46,87,77,70,53,22,13,0],"gold":224,"neow_bonus":"","is_prod":false,"is_daily":true,"chose_seed":false,"campfire_upgraded":2,"win_rate":0,"timestamp":1550987613,"path_taken":["M","M","M","?","M","R","?","M","T","M","E","?","$","M","R","BOSS","M","M","M","M","M","E"],"build_version":"2019-01-23","purchased_purges":1,"victory":false,"max_hp_per_floor":[80,80,80,80,80,80,80,80,80,80,80,80,87,87,87,87,87,87,87,87,87,87,87],"card_choices":[{"not_picked":["Flex","Anger"],"picked":"Inflame","floor":1},{"not_picked":["Anger","Pommel Strike"],"picked":"Metallicize","floor":2},{"not_picked":["Sentinel","Clothesline"],"picked":"Seeing Red","floor":3},{"not_picked":["Shrug It Off","Heavy Blade"],"picked":"Iron Wave","floor":5},{"not_picked":["Heavy Blade","Pommel Strike"],"picked":"Uppercut","floor":8},{"not_picked":["Sentinel","Flex"],"picked":"Metallicize+1","floor":10},{"not_picked":["Warcry","Sentinel"],"picked":"Brutality+1","floor":11},{"not_picked":["Carnage","Combust+1"],"picked":"Rupture+1","floor":12},{"not_picked":["Clothesline","Searing Blow"],"picked":"Whirlwind","floor":14},{"not_picked":["Exhume","Limit Break"],"picked":"Demon Form+1","floor":16},{"not_picked":["Power Through","Clothesline"],"picked":"Dropkick+1","floor":18},{"not_picked":["Thunderclap","Flame Barrier"],"picked":"Warcry","floor":19},{"not_picked":["Pommel Strike","Feel No Pain+1"],"picked":"Heavy Blade","floor":20},{"not_picked":["Clash","Wild Strike+1","Cleave"],"picked":"SKIP","floor":21},{"not_picked":["True Grit","Warcry"],"picked":"Double Tap","floor":22}],"player_experience":71155,"relics_obtained":[{"floor":7,"key":"Dream Catcher"},{"floor":9,"key":"Frozen Egg 2"},{"floor":11,"key":"Shuriken"}],"event_choices":[{"damage_healed":0,"gold_gain":75,"player_choice":"Gather Gold","damage_taken":11,"max_hp_gain":0,"max_hp_loss":0,"event_name":"World of Goop","floor":4,"gold_loss":0}],"is_beta":false,"boss_relics":[{"not_picked":["Eternal Feather","Runic Dome"],"picked":"Cursed Key"}],"items_purged_floors":[13],"is_endless":false,"potions_floor_spawned":[1,11,12,16,19,20],"killed_by":"Slavers","ascension_level":0}