{"gold_per_floor":[212,58,68,87,102,102,119,119,119,146,146,146,166,184,184,184],"floor_reached":16,"playtime":845,"items_purged":["Defend_B"],"score":208,"play_id":"cd8b7a95-905e-4505-ad09-8f12359bca48","local_time":"20190523211648","is_ascension_mode":true,"campfire_choices":[{"data":"Streamline","floor":6.0,"key":"SMITH"},{"floor":8.0,"key":"REST"},{"floor":12.0,"key":"REST"},{"data":"Fission","floor":15.0,"key":"SMITH"}],"neow_cost":"NONE","seed_source_timestamp":272338652882372,"circlet_count":0,"master_deck":["AscendersBane","Strike_B","Strike_B","Strike_B","Strike_B","Defend_B","Defend_B","Defend_B","Zap","Dualcast","Glacier","Undo","Gash","Streamline+1","Ball Lightning","Fission+1","Reinforced Body","FTL"],"special_seed":0,"relics":["Cracked Core","Strawberry","Bag of Preparation"],"potions_floor_usage":[16],"damage_taken":[{"damage":6.0,"enemies":"Cultist","floor":1.0,"turns":3.0},{"damage":0.0,"enemies":"2 Louse","floor":3.0,"turns":5.0},{"damage":0.0,"enemies":"Jaw Worm","floor":4.0,"turns":6.0},{"damage":19.0,"enemies":"Exordium Thugs","floor":5.0,"turns":6.0},{"damage":15.0,"enemies":"Exordium Wildlife","floor":7.0,"turns":5.0},{"damage":26.0,"enemies":"3 Sentries","floor":10.0,"turns":7.0},{"damage":5.0,"enemies":"Large Slime","floor":13.0,"turns":5.0},{"damage":3.0,"enemies":"2 Fungi Beasts","floor":14.0,"turns":4.0},{"damage":37,"enemies":"Slime Boss","floor":16,"turns":12}],"seed_played":"7924015218151200794","potions_obtained":[{"floor":4.0,"key":"Weak Potion"},{"floor":5.0,"key":"Weak Potion"},{"floor":10.0,"key":"SkillPotion"}],"is_trial":false,"path_per_floor":["M","$","M","M","M","R","M","R","T","E","?","R","M","M","R","B"],"character_chosen":"DEFECT","items_purchased":["Undo"],"campfire_rested":2,"item_purchase_floors":[2],"current_hp_per_floor":[58,58,58,58,39,39,24,45,52,26,15,38,33,30,30,0],"gold":184,"neow_bonus":"HUNDRED_GOLD","is_prod":false,"is_daily":false,"chose_seed":false,"campfire_upgraded":2,"win_rate":0,"timestamp":1558660608,"path_taken":["M","$","M","M","?","R","M","R","T","E","?","R","?","M","R","BOSS"],"build_version":"2019-01-23","purchased_purges":1,"victory":false,"max_hp_per_floor":[71,71,71,71,71,71,71,71,78,78,78,78,78,78,78,78],"card_choices":[{"not_picked":["Hologram","Steam"],"picked":"Glacier","floor":1.0},{"not_picked":["Conserve Battery","Leap","Redo"],"picked":"SKIP","floor":3.0},{"not_picked":["Sunder","Force Field"],"picked":"Gash","floor":4.0},{"not_picked":["Beam Cell","Coolheaded"],"picked":"Streamline","floor":5.0},{"not_picked":["Cold Snap","Steam Power"],"picked":"Ball Lightning","floor":7.0},{"not_picked":["Cold Snap","Ball Lightning"],"picked":"Fission","floor":10.0},{"not_picked":["Hello World","BootSequence"],"picked":"Reinforced Body","floor":13.0},{"not_picked":["Double Energy","Chill"],"picked":"FTL","floor":14.0}],"player_experience":782104,"relics_obtained":[{"floor":9.0,"key":"Strawberry"},{"floor":10.0,"key":"Bag of Preparation"}],"event_choices":[{"damage_healed":0.0,"max_hp_gain":0.0,"max_hp_loss":0.0,"gold_gain":0.0,"event_name":"Wheel of Change","player_choice":"Damaged","floor":11.0,"gold_loss":0.0,"damage_taken":11.0}],"is_beta":false,"boss_relics":[],"items_purged_floors":[2],"is_endless":false,"potions_floor_spawned":[4,5,10],"killed_by":"Slime Boss","ascension_level":20}