{"gold_per_floor":[112,112,125,142,154,154,169,188,188,217,217,178,196,65,65,141,141,153,172,39,58,58],"floor_reached":22,"playtime":1344,"items_purged":["Strike_B"],"score":380,"play_id":"f19b5309-f1ca-40ed-8cf7-1b91b03863a1","local_time":"20190522220124","is_ascension_mode":true,"campfire_choices":[{"data":"Ball Lightning","floor":6.0,"key":"SMITH"},{"data":"Consume","floor":11.0,"key":"SMITH"},{"data":"Static Discharge","floor":15.0,"key":"SMITH"}],"neow_cost":"NONE","seed_source_timestamp":187758529130044,"circlet_count":0,"master_deck":["AscendersBane","Strike_B","Strike_B","Defend_B","Defend_B","Defend_B","Defend_B","Zap","Dualcast","Sweeping Beam","Undo","Ball Lightning+1","Static Discharge+1","Glacier","Genetic Algorithm","Loop","Consume+1","Self Repair","Coolheaded","Loop","Machine Learning","Capacitor","Defragment"],"special_seed":0,"relics":["Cracked Core","The Courier","Potion Belt","Velvet Choker","Oddly Smooth Stone"],"potions_floor_usage":[22],"damage_taken":[{"damage":5.0,"enemies":"Small Slimes","floor":1.0,"turns":3.0},{"damage":1.0,"enemies":"Cultist","floor":3.0,"turns":4.0},{"damage":0.0,"enemies":"Jaw Worm","floor":4.0,"turns":3.0},{"damage":32.0,"enemies":"Gremlin Gang","floor":5.0,"turns":3.0},{"damage":0.0,"enemies":"Looter","floor":7.0,"turns":3.0},{"damage":4.0,"enemies":"Blue Slaver","floor":8.0,"turns":5.0},{"damage":7.0,"enemies":"Lagavulin","floor":10.0,"turns":8.0},{"damage":0.0,"enemies":"Exordium Thugs","floor":13.0,"turns":6.0},{"damage":21.0,"enemies":"The Guardian","floor":16.0,"turns":25.0},{"damage":25.0,"enemies":"2 Thieves","floor":18.0,"turns":3.0},{"damage":24.0,"enemies":"3 Byrds","floor":19.0,"turns":3.0},{"damage":13.0,"enemies":"Sentry and Sphere","floor":21.0,"turns":5.0},{"damage":7,"enemies":"Snecko","floor":22,"turns":3}],"seed_played":"-8150772135758731234","potions_obtained":[{"floor":3.0,"key":"Ancient Potion"},{"floor":5.0,"key":"SkillPotion"},{"floor":10.0,"key":"Energy Potion"},{"floor":18.0,"key":"Explosive Potion"}],"is_trial":false,"path_per_floor":["M","?","M","M","M","R","M","M","T","E","R","?","M","$","R","B",null,"M","M","$","M","M"],"character_chosen":"DEFECT","items_purchased":["Coolheaded","Loop","Oddly Smooth Stone"],"campfire_rested":0,"item_purchase_floors":[14,14,20],"current_hp_per_floor":[66,66,65,65,33,33,33,29,29,22,22,22,22,22,22,8,61,36,19,19,6,0],"gold":58,"neow_bonus":"TEN_PERCENT_HP_BONUS","is_prod":false,"is_daily":false,"chose_seed":false,"campfire_upgraded":3,"win_rate":0,"timestamp":1558576884,"path_taken":["M","?","M","M","M","R","M","?","T","E","R","?","M","?","R","BOSS","M","?","$","M","M"],"build_version":"2019-01-23","purchased_purges":1,"victory":false,"max_hp_per_floor":[78,78,78,78,78,78,78,78,78,78,78,78,78,78,78,78,78,78,78,78,78,78],"card_choices":[{"not_picked":["Turbo","Barrage"],"picked":"Sweeping Beam","floor":1.0},{"not_picked":["Redo","Streamline"],"picked":"Ball Lightning","floor":3.0},{"not_picked":["Redo","Stack"],"picked":"Static Discharge","floor":4.0},{"not_picked":["Skim","All For One"],"picked":"Glacier","floor":5.0},{"not_picked":["Cold Snap","Go for the Eyes"],"picked":"Genetic Algorithm","floor":7.0},{"not_picked":["Leap","Double Energy"],"picked":"Loop","floor":8.0},{"not_picked":["Creative AI","Redo"],"picked":"Consume","floor":10.0},{"not_picked":["Rebound","Turbo"],"picked":"Self Repair","floor":13.0},{"not_picked":["Creative AI","Meteor Strike"],"picked":"Machine Learning","floor":16.0},{"not_picked":["Coolheaded","Beam Cell"],"picked":"Capacitor","floor":18.0},{"not_picked":["Auto Shields","Hologram"],"picked":"Defragment","floor":19.0},{"not_picked":["Beam Cell","Self Repair","Lockon"],"picked":"SKIP","floor":21.0}],"player_experience":748972,"relics_obtained":[{"floor":9.0,"key":"The Courier"},{"floor":10.0,"key":"Potion Belt"}],"event_choices":[{"damage_healed":0.0,"max_hp_gain":0.0,"max_hp_loss":0.0,"gold_gain":0.0,"cards_transformed":["Strike_B"],"event_name":"Transmorgrifier","player_choice":"Transformed","floor":2.0,"gold_loss":0.0,"damage_taken":0.0,"cards_obtained":["Undo"]},{"damage_healed":0.0,"max_hp_gain":0.0,"max_hp_loss":0.0,"gold_gain":0.0,"event_name":"World of Goop","player_choice":"Left Gold","floor":12.0,"gold_loss":39.0,"damage_taken":0.0}],"is_beta":false,"boss_relics":[{"not_picked":["Pandora\u0027s Box","Empty Cage"],"picked":"Velvet Choker"}],"items_purged_floors":[14],"is_endless":false,"potions_floor_spawned":[3,5,10,18],"killed_by":"Snecko","ascension_level":20}