{"gold_per_floor":[117,267,282,282,127,127,154,167,241,241,258,269,281,310,310,387,387,400,219,229,242,14,14,14,14,91,122,122,152,167,186,186,186],"floor_reached":33,"playtime":2348,"items_purged":["Doubt"],"score":644,"play_id":"ff907f3f-0b3a-4298-8e38-67baf04620d5","local_time":"20190515204411","is_ascension_mode":true,"campfire_choices":[{"data":"Zap","floor":6.0,"key":"SMITH"},{"data":"Fission","floor":10.0,"key":"SMITH"},{"data":"Dualcast","floor":15.0,"key":"SMITH"},{"data":"Hologram","floor":23.0,"key":"SMITH"},{"data":"Enlightenment","floor":28.0,"key":"SMITH"},{"floor":32.0,"key":"REST"}],"neow_cost":"NONE","seed_source_timestamp":105752929996806,"circlet_count":0,"master_deck":["AscendersBane","Strike_B","Strike_B","Strike_B","Defend_B","Defend_B","Defend_B","Defend_B","Zap+1","Dualcast+1","All For One","Compile Driver","Coolheaded","White Noise","Ball Lightning","Steam","Fission+1","Sweeping Beam","Conserve Battery","BootSequence","Biased Cognition","Meteor Strike","Glacier","Enlightenment+1","Defragment","Coolheaded+1","Hologram+1","Turbo","Gash","Chill","Fission","Self Repair"],"special_seed":0,"relics":["Cracked Core","Smiling Mask","Mercury Hourglass","Pen Nib","Nuclear Battery","Orichalcum","Pear","The Courier","Bag of Marbles","FossilizedHelix"],"potions_floor_usage":[],"damage_taken":[{"damage":2.0,"enemies":"2 Louse","floor":1.0,"turns":3.0},{"damage":14.0,"enemies":"Jaw Worm","floor":3.0,"turns":4.0},{"damage":8.0,"enemies":"Lagavulin","floor":7.0,"turns":7.0},{"damage":0.0,"enemies":"Cultist","floor":8.0,"turns":3.0},{"damage":7.0,"enemies":"Lots of Slimes","floor":11.0,"turns":2.0},{"damage":3.0,"enemies":"3 Louse","floor":12.0,"turns":3.0},{"damage":0.0,"enemies":"Blue Slaver","floor":13.0,"turns":2.0},{"damage":0.0,"enemies":"3 Sentries","floor":14.0,"turns":3.0},{"damage":22.0,"enemies":"Hexaghost","floor":16.0,"turns":7.0},{"damage":0.0,"enemies":"Spheric Guardian","floor":18.0,"turns":3.0},{"damage":0.0,"enemies":"Shell Parasite","floor":20.0,"turns":4.0},{"damage":6.0,"enemies":"3 Cultists","floor":21.0,"turns":5.0},{"damage":17.0,"enemies":"Slavers","floor":27.0,"turns":6.0},{"damage":26.0,"enemies":"Gremlin Leader","floor":29.0,"turns":3.0},{"damage":0.0,"enemies":"Snake Plant","floor":30.0,"turns":4.0},{"damage":0.0,"enemies":"Snecko","floor":31.0,"turns":6.0},{"damage":54,"enemies":"Automaton","floor":33,"turns":8}],"seed_played":"-7081733163653308697","potions_obtained":[{"floor":3.0,"key":"Regen Potion"},{"floor":8.0,"key":"AttackPotion"},{"floor":12.0,"key":"Energy Potion"},{"floor":14.0,"key":"AttackPotion"},{"floor":16.0,"key":"FearPotion"},{"floor":20.0,"key":"SmokeBomb"},{"floor":27.0,"key":"Swift Potion"},{"floor":29.0,"key":"Energy Potion"}],"is_trial":false,"path_per_floor":["M","?","M","?","$","R","E","M","T","R","M","M","M","E","R","B",null,"M","$","M","M","$","R","?","?","T","E","R","E","M","M","R","B"],"character_chosen":"DEFECT","items_purchased":["Ball Lightning","Steam","Enlightenment","Defragment","Orichalcum","Turbo"],"campfire_rested":1,"item_purchase_floors":[5,5,19,19,22,22],"current_hp_per_floor":[62,62,48,48,48,48,55,55,55,55,48,45,45,45,45,23,59,59,59,59,53,53,53,53,63,63,46,46,20,20,20,44,0],"gold":186,"neow_bonus":"ONE_RANDOM_RARE_CARD","is_prod":false,"is_daily":false,"chose_seed":false,"campfire_upgraded":5,"win_rate":0,"timestamp":1557967451,"path_taken":["M","?","M","?","$","R","E","M","T","R","M","M","?","E","R","BOSS","M","?","M","?","$","R","?","?","T","E","R","E","M","M","R","BOSS"],"build_version":"2019-01-23","purchased_purges":1,"victory":false,"max_hp_per_floor":[71,71,71,71,71,71,71,71,71,71,71,71,71,71,71,71,71,71,71,71,71,71,71,71,81,81,81,81,81,81,81,81,81],"card_choices":[{"not_picked":["Streamline","Coolheaded"],"picked":"Compile Driver","floor":1.0},{"not_picked":["Redo","Barrage"],"picked":"Coolheaded","floor":3.0},{"not_picked":["Redo","Sunder"],"picked":"Fission","floor":7.0},{"not_picked":["Barrage","Beam Cell"],"picked":"Sweeping Beam","floor":8.0},{"not_picked":["Sweeping Beam","Redo"],"picked":"Conserve Battery","floor":11.0},{"not_picked":["Streamline","White Noise"],"picked":"BootSequence","floor":12.0},{"not_picked":["Stack","Cold Snap"],"picked":"Turbo","floor":13.0},{"not_picked":["Darkness","Loop"],"picked":"Biased Cognition","floor":14.0},{"not_picked":["Fission","Creative AI"],"picked":"Meteor Strike","floor":16.0},{"not_picked":["Tempest","Aggregate"],"picked":"Glacier","floor":18.0},{"not_picked":["Compile Driver","Cold Snap"],"picked":"Coolheaded+1","floor":20.0},{"not_picked":["Rebound","Stack"],"picked":"Hologram","floor":21.0},{"not_picked":["Coolheaded","Tempest"],"picked":"Gash","floor":27.0},{"not_picked":["Chaos","BootSequence"],"picked":"Chill","floor":29.0},{"not_picked":["Sunder","Auto Shields+1"],"picked":"Fission","floor":30.0},{"not_picked":["Beam Cell","Blizzard"],"picked":"Self Repair","floor":31.0}],"player_experience":665019,"relics_obtained":[{"floor":7.0,"key":"Smiling Mask"},{"floor":9.0,"key":"Mercury Hourglass"},{"floor":14.0,"key":"Pen Nib"},{"floor":26.0,"key":"The Courier"},{"floor":27.0,"key":"Bag of Marbles"},{"floor":29.0,"key":"FossilizedHelix"}],"event_choices":[{"damage_healed":0.0,"max_hp_gain":0.0,"max_hp_loss":0.0,"gold_gain":150.0,"event_name":"Liars Game","player_choice":"AGREE","floor":2.0,"gold_loss":0.0,"damage_taken":0.0,"cards_obtained":["Doubt"]},{"damage_healed":0.0,"max_hp_gain":0.0,"max_hp_loss":0.0,"gold_gain":0.0,"cards_transformed":["Strike_B"],"event_name":"Transmorgrifier","player_choice":"Transformed","floor":4.0,"gold_loss":0.0,"damage_taken":0.0,"cards_obtained":["White Noise"]},{"cards_removed":["Turbo"],"damage_healed":0.0,"max_hp_gain":0.0,"max_hp_loss":0.0,"gold_gain":0.0,"event_name":"WeMeetAgain","player_choice":"Gave Card","floor":25.0,"gold_loss":0.0,"damage_taken":0.0,"relics_obtained":["Pear"]}],"is_beta":false,"boss_relics":[{"not_picked":["White Beast Statue","Busted Crown"],"picked":"Nuclear Battery"}],"items_purged_floors":[5],"is_endless":false,"potions_floor_spawned":[3,8,12,14,16,20,27,29,31],"killed_by":"Automaton","ascension_level":20}