{"gold_per_floor":[115,20,20,32,32,32,71,90,90,90,90,90,109,132,132,222,222,235,251,54,54,54,54,54,54],"floor_reached":25,"playtime":841,"items_purged":[],"score":348,"play_id":"8e5ffa2d-c3a4-4327-9f4b-34ad8a457a80","local_time":"20190524062241","is_ascension_mode":true,"campfire_choices":[{"data":"Neutralize","floor":6,"key":"SMITH"},{"data":"Footwork","floor":10,"key":"SMITH"},{"data":"Bouncing Flask","floor":12,"key":"SMITH"},{"floor":15,"key":"REST"},{"floor":23,"key":"REST"}],"neow_cost":"NONE","seed_source_timestamp":44366700438199,"circlet_count":0,"master_deck":["AscendersBane","Defend_G","Defend_G","Defend_G","Defend_G","Defend_G","Strike_G","Strike_G+1","Strike_G+1","Strike_G","Strike_G","Survivor","Neutralize+1","Bouncing Flask+1","Dagger Spray","Injury","Footwork+1","Dodge and Roll","Dodge and Roll","Adrenaline","Deadly Poison","Calculated Gamble","Backflip","Ghostly","Ghostly","Ghostly","RitualDagger","Shame"],"relics":["Sozu","Blue Candle","Golden Idol","Regal Pillow","Vajra","Fusion Hammer","Whetstone","Mercury Hourglass"],"potions_floor_usage":[],"damage_taken":[{"damage":0,"enemies":"Small Slimes","floor":1,"turns":5},{"damage":0,"enemies":"Cultist","floor":4,"turns":4},{"damage":23,"enemies":"3 Sentries","floor":7,"turns":9},{"damage":0,"enemies":"Jaw Worm","floor":8,"turns":3},{"damage":2,"enemies":"2 Fungi Beasts","floor":13,"turns":4},{"damage":3,"enemies":"Exordium Thugs","floor":14,"turns":4},{"damage":53,"enemies":"Hexaghost","floor":16,"turns":12},{"damage":5,"enemies":"3 Byrds","floor":18,"turns":9},{"damage":13,"enemies":"Chosen","floor":19,"turns":6},{"damage":35,"enemies":"Slavers","floor":25,"turns":3}],"seed_played":"9189809209658870995","potions_obtained":[],"is_trial":false,"path_per_floor":["M","?","$","M","?","R","E","M","T","R","?","R","M","M","R","B",null,"M","M","$","?","?","R","?","E"],"character_chosen":"THE_SILENT","items_purchased":["Backflip","Whetstone"],"campfire_rested":2,"item_purchase_floors":[20,20],"current_hp_per_floor":[59,59,59,59,59,59,36,36,36,36,36,36,34,31,65,12,53,48,35,35,33,27,33,33,0],"gold":54,"neow_bonus":"BOSS_RELIC","is_prod":false,"is_daily":false,"chose_seed":false,"campfire_upgraded":3,"win_rate":0,"timestamp":1558671761,"path_taken":["M","?","$","?","?","R","E","M","T","R","?","R","M","M","R","BOSS","M","M","$","?","?","R","?","E"],"build_version":"2019-01-23","purchased_purges":0,"victory":false,"max_hp_per_floor":[66,66,66,66,66,66,66,66,66,66,66,66,66,66,66,66,66,66,66,66,33,33,33,33,33],"card_choices":[{"not_picked":["Terror","Sucker Punch"],"picked":"Bouncing Flask","floor":1},{"not_picked":["Sucker Punch","Finisher"],"picked":"Dagger Spray","floor":4},{"not_picked":["Concentrate","Distraction","Reflex"],"picked":"SKIP","floor":7},{"not_picked":["Underhanded Strike","Cloak And Dagger"],"picked":"Footwork","floor":8},{"not_picked":["Reflex","Riddle With Holes"],"picked":"Dodge and Roll","floor":13},{"not_picked":["Underhanded Strike","Distraction"],"picked":"Dodge and Roll","floor":14},{"not_picked":["Malaise","Wraith Form v2"],"picked":"Adrenaline","floor":16},{"not_picked":["Blade Dance","Backstab"],"picked":"Deadly Poison","floor":18},{"not_picked":["Blade Dance","Prepared"],"picked":"Calculated Gamble","floor":19}],"player_experience":658960,"relics_obtained":[{"floor":7,"key":"Regal Pillow"},{"floor":9,"key":"Vajra"}],"event_choices":[{"damage_healed":0,"gold_gain":0,"player_choice":"Paid Gold","damage_taken":0,"relics_obtained":["Blue Candle"],"max_hp_gain":0,"max_hp_loss":0,"event_name":"WeMeetAgain","floor":2,"gold_loss":95},{"damage_healed":0,"gold_gain":0,"player_choice":"Take Wound","damage_taken":0,"relics_obtained":["Golden Idol"],"max_hp_gain":0,"max_hp_loss":0,"event_name":"Golden Idol","floor":5,"gold_loss":0,"cards_obtained":["Injury"]},{"damage_healed":0,"gold_gain":0,"player_choice":"Got Potions","damage_taken":0,"max_hp_gain":0,"max_hp_loss":0,"event_name":"Lab","floor":11,"gold_loss":0},{"damage_healed":0,"gold_gain":0,"player_choice":"Became a Ghost","damage_taken":0,"max_hp_gain":0,"max_hp_loss":33,"event_name":"Ghosts","floor":21,"gold_loss":0,"cards_obtained":["Ghostly","Ghostly","Ghostly"]},{"damage_healed":0,"gold_gain":0,"player_choice":"Joined the Cult","damage_taken":6,"max_hp_gain":0,"max_hp_loss":0,"event_name":"Nest","floor":22,"gold_loss":0,"cards_obtained":["RitualDagger"]},{"damage_healed":0,"gold_gain":0,"player_choice":"Stole Relic","damage_taken":0,"relics_obtained":["Mercury Hourglass"],"max_hp_gain":0,"max_hp_loss":0,"event_name":"Addict","floor":24,"gold_loss":0,"cards_obtained":["Shame"]}],"is_beta":false,"boss_relics":[{"not_picked":["Coffee Dripper","White Beast Statue"],"picked":"Fusion Hammer"}],"items_purged_floors":[],"is_endless":false,"potions_floor_spawned":[1,4,16,19],"killed_by":"Slavers","ascension_level":15}