{"gold_per_floor":[214,25,25,25,37,37,66,66,66,83,115,115],"floor_reached":12,"playtime":367,"items_purged":[],"score":172,"play_id":"d0ac3364-fdd9-4c69-808e-a5875b679119","local_time":"20190520220051","is_ascension_mode":true,"campfire_choices":[{"data":"Ball Lightning","floor":6,"key":"SMITH"},{"floor":8,"key":"REST"}],"neow_cost":"NONE","seed_source_timestamp":16288145508558,"circlet_count":0,"master_deck":["AscendersBane","Strike_B","Strike_B","Strike_B","Strike_B","Defend_B","Defend_B","Defend_B","Defend_B","Zap+1","Dualcast","Ball Lightning+1","Go for the Eyes","Steam","Amplify","Reinforced Body","Coolheaded"],"special_seed":0,"relics":["Cracked Core","Bronze Scales","Blue Candle","Molten Egg 2","PreservedInsect"],"potions_floor_usage":[11],"damage_taken":[{"damage":2,"enemies":"Cultist","floor":1,"turns":4},{"damage":4,"enemies":"Jaw Worm","floor":5,"turns":2},{"damage":49,"enemies":"Gremlin Nob","floor":7,"turns":5},{"damage":3,"enemies":"2 Louse","floor":10,"turns":2},{"damage":12,"enemies":"Lagavulin","floor":11,"turns":7},{"damage":18,"enemies":"Lots of Slimes","floor":12,"turns":2}],"seed_played":"7541641600487202589","potions_obtained":[{"floor":7,"key":"Block Potion"}],"is_trial":false,"path_per_floor":["M","$","?","?","M","R","E","R","T","M","E","M"],"character_chosen":"DEFECT","items_purchased":["Bronze Scales","Go for the Eyes"],"campfire_rested":1,"item_purchase_floors":[2,2],"current_hp_per_floor":[62,62,62,62,58,58,9,30,30,27,15,0],"gold":115,"neow_bonus":"HUNDRED_GOLD","is_prod":false,"is_daily":false,"chose_seed":false,"campfire_upgraded":1,"win_rate":0,"timestamp":1558404051,"path_taken":["M","$","?","?","?","R","E","R","T","M","E","M"],"build_version":"2019-01-23","purchased_purges":0,"victory":false,"max_hp_per_floor":[71,71,71,71,71,71,71,71,71,71,71,71],"card_choices":[{"not_picked":["Sweeping Beam","Steam"],"picked":"Ball Lightning","floor":1},{"not_picked":["Melter","Barrage"],"picked":"Steam","floor":5},{"not_picked":["Leap","White Noise"],"picked":"Amplify","floor":7},{"not_picked":["Melter+1","Conserve Battery"],"picked":"Reinforced Body","floor":10},{"not_picked":["Stack","Gash+1"],"picked":"Coolheaded","floor":11}],"player_experience":715261,"relics_obtained":[{"floor":7,"key":"Blue Candle"},{"floor":9,"key":"Molten Egg 2"},{"floor":11,"key":"PreservedInsect"}],"event_choices":[{"damage_healed":0,"gold_gain":0,"player_choice":"Leave","damage_taken":0,"max_hp_gain":0,"max_hp_loss":0,"event_name":"The Cleric","floor":3,"gold_loss":0},{"damage_healed":0,"gold_gain":0,"player_choice":"Grow","damage_taken":0,"max_hp_gain":0,"max_hp_loss":0,"event_name":"Living Wall","floor":4,"gold_loss":0,"cards_upgraded":["Zap"]}],"is_beta":false,"boss_relics":[],"items_purged_floors":[],"is_endless":false,"potions_floor_spawned":[7],"killed_by":"Lots of Slimes","ascension_level":20}