{"gold_per_floor":[114,59,6,20,31,56,72,105,178,178,230,249,249,249,249,326,326,344,344,344,361,90,150,150,176,176,176,210,230,240,251,251,325,325,341,341,366,366,366,366,380,380,403,417,431,431,11,22,22,22],"floor_reached":51,"playtime":3417,"items_purged":[],"score":1327,"play_id":"3f7ac61c-0978-4ed2-bb1c-6e23a9178c67","local_time":"20190509210436","is_ascension_mode":true,"campfire_choices":[{"floor":10.0,"key":"REST"},{"data":"Hemokinesis","floor":13.0,"key":"SMITH"},{"data":"Whirlwind","floor":15.0,"key":"SMITH"},{"data":"Shrug It Off","floor":24,"key":"SMITH"},{"data":"Bash","floor":32,"key":"SMITH"},{"data":"Bludgeon","floor":40,"key":"SMITH"},{"data":"Metallicize","floor":46,"key":"SMITH"},{"data":"Spot Weakness","floor":49,"key":"SMITH"}],"neow_cost":"NONE","seed_source_timestamp":440607931462507,"circlet_count":0,"master_deck":["AscendersBane","Strike_R+1","Strike_R+1","Strike_R+1","Strike_R+1","Defend_R+1","Defend_R+1","Defend_R+1","Defend_R+1","Bash+1","Hemokinesis+1","Clothesline","Whirlwind+1","Metallicize+1","Shockwave","Spot Weakness+1","Shrug It Off+1","Double Tap+1","Impervious+1","Rage+1","Body Slam","Rupture","Entrench+1","Flame Barrier+1","Disarm+1","Combust","Clothesline+1","Spot Weakness+1","Bludgeon+1","Heavy Blade+1","Madness+1","Madness+1","The Bomb+1","Battle Trance+1","Immolate","Shrug It Off+1"],"special_seed":0,"relics":["Burning Blood","Red Skull","Regal Pillow","Incense Burner","Toxic Egg 2","Dream Catcher","Snecko Eye","MutagenicStrength","Orichalcum","Tiny Chest","Juzu Bracelet","Oddly Smooth Stone","Singing Bowl","Velvet Choker","Blood Vial","Du-Vu Doll","Omamori","Pear"],"potions_floor_usage":[18,23,28,33,45,50,50],"damage_taken":[{"damage":9.0,"enemies":"2 Louse","floor":1.0,"turns":4.0},{"damage":12.0,"enemies":"Jaw Worm","floor":4.0,"turns":3.0},{"damage":3.0,"enemies":"Cultist","floor":5.0,"turns":3.0},{"damage":32.0,"enemies":"Lagavulin","floor":6.0,"turns":8.0},{"damage":6.0,"enemies":"Looter","floor":7.0,"turns":2.0},{"damage":28.0,"enemies":"Gremlin Nob","floor":8.0,"turns":4.0},{"damage":10.0,"enemies":"3 Louse","floor":12.0,"turns":3.0},{"damage":27.0,"enemies":"Hexaghost","floor":16.0,"turns":10.0},{"damage":6,"enemies":"3 Byrds","floor":18,"turns":3},{"damage":0,"enemies":"Chosen","floor":21,"turns":2},{"damage":2,"enemies":"Gremlin Leader","floor":23,"turns":3},{"damage":0,"enemies":"Book of Stabbing","floor":25,"turns":6},{"damage":9,"enemies":"Slavers","floor":28,"turns":5},{"damage":18,"enemies":"Snake Plant","floor":29,"turns":4},{"damage":4,"enemies":"Centurion and Healer","floor":30,"turns":5},{"damage":0,"enemies":"Chosen and Byrds","floor":31,"turns":5},{"damage":10,"enemies":"Automaton","floor":33,"turns":10},{"damage":8,"enemies":"3 Darklings","floor":35,"turns":5},{"damage":0,"enemies":"3 Shapes","floor":41,"turns":4},{"damage":0,"enemies":"Jaw Worm Horde","floor":44,"turns":3},{"damage":10,"enemies":"Transient","floor":45,"turns":6},{"damage":0,"enemies":"Writhing Mass","floor":48,"turns":6},{"damage":29,"enemies":"Awakened One","floor":50,"turns":11}],"seed_played":"656014899611099381","potions_obtained":[{"floor":1.0,"key":"SkillPotion"},{"floor":4.0,"key":"Block Potion"},{"floor":5.0,"key":"SteroidPotion"},{"floor":16.0,"key":"Poison Potion"},{"floor":21,"key":"Energy Potion"},{"floor":23,"key":"Explosive Potion"},{"floor":29,"key":"BloodPotion"},{"floor":33,"key":"PowerPotion"},{"floor":35,"key":"SpeedPotion"},{"floor":44,"key":"Swift Potion"}],"is_trial":false,"path_per_floor":["M","$","?","M","M","E","M","E","T","R","T","M","R","?","R","B",null,"M","?","?","M","$","E","R","E","T","?","E","M","M","M","R","B",null,"M","?","T","?","?","R","M","T","T","M","M","R","$","M","R","B",null],"character_chosen":"IRONCLAD","items_purchased":["Clothesline","Rupture","Orichalcum","Entrench+1","Immolate","Strength Potion","Pear"],"campfire_rested":1,"item_purchase_floors":[2,22,22,22,47,47,47],"current_hp_per_floor":[65,65,65,59,62,36,36,14,14,51,51,47,47,47,47,26,63,63,63,63,69,69,73,73,75,75,75,74,62,64,70,70,73,76,74,74,74,60,60,60,70,70,70,78,77,77,87,91,91,68],"gold":22,"neow_bonus":"RANDOM_COMMON_RELIC","is_prod":false,"is_daily":false,"chose_seed":false,"campfire_upgraded":7,"win_rate":0,"timestamp":1557450276,"path_taken":["M","$","?","M","M","E","M","E","T","R","?","?","R","?","R","BOSS","M","?","?","M","$","E","R","E","T","?","E","M","M","M","R","BOSS","M","?","?","?","?","R","M","?","T","M","M","R","$","M","R","BOSS"],"build_version":"2019-01-23","purchased_purges":0,"victory":true,"max_hp_per_floor":[75,75,75,75,75,75,75,75,75,75,75,75,75,75,75,75,75,75,75,75,75,75,75,75,75,75,75,77,77,77,77,77,77,77,77,77,77,77,77,77,79,79,79,79,81,81,91,91,91,91],"card_choices":[{"not_picked":["Disarm","Warcry"],"picked":"Hemokinesis","floor":1.0},{"not_picked":["Flame Barrier","Thunderclap"],"picked":"Whirlwind","floor":4.0},{"not_picked":["Havoc","Feel No Pain"],"picked":"Metallicize","floor":5.0},{"not_picked":["Body Slam","Iron Wave"],"picked":"Shockwave","floor":6.0},{"not_picked":["Shrug It Off","Warcry"],"picked":"Spot Weakness","floor":7.0},{"not_picked":["Cleave","Wild Strike"],"picked":"Shrug It Off","floor":8.0},{"not_picked":["Twin Strike","Dual Wield+1"],"picked":"Double Tap+1","floor":12.0},{"not_picked":["Exhume+1","Berserk"],"picked":"Impervious+1","floor":16.0},{"not_picked":["Pummel","Metallicize"],"picked":"Rage+1","floor":18},{"not_picked":["Thunderclap","Clash"],"picked":"Body Slam","floor":21},{"not_picked":["Twin Strike","Feel No Pain+1"],"picked":"Flame Barrier+1","floor":23},{"not_picked":["Bloodletting+1","Ghostly Armor+1"],"picked":"Disarm+1","floor":25},{"not_picked":["Whirlwind+1","Blood for Blood","Clash"],"picked":"Singing Bowl","floor":28},{"not_picked":["Immolate","Thunderclap+1"],"picked":"Combust","floor":29},{"not_picked":["Rampage","Iron Wave"],"picked":"Clothesline+1","floor":30},{"not_picked":["Dropkick","Disarm+1"],"picked":"Spot Weakness+1","floor":31},{"not_picked":["Barricade","Fiend Fire"],"picked":"Bludgeon","floor":33},{"not_picked":["Twin Strike+1","Shrug It Off+1"],"picked":"Heavy Blade+1","floor":35},{"not_picked":["Blind+1","Purity+1"],"picked":"The Bomb+1","floor":39},{"not_picked":["Pummel","Clash","Twin Strike+1"],"picked":"Singing Bowl","floor":41},{"not_picked":["Headbutt","Rage+1"],"picked":"Battle Trance+1","floor":44},{"not_picked":["Burning Pact+1","Body Slam","True Grit+1"],"picked":"Singing Bowl","floor":45},{"not_picked":["Spot Weakness+1","Cleave"],"picked":"Shrug It Off+1","floor":48}],"player_experience":477222,"relics_obtained":[{"floor":6.0,"key":"Regal Pillow"},{"floor":8.0,"key":"Incense Burner"},{"floor":9.0,"key":"Toxic Egg 2"},{"floor":11.0,"key":"Dream Catcher"},{"floor":23,"key":"Tiny Chest"},{"floor":25,"key":"Juzu Bracelet"},{"floor":26,"key":"Oddly Smooth Stone"},{"floor":28,"key":"Singing Bowl"},{"floor":37,"key":"Blood Vial"},{"floor":42,"key":"Du-Vu Doll"},{"floor":43,"key":"Omamori"}],"event_choices":[{"damage_healed":0.0,"max_hp_gain":0.0,"max_hp_loss":0.0,"gold_gain":0.0,"event_name":"World of Goop","player_choice":"Left Gold","floor":3.0,"gold_loss":53.0,"damage_taken":0.0},{"cards_removed":["Strike_R"],"damage_healed":0.0,"max_hp_gain":0.0,"max_hp_loss":0.0,"gold_gain":0.0,"event_name":"Living Wall","player_choice":"Forget","floor":14.0,"gold_loss":0.0,"damage_taken":0.0},{"damage_healed":0,"gold_gain":0,"player_choice":"Inject Mutagens","damage_taken":0,"relics_obtained":["MutagenicStrength"],"max_hp_gain":0,"max_hp_loss":0,"event_name":"Drug Dealer","floor":19,"gold_loss":0},{"damage_healed":0,"gold_gain":0,"player_choice":"Simplicity","damage_taken":0,"max_hp_gain":0,"max_hp_loss":0,"event_name":"Back to Basics","floor":20,"gold_loss":0,"cards_upgraded":["Strike_R","Strike_R","Strike_R","Strike_R","Defend_R","Defend_R","Defend_R","Defend_R"]},{"damage_healed":0,"gold_gain":0,"player_choice":"Ignored","damage_taken":0,"max_hp_gain":0,"max_hp_loss":0,"event_name":"Vampires","floor":27,"gold_loss":0},{"damage_healed":0,"gold_gain":0,"player_choice":"Ignored","damage_taken":0,"max_hp_gain":0,"max_hp_loss":0,"event_name":"Tomb of Lord Red Mask","floor":36,"gold_loss":0},{"damage_healed":0,"gold_gain":0,"player_choice":"Embrace Madness","damage_taken":14,"max_hp_gain":0,"max_hp_loss":0,"event_name":"Winding Halls","floor":38,"gold_loss":0,"cards_obtained":["Madness","Madness"]},{"damage_healed":0,"gold_gain":0,"player_choice":"Memory 1","damage_taken":0,"max_hp_gain":0,"max_hp_loss":0,"event_name":"SensoryStone","floor":39,"gold_loss":0}],"is_beta":false,"boss_relics":[{"not_picked":["White Beast Statue","Cursed Key"],"picked":"Snecko Eye"},{"not_picked":["Eternal Feather","Runic Dome"],"picked":"Velvet Choker"}],"items_purged_floors":[],"is_endless":false,"potions_floor_spawned":[1,4,5,16,21,23,29,33,35,44,48],"ascension_level":17}