{"gold_per_floor":[119,119,133,208,1,29,39,39,39,39,57,71,88,123,123,225,225,209,209,39,39,51,77,77,177,177,177,177,1,32,49,49,154,154,166,166,166,41,54,54,73,73,73,73,2,2,16,31,31,31],"floor_reached":51,"playtime":7211,"items_purged":["Bash","Strike_R","Strike_R"],"score":693,"play_id":"d0e0965e-513e-4651-b31f-13fde04207ba","local_time":"20190408142639","is_ascension_mode":false,"campfire_choices":[{"data":"Pommel Strike","floor":10,"key":"SMITH"},{"data":"Body Slam","floor":15,"key":"SMITH"},{"data":"Body Slam","floor":24,"key":"SMITH"},{"data":"Feed","floor":27,"key":"SMITH"},{"data":"Armaments","floor":32,"key":"SMITH"},{"data":"Body Slam","floor":40,"key":"SMITH"},{"data":"Searing Blow+1","floor":42,"key":"SMITH"},{"data":"Searing Blow+2","floor":46,"key":"SMITH"},{"floor":49,"key":"REST"}],"neow_cost":"PERCENT_DAMAGE","seed_source_timestamp":2935097138886248,"circlet_count":0,"master_deck":["Strike_R+1","Strike_R","Strike_R","Defend_R+1","Defend_R+1","Defend_R+1","Pommel Strike+1","Armaments+1","Feed+1","Shrug It Off","Double Tap+1","Armaments+1","Rage+1","Body Slam+1","Feed+1","Headbutt+1","Finesse+1","Shrug It Off+1","Body Slam+1","Iron Wave","Exhume+1","Exhume+1","Body Slam+1","Good Instincts+1","Searing Blow+3","Entrench+1"],"relics":["Burning Blood","Magic Flower","Toxic Egg 2","Bag of Preparation","Self Forming Clay","Mummified Hand","Velvet Choker","Enchiridion","Vajra","Thread and Needle","Matryoshka","Potion Belt","War Paint","Red Skull","Runic Cube","Blood Vial","Frozen Egg 2"],"potions_floor_usage":[14,16,16,33,50,50,50,50,50],"damage_taken":[{"damage":0,"enemies":"Small Slimes","floor":1,"turns":3},{"damage":2,"enemies":"2 Louse","floor":3,"turns":2},{"damage":33,"enemies":"Lagavulin","floor":6,"turns":10},{"damage":11,"enemies":"Jaw Worm","floor":7,"turns":3},{"damage":0,"enemies":"Exordium Wildlife","floor":11,"turns":2},{"damage":0,"enemies":"Large Slime","floor":12,"turns":7},{"damage":5,"enemies":"Looter","floor":13,"turns":4},{"damage":5,"enemies":"3 Sentries","floor":14,"turns":8},{"damage":25,"enemies":"The Guardian","floor":16,"turns":15},{"damage":17,"enemies":"2 Thieves","floor":18,"turns":4},{"damage":10,"enemies":"3 Byrds","floor":22,"turns":3},{"damage":32,"enemies":"Book of Stabbing","floor":23,"turns":6},{"damage":7,"enemies":"Colosseum Slavers","floor":25,"turns":4},{"damage":7,"enemies":"Colosseum Nobs","floor":25,"turns":4},{"damage":17,"enemies":"Gremlin Leader","floor":30,"turns":4},{"damage":0,"enemies":"Snake Plant","floor":31,"turns":2},{"damage":7,"enemies":"Automaton","floor":33,"turns":6},{"damage":6,"enemies":"3 Shapes","floor":35,"turns":3},{"damage":0,"enemies":"Orb Walker","floor":39,"turns":4},{"damage":54,"enemies":"Maw","floor":41,"turns":9},{"damage":6,"enemies":"3 Darklings","floor":47,"turns":9},{"damage":27,"enemies":"Sphere and 2 Shapes","floor":48,"turns":6},{"damage":118,"enemies":"Time Eater","floor":50,"turns":13}],"seed_played":"-5419347477558144338","potions_obtained":[{"floor":3,"key":"SmokeBomb"},{"floor":6,"key":"AttackPotion"},{"floor":7,"key":"Swift Potion"},{"floor":14,"key":"Poison Potion"},{"floor":18,"key":"Ancient Potion"},{"floor":30,"key":"Energy Potion"},{"floor":31,"key":"Poison Potion"},{"floor":33,"key":"SteroidPotion"},{"floor":35,"key":"BloodPotion"}],"is_trial":false,"path_per_floor":["M","?","M","?","$","E","M","?","T","R","M","M","M","E","R","B",null,"M","?","$","?","M","E","R","?","T","R","?","$","E","M","R","B",null,"M","?","?","$","M","R","M","R","T","?","$","R","M","M","R","B",null],"character_chosen":"IRONCLAD","items_purchased":["Feed","Shrug It Off","Finesse+1","BloodPotion","Entrench+1"],"campfire_rested":1,"item_purchase_floors":[5,5,20,29,45],"current_hp_per_floor":[65,49,56,45,45,26,29,26,26,26,40,55,65,74,74,64,104,101,85,85,85,89,66,66,76,76,76,52,52,44,59,59,61,123,131,131,131,131,131,131,86,86,86,86,86,86,92,89,130,64],"gold":31,"neow_bonus":"ONE_RARE_RELIC","is_prod":false,"is_daily":false,"chose_seed":false,"campfire_upgraded":8,"win_rate":0.0,"timestamp":1554747999,"path_taken":["M","?","M","?","$","E","?","?","T","R","M","M","M","E","R","BOSS","M","?","$","?","?","E","R","?","T","R","?","$","E","M","R","BOSS","M","?","?","$","M","R","M","R","T","?","?","R","M","M","R","BOSS"],"build_version":"2019-01-23","purchased_purges":3,"victory":true,"max_hp_per_floor":[80,80,80,80,80,83,86,86,86,86,89,93,97,100,100,104,104,107,107,107,107,110,110,110,114,114,114,119,119,119,123,123,123,123,131,131,131,131,131,131,131,131,131,131,131,131,131,139,139,139],"card_choices":[{"not_picked":["Thunderclap","Clash"],"picked":"Pommel Strike","floor":1},{"not_picked":["Power Through","Warcry"],"picked":"Armaments","floor":3},{"not_picked":["Perfected Strike","Demon Form"],"picked":"Double Tap","floor":6},{"not_picked":["Wild Strike","Thunderclap"],"picked":"Armaments+1","floor":7},{"not_picked":["Blood for Blood","Burning Pact+1","True Grit+1"],"picked":"SKIP","floor":11},{"not_picked":["Entrench+1","Perfected Strike"],"picked":"Rage+1","floor":12},{"not_picked":["Carnage","Second Wind+1","Cleave"],"picked":"SKIP","floor":13},{"not_picked":["Immolate","Hemokinesis"],"picked":"Body Slam","floor":14},{"not_picked":["Reaper","Brutality"],"picked":"Feed","floor":16},{"not_picked":["Intimidate+1","Twin Strike"],"picked":"Headbutt+1","floor":18},{"not_picked":["Clothesline","Wild Strike+1"],"picked":"Shrug It Off+1","floor":22},{"not_picked":["Demon Form","Combust"],"picked":"Body Slam","floor":23},{"not_picked":["Heavy Blade","True Grit+1"],"picked":"Iron Wave","floor":25},{"not_picked":["Pommel Strike+1","Rage+1"],"picked":"Exhume+1","floor":30},{"not_picked":["Second Wind+1","Heavy Blade","Armaments+1"],"picked":"SKIP","floor":31},{"not_picked":["Immolate","Demon Form"],"picked":"Exhume+1","floor":33},{"not_picked":["True Grit+1","Iron Wave"],"picked":"Body Slam","floor":35},{"not_picked":["Mind Blast","Chrysalis+1"],"picked":"Good Instincts+1","floor":36},{"not_picked":["Power Through+1","Clash+1","Anger+1"],"picked":"SKIP","floor":39},{"not_picked":["Clothesline+1","Shrug It Off+1"],"picked":"Searing Blow+1","floor":41},{"not_picked":["Feel No Pain+1","True Grit+1","Metallicize+1"],"picked":"SKIP","floor":47},{"not_picked":["Headbutt","Body Slam","Dropkick"],"picked":"SKIP","floor":48}],"player_experience":38862,"relics_obtained":[{"floor":6,"key":"Toxic Egg 2"},{"floor":9,"key":"Self Forming Clay"},{"floor":14,"key":"Mummified Hand"},{"floor":19,"key":"Enchiridion"},{"floor":23,"key":"Vajra"},{"floor":25,"key":"Thread and Needle"},{"floor":25,"key":"Matryoshka"},{"floor":26,"key":"Potion Belt"},{"floor":26,"key":"War Paint"},{"floor":30,"key":"Red Skull"},{"floor":43,"key":"Blood Vial"},{"floor":43,"key":"Frozen Egg 2"}],"event_choices":[{"damage_healed":0,"gold_gain":0,"player_choice":"Entered Light","damage_taken":16,"max_hp_gain":0,"max_hp_loss":0,"event_name":"Shining Light","floor":2,"gold_loss":0,"cards_upgraded":["Strike_R","Defend_R"]},{"damage_healed":0,"gold_gain":75,"player_choice":"Gather Gold","damage_taken":11,"max_hp_gain":0,"max_hp_loss":0,"event_name":"World of Goop","floor":4,"gold_loss":0},{"damage_healed":0,"gold_gain":0,"player_choice":"Success","damage_taken":3,"relics_obtained":["Bag of Preparation"],"max_hp_gain":0,"max_hp_loss":0,"event_name":"Scrap Ooze","floor":8,"gold_loss":0},{"damage_healed":0,"gold_gain":0,"player_choice":"Obtained Book","damage_taken":16,"max_hp_gain":0,"max_hp_loss":0,"event_name":"Cursed Tome","floor":19,"gold_loss":0},{"damage_healed":0,"gold_gain":0,"player_choice":"Forge","damage_taken":0,"max_hp_gain":0,"max_hp_loss":0,"event_name":"Accursed Blacksmith","floor":21,"gold_loss":0,"cards_upgraded":["Feed"]},{"damage_healed":0,"gold_gain":0,"player_choice":"Fight","damage_taken":0,"max_hp_gain":0,"max_hp_loss":0,"event_name":"Colosseum","floor":25,"gold_loss":0},{"damage_healed":0,"gold_gain":0,"player_choice":"Fought Nobs","damage_taken":0,"max_hp_gain":0,"max_hp_loss":0,"event_name":"Colosseum","floor":25,"gold_loss":0},{"damage_healed":0,"gold_gain":0,"player_choice":"Shed Blood","damage_taken":29,"max_hp_gain":5,"max_hp_loss":0,"event_name":"Forgotten Altar","floor":28,"gold_loss":0},{"damage_healed":0,"gold_gain":0,"player_choice":"Memory 1","damage_taken":0,"max_hp_gain":0,"max_hp_loss":0,"event_name":"SensoryStone","floor":36,"gold_loss":0},{"damage_healed":0,"gold_gain":0,"player_choice":"Ignored","damage_taken":0,"max_hp_gain":0,"max_hp_loss":0,"event_name":"Tomb of Lord Red Mask","floor":37,"gold_loss":0},{"cards_removed":["Defend_R"],"damage_healed":0,"gold_gain":0,"player_choice":"Removed Skill","damage_taken":0,"max_hp_gain":0,"max_hp_loss":0,"event_name":"Falling","floor":44,"gold_loss":0}],"is_beta":false,"boss_relics":[{"not_picked":["Ectoplasm","Fusion Hammer"],"picked":"Velvet Choker"},{"not_picked":["Black Star","Coffee Dripper"],"picked":"Runic Cube"}],"items_purged_floors":[20,29,38],"is_endless":false,"potions_floor_spawned":[3,6,7,13,14,18,30,31,33,35],"ascension_level":0}