{"gold_per_floor":[113,73,86,99,64,64,93,93,93,117,196,161,177,200,200,330,330,348,348,369,387,86,127,127,140,140,140,171,171,186,209,209,330,330,344,360,360,360,693,693,719,719,744,744,223,239,172,189,189,189,189,189,85,85,85],"floor_reached":55,"playtime":3452,"items_purged":[],"score":946,"play_id":"a871d424-c797-4e48-99eb-1a66d4e4d2ac","local_time":"20181120021146","is_ascension_mode":true,"campfire_choices":[{"data":"Clothesline","floor":6.0,"key":"SMITH"},{"data":"Uppercut","floor":15.0,"key":"SMITH"},{"data":"1","floor":27.0,"key":"LIFT"},{"data":"2","floor":29.0,"key":"LIFT"},{"data":"3","floor":32.0,"key":"LIFT"},{"floor":40.0,"key":"REST"},{"floor":42.0,"key":"REST"},{"floor":44.0,"key":"RECALL"},{"floor":49.0,"key":"REST"},{"floor":52.0,"key":"REST"}],"neow_cost":"NONE","seed_source_timestamp":298612672544328,"circlet_count":0,"master_deck":["Defend_R+1","Defend_R","Defend_R","Bash","Shrug It Off","Clothesline+1","True Grit","Twin Strike","Uppercut+1","Anger","Spot Weakness","Double Tap+1","Reaper","Body Slam+1","Bite","Bite","Bite","Bite","Bite","Flame Barrier+1","Infernal Blade+1","Pommel Strike","Barricade","Discovery","Magnetism","Shrug It Off+1","Whirlwind","Iron Wave+1"],"special_seed":0,"relics":["Burning Blood","Singing Bowl","Fusion Hammer","Girya","Strawberry","Bottled Flame","Happy Flower","Busted Crown","Ice Cream","War Paint","Medical Kit"],"potions_floor_usage":[55,55],"damage_taken":[{"damage":6.0,"enemies":"Cultist","floor":1.0,"turns":5.0},{"damage":4.0,"enemies":"2 Louse","floor":3.0,"turns":3.0},{"damage":2.0,"enemies":"Small Slimes","floor":4.0,"turns":4.0},{"damage":43.0,"enemies":"Gremlin Nob","floor":7.0,"turns":7.0},{"damage":4.0,"enemies":"Blue Slaver","floor":10.0,"turns":3.0},{"damage":0.0,"enemies":"Large Slime","floor":13.0,"turns":4.0},{"damage":10.0,"enemies":"2 Fungi Beasts","floor":14.0,"turns":3.0},{"damage":34.0,"enemies":"Hexaghost","floor":16.0,"turns":7.0},{"damage":28.0,"enemies":"2 Thieves","floor":18.0,"turns":4.0},{"damage":2.0,"enemies":"Chosen","floor":20.0,"turns":4.0},{"damage":12.0,"enemies":"Snecko","floor":21.0,"turns":4.0},{"damage":65.0,"enemies":"Slavers","floor":23.0,"turns":7.0},{"damage":7.0,"enemies":"3 Cultists","floor":25.0,"turns":5.0},{"damage":52.0,"enemies":"Gremlin Leader","floor":28.0,"turns":8.0},{"damage":13.0,"enemies":"Shelled Parasite and Fungi","floor":30.0,"turns":3.0},{"damage":0.0,"enemies":"Snecko","floor":31.0,"turns":4.0},{"damage":51.0,"enemies":"Automaton","floor":33.0,"turns":9.0},{"damage":18.0,"enemies":"3 Darklings","floor":35.0,"turns":6.0},{"damage":52.0,"enemies":"3 Shapes","floor":36.0,"turns":7.0},{"damage":51.0,"enemies":"Giant Head","floor":41.0,"turns":8.0},{"damage":18.0,"enemies":"Spire Growth","floor":46.0,"turns":3.0},{"damage":22.0,"enemies":"Jaw Worm Horde","floor":48.0,"turns":3.0},{"damage":101.0,"enemies":"Time Eater","floor":50.0,"turns":10.0},{"damage":9.0,"enemies":"Shield and Spear","floor":54.0,"turns":2.0},{"damage":123,"enemies":"The Heart","floor":55,"turns":5}],"seed_played":"2173035008920645286","potions_obtained":[{"floor":2.0,"key":"Dexterity Potion"},{"floor":2.0,"key":"Fruit Juice"},{"floor":2.0,"key":"Fruit Juice"},{"floor":3.0,"key":"Block Potion"},{"floor":4.0,"key":"LiquidBronze"},{"floor":10.0,"key":"FearPotion"},{"floor":21.0,"key":"EssenceOfSteel"},{"floor":23.0,"key":"AttackPotion"},{"floor":31.0,"key":"Swift Potion"},{"floor":36.0,"key":"SpeedPotion"},{"floor":41.0,"key":"Poison Potion"},{"floor":46.0,"key":"AttackPotion"}],"is_trial":false,"path_per_floor":["M","?","M","M","$","R","E","?","T","M","?","?","M","M","R","B",null,"M","?","M","M","$","E","$","M","T","R","E","R","M","M","R","B",null,"M","M","?","?","?","R","E","R","T","R","$","M","$","M","R","B",null,"R","$","E","B"],"character_chosen":"IRONCLAD","items_purchased":["Uppercut","Girya","Magnetism","Medical Kit","SmokeBomb","AttackPotion","Whirlwind","AttackPotion","AttackPotion"],"campfire_rested":4,"item_purchase_floors":[5,22,45,45,45,45,47,53,53],"current_hp_per_floor":[80,90,90,90,90,90,53,53,53,57,57,78,84,80,80,52,77,62,59,61,61,61,31,31,70,70,70,66,66,63,74,74,45,67,76,54,54,48,48,72,49,74,74,74,74,70,70,75,84,15,67,84,84,84,0],"gold":85,"neow_bonus":"THREE_CARDS","is_prod":false,"is_daily":false,"chose_seed":false,"campfire_upgraded":2,"win_rate":0,"timestamp":1542697906,"path_taken":["M","?","M","M","?","R","E","?","T","M","?","?","M","M","R","BOSS","M","?","M","M","$","E","$","M","T","R","E","R","M","M","R","BOSS","M","M","?","?","?","R","E","R","T","R","?","M","$","M","R","BOSS","R","$","E","BOSS"],"build_version":"2018-11-15","purchased_purges":0,"victory":false,"max_hp_per_floor":[80,90,90,90,90,90,90,83,83,85,85,85,85,85,85,85,85,85,59,61,63,63,72,72,72,72,72,72,72,74,74,74,74,74,76,78,78,82,82,82,84,84,84,84,84,84,84,84,84,84,84,84,84,84,84],"card_choices":[{"not_picked":["Armaments","Anger"],"picked":"Shrug It Off","floor":0.0},{"not_picked":["Body Slam","Bloodletting"],"picked":"Clothesline","floor":1.0},{"not_picked":["Headbutt","Havoc"],"picked":"True Grit","floor":3.0},{"not_picked":["Headbutt","Seeing Red"],"picked":"Twin Strike","floor":4.0},{"not_picked":["Iron Wave","Cleave"],"picked":"Anger","floor":7.0},{"not_picked":["Anger","Second Wind","Havoc"],"picked":"Singing Bowl","floor":10.0},{"not_picked":["Flex","Perfected Strike"],"picked":"Spot Weakness","floor":13.0},{"not_picked":["Headbutt","Twin Strike"],"picked":"Double Tap","floor":14.0},{"not_picked":["Barricade","Bludgeon"],"picked":"Reaper","floor":16.0},{"not_picked":["Clothesline","Pommel Strike"],"picked":"Body Slam+1","floor":18.0},{"not_picked":["Fire Breathing","Bloodletting+1","Blood for Blood"],"picked":"Singing Bowl","floor":20.0},{"not_picked":["Twin Strike","Intimidate","Blood for Blood"],"picked":"Singing Bowl","floor":21.0},{"not_picked":["Juggernaut","Cleave","Clash"],"picked":"Singing Bowl","floor":23.0},{"not_picked":["Rupture","Fire Breathing"],"picked":"Flame Barrier+1","floor":25.0},{"not_picked":["Thunderclap+1","Inflame"],"picked":"Infernal Blade+1","floor":28.0},{"not_picked":["Clothesline","Perfected Strike","Clash"],"picked":"Singing Bowl","floor":30.0},{"not_picked":["Corruption","Clothesline"],"picked":"Pommel Strike","floor":31.0},{"not_picked":["Dark Embrace","Berserk"],"picked":"Barricade","floor":33.0},{"not_picked":["Clash"],"picked":"Singing Bowl","floor":35.0},{"not_picked":["Warcry+1"],"picked":"Singing Bowl","floor":36.0},{"not_picked":["The Bomb"],"picked":"Singing Bowl","floor":38.0},{"not_picked":["Forethought"],"picked":"Singing Bowl","floor":38.0},{"not_picked":[],"picked":"Discovery","floor":38.0},{"not_picked":["Iron Wave"],"picked":"Singing Bowl","floor":41.0},{"not_picked":[],"picked":"Shrug It Off+1","floor":46.0},{"not_picked":[],"picked":"Iron Wave+1","floor":48.0}],"player_experience":176445,"relics_obtained":[{"floor":7.0,"key":"Singing Bowl"},{"floor":23.0,"key":"Strawberry"},{"floor":26.0,"key":"Bottled Flame"},{"floor":28.0,"key":"Happy Flower"},{"floor":41.0,"key":"Ice Cream"},{"floor":43.0,"key":"War Paint"}],"event_choices":[{"damage_healed":0.0,"max_hp_gain":0.0,"max_hp_loss":0.0,"gold_gain":0.0,"event_name":"The Woman in Blue","player_choice":"Bought 3 Potions","floor":2.0,"gold_loss":0.0,"damage_taken":0.0},{"damage_healed":0.0,"max_hp_gain":0.0,"max_hp_loss":7.0,"gold_gain":0.0,"event_name":"Golden Idol","player_choice":"Lose Max HP","floor":8.0,"gold_loss":0.0,"damage_taken":0.0,"relics_obtained":["Golden Idol"]},{"damage_healed":0.0,"max_hp_gain":0.0,"max_hp_loss":0.0,"gold_gain":79.0,"event_name":"Golden Wing","player_choice":"Gained Gold","floor":11.0,"gold_loss":0.0,"damage_taken":0.0},{"damage_healed":21.0,"max_hp_gain":0.0,"max_hp_loss":0.0,"gold_gain":0.0,"event_name":"The Cleric","player_choice":"Healed","floor":12.0,"gold_loss":35.0,"damage_taken":0.0},{"damage_healed":0.0,"max_hp_gain":0.0,"max_hp_loss":26.0,"gold_gain":0.0,"event_name":"Vampires","player_choice":"Became a vampire","floor":19.0,"gold_loss":0.0,"damage_taken":0.0,"cards_obtained":["Bite","Bite","Bite","Bite","Bite"]},{"cards_removed":["Defend_R"],"damage_healed":0.0,"max_hp_gain":0.0,"max_hp_loss":0.0,"gold_gain":0.0,"event_name":"Falling","player_choice":"Removed Skill","floor":37.0,"gold_loss":0.0,"damage_taken":0.0},{"damage_healed":0.0,"max_hp_gain":0.0,"max_hp_loss":0.0,"gold_gain":0.0,"event_name":"SensoryStone","player_choice":"Memory 3","floor":38.0,"gold_loss":0.0,"damage_taken":10.0},{"damage_healed":0.0,"max_hp_gain":0.0,"max_hp_loss":0.0,"gold_gain":333.0,"event_name":"The Moai Head","player_choice":"Gave Idol","floor":39.0,"relics_lost":["Golden Idol"],"gold_loss":0.0,"damage_taken":0.0}],"is_beta":false,"boss_relics":[{"not_picked":["Runic Cube","Astrolabe"],"picked":"Fusion Hammer"},{"not_picked":["Eternal Feather","Cursed Key"],"picked":"Busted Crown"}],"items_purged_floors":[],"is_endless":false,"potions_floor_spawned":[3,4,10,13,21,23,31,36,41,46],"killed_by":"The Heart","ascension_level":5}