{"gold_per_floor":[110,121,131,131,131,166,166,199,222,235,248,30,54,54,54,179,179,193,208,222,238,257,293,12,30,83,123,123,158,173,187,187,313,313,326,347,371,386,293,293,306,322,373,373,706,720,27,39,39,39],"floor_reached":51,"playtime":4982,"items_purged":["Strike_R","Brutality"],"score":1121,"play_id":"d4ba9ff1-17d7-4526-a579-2f82bc453e06","local_time":"20190508023659","is_ascension_mode":true,"campfire_choices":[{"data":"Bash","floor":7.0,"key":"SMITH"},{"data":"Armaments","floor":15.0,"key":"SMITH"},{"data":"Corruption","floor":28.0,"key":"SMITH"},{"floor":32.0,"key":"REST"},{"floor":40.0,"key":"REST"},{"floor":44.0,"key":"REST"},{"floor":49.0,"key":"REST"}],"neow_cost":"NONE","seed_source_timestamp":285893556136005,"circlet_count":0,"master_deck":["Defend_R","Defend_R","Defend_R","Defend_R","Bash+1","Feed","Cleave","Intimidate","Pummel","Corruption+1","Uppercut","Whirlwind","Anger","Armaments+1","Dual Wield","Iron Wave","Impervious","Feed","True Grit+1","Carnage+1","Anger+1","Pommel Strike","Blood for Blood+1","Body Slam+1","Wild Strike+1","Flame Barrier+1","Limit Break+1","Shrug It Off+1","Exhume","Clothesline+1","Entrench","Headbutt+1","Dark Embrace","Flame Barrier+1","True Grit+1","Anger+1","Iron Wave+1","Spot Weakness","Shrug It Off","Demon Form","Heavy Blade+1","Shockwave+1","Panache","Corruption","Shrug It Off","Warcry+1"],"special_seed":0,"relics":["Burning Blood","Orichalcum","Bronze Scales","Art of War","Anchor","Astrolabe","Sundial","Lee\u0027s Waffle","Oddly Smooth Stone","Dodecahedron","War Paint","Runic Pyramid","Happy Flower","Nunchaku"],"potions_floor_usage":[50,50],"damage_taken":[{"damage":6.0,"enemies":"2 Louse","floor":1.0,"turns":4.0},{"damage":5.0,"enemies":"Small Slimes","floor":2.0,"turns":3.0},{"damage":6.0,"enemies":"Jaw Worm","floor":3.0,"turns":3.0},{"damage":18.0,"enemies":"3 Sentries","floor":6.0,"turns":7.0},{"damage":33.0,"enemies":"Lagavulin","floor":8.0,"turns":8.0},{"damage":0.0,"enemies":"Gremlin Gang","floor":10.0,"turns":3.0},{"damage":1.0,"enemies":"Red Slaver","floor":11.0,"turns":4.0},{"damage":0.0,"enemies":"3 Louse","floor":13.0,"turns":3.0},{"damage":33.0,"enemies":"The Guardian","floor":16.0,"turns":12.0},{"damage":17.0,"enemies":"3 Byrds","floor":18.0,"turns":4.0},{"damage":26.0,"enemies":"2 Thieves","floor":19.0,"turns":5.0},{"damage":32.0,"enemies":"Shelled Parasite and Fungi","floor":20.0,"turns":5.0},{"damage":18.0,"enemies":"Snecko","floor":21.0,"turns":4.0},{"damage":12.0,"enemies":"3 Cultists","floor":22.0,"turns":6.0},{"damage":17.0,"enemies":"Book of Stabbing","floor":23.0,"turns":5.0},{"damage":20.0,"enemies":"Centurion and Healer","floor":25.0,"turns":5.0},{"damage":15.0,"enemies":"Slavers","floor":27.0,"turns":6.0},{"damage":70.0,"enemies":"Gremlin Leader","floor":29.0,"turns":9.0},{"damage":30.0,"enemies":"Cultist and Chosen","floor":30.0,"turns":8.0},{"damage":24.0,"enemies":"3 Cultists","floor":31.0,"turns":5.0},{"damage":70.0,"enemies":"Champ","floor":33.0,"turns":8.0},{"damage":32.0,"enemies":"3 Darklings","floor":35.0,"turns":4.0},{"damage":0.0,"enemies":"Orb Walker","floor":36.0,"turns":4.0},{"damage":18.0,"enemies":"Maw","floor":37.0,"turns":11.0},{"damage":30.0,"enemies":"Sphere and 2 Shapes","floor":38.0,"turns":8.0},{"damage":43.0,"enemies":"Spire Growth","floor":41.0,"turns":9.0},{"damage":25.0,"enemies":"Jaw Worm Horde","floor":42.0,"turns":5.0},{"damage":27.0,"enemies":"Maw","floor":46.0,"turns":10.0},{"damage":6.0,"enemies":"4 Shapes","floor":48.0,"turns":9.0},{"damage":97,"enemies":"Donu and Deca","floor":50,"turns":9}],"seed_played":"-5451790405300895494","potions_obtained":[{"floor":1.0,"key":"Explosive Potion"},{"floor":8.0,"key":"Fire Potion"},{"floor":11.0,"key":"SpeedPotion"},{"floor":16.0,"key":"Dexterity Potion"},{"floor":19.0,"key":"EssenceOfSteel"},{"floor":21.0,"key":"FairyPotion"},{"floor":22.0,"key":"BloodPotion"},{"floor":23.0,"key":"SteroidPotion"},{"floor":29.0,"key":"BloodPotion"},{"floor":31.0,"key":"Regen Potion"},{"floor":33.0,"key":"Fire Potion"},{"floor":36.0,"key":"LiquidBronze"},{"floor":38.0,"key":"AttackPotion"}],"is_trial":false,"path_per_floor":["M","M","M","?","?","E","R","E","T","M","M","$","M","?","R","B",null,"M","M","M","M","M","E","$","M","T","E","R","E","M","M","R","B",null,"M","M","M","M","$","R","M","M","T","R","?","M","$","M","R","B",null],"character_chosen":"IRONCLAD","items_purchased":["Armaments","Dual Wield","Iron Wave","Lee\u0027s Waffle","Limit Break","Spot Weakness","Shrug It Off","Panache","Corruption","Shrug It Off","Nunchaku"],"campfire_rested":4,"item_purchase_floors":[12,12,12,24,24,39,39,47,47,47,47],"current_hp_per_floor":[75,79,82,60,53,44,44,17,17,26,34,34,40,40,40,17,81,76,56,34,22,19,19,122,111,111,105,105,44,36,24,66,17,109,83,93,84,60,60,104,70,51,51,96,96,78,78,88,136,45],"gold":39,"neow_bonus":"ONE_RANDOM_RARE_CARD","is_prod":false,"is_daily":false,"chose_seed":false,"campfire_upgraded":3,"win_rate":0,"timestamp":1557297419,"path_taken":["M","M","M","?","?","E","R","E","T","M","M","$","M","?","R","BOSS","M","?","M","M","M","E","$","M","T","E","R","E","M","M","R","BOSS","M","M","M","M","?","R","M","M","T","R","?","M","$","M","R","BOSS"],"build_version":"2019-01-23","purchased_purges":2,"victory":true,"max_hp_per_floor":[83,86,89,89,89,92,92,92,92,95,98,98,98,98,98,102,102,108,108,112,112,115,115,122,125,125,128,128,131,134,140,140,140,140,140,144,147,147,147,147,150,150,150,150,150,153,153,163,163,163],"card_choices":[{"not_picked":["Havoc","Clash"],"picked":"Cleave","floor":1.0},{"not_picked":["Flex","Havoc"],"picked":"Intimidate","floor":2.0},{"not_picked":["Twin Strike","Infernal Blade"],"picked":"Pummel","floor":3.0},{"not_picked":["Iron Wave","Rupture"],"picked":"Corruption","floor":6.0},{"not_picked":["Iron Wave","Battle Trance"],"picked":"Uppercut","floor":8.0},{"not_picked":["Second Wind","Reckless Charge"],"picked":"Whirlwind","floor":10.0},{"not_picked":["Havoc","Second Wind"],"picked":"Anger","floor":11.0},{"not_picked":["Sentinel","Armaments"],"picked":"Impervious","floor":13.0},{"not_picked":["Offering","Impervious"],"picked":"Brutality","floor":16.0},{"not_picked":["Perfected Strike+1","Anger","Infernal Blade"],"picked":"SKIP","floor":18.0},{"not_picked":["True Grit","Rage"],"picked":"Pommel Strike","floor":19.0},{"not_picked":["True Grit+1","Sever Soul"],"picked":"Blood for Blood+1","floor":20.0},{"not_picked":["Intimidate","Burning Pact+1"],"picked":"Body Slam+1","floor":21.0},{"not_picked":["Shockwave","Heavy Blade"],"picked":"Wild Strike+1","floor":22.0},{"not_picked":["Clash+1","Cleave"],"picked":"Flame Barrier","floor":23.0},{"not_picked":["Burning Pact","Reckless Charge"],"picked":"Shrug It Off+1","floor":25.0},{"not_picked":["Pommel Strike","Fiend Fire"],"picked":"Exhume","floor":27.0},{"not_picked":["Wild Strike","Battle Trance"],"picked":"Clothesline+1","floor":29.0},{"not_picked":["Carnage","Warcry+1"],"picked":"Entrench","floor":30.0},{"not_picked":["Clash","Body Slam+1"],"picked":"Headbutt+1","floor":31.0},{"not_picked":["Double Tap","Feed"],"picked":"Dark Embrace","floor":33.0},{"not_picked":["Power Through+1","Iron Wave+1"],"picked":"Flame Barrier+1","floor":35.0},{"not_picked":["Rampage","Shrug It Off"],"picked":"True Grit+1","floor":36.0},{"not_picked":["Warcry","Wild Strike"],"picked":"Anger+1","floor":37.0},{"not_picked":["Clash","True Grit+1"],"picked":"Iron Wave+1","floor":38.0},{"not_picked":["Inflame+1","Headbutt+1"],"picked":"Demon Form","floor":41.0},{"not_picked":["Infernal Blade","Headbutt+1"],"picked":"Heavy Blade+1","floor":42.0},{"not_picked":["Sword Boomerang+1","Clash+1"],"picked":"Shockwave+1","floor":46.0},{"not_picked":["Uppercut+1","True Grit"],"picked":"Warcry+1","floor":48.0}],"player_experience":414687,"relics_obtained":[{"floor":6.0,"key":"Bronze Scales"},{"floor":8.0,"key":"Art of War"},{"floor":9.0,"key":"Anchor"},{"floor":23.0,"key":"Sundial"},{"floor":26.0,"key":"Oddly Smooth Stone"},{"floor":27.0,"key":"Dodecahedron"},{"floor":29.0,"key":"War Paint"},{"floor":43.0,"key":"Happy Flower"}],"event_choices":[{"damage_healed":0.0,"max_hp_gain":0.0,"max_hp_loss":0.0,"gold_gain":0.0,"event_name":"Golden Idol","player_choice":"Take Damage","floor":4.0,"gold_loss":0.0,"damage_taken":22.0,"relics_obtained":["Golden Idol"]},{"damage_healed":0.0,"max_hp_gain":0.0,"max_hp_loss":0.0,"gold_gain":0.0,"event_name":"Scrap Ooze","player_choice":"Success","floor":5.0,"gold_loss":0.0,"damage_taken":7.0,"relics_obtained":["Orichalcum"]},{"damage_healed":0.0,"max_hp_gain":0.0,"max_hp_loss":0.0,"gold_gain":0.0,"cards_transformed":["Strike_R"],"event_name":"Transmorgrifier","player_choice":"Transformed","floor":14.0,"gold_loss":0.0,"damage_taken":0.0,"cards_obtained":["Feed"]},{"damage_healed":0.0,"max_hp_gain":0.0,"max_hp_loss":0.0,"gold_gain":333.0,"event_name":"The Moai Head","player_choice":"Gave Idol","floor":45.0,"relics_lost":["Golden Idol"],"gold_loss":0.0,"damage_taken":0.0}],"is_beta":false,"boss_relics":[{"not_picked":["Black Star","Eternal Feather"],"picked":"Astrolabe"},{"not_picked":["Calling Bell","Tiny House"],"picked":"Runic Pyramid"}],"items_purged_floors":[12,47],"is_endless":false,"potions_floor_spawned":[1,8,11,16,19,21,22,23,29,31,33,36,38,46],"ascension_level":9}