{"gold_per_floor":[218,64,74,86,99,128,142,142,142,142,7,17,17,51,51,152,152,170,190,20,30,30,57,57,69,69,86,416,416,1,33,33,128,128,142,159,175,193,193,193,224,224,249,1,0,32,32,57,57,57],"floor_reached":51,"playtime":4677,"items_purged":["Defend_R","Strike_R","Strike_R","Defend_R","Strike_R"],"score":1081,"play_id":"d5f91a0a-b2c8-432f-b56b-469716650b6e","local_time":"20190415210442","is_ascension_mode":true,"campfire_choices":[{"data":"Armaments","floor":8,"key":"SMITH"},{"data":"Uppercut","floor":10,"key":"SMITH"},{"data":"Heavy Blade","floor":15,"key":"SMITH"},{"data":"Barricade","floor":24,"key":"SMITH"},{"data":"Iron Wave","floor":29,"key":"SMITH"},{"data":"Metallicize","floor":32,"key":"SMITH"},{"floor":40,"key":"REST"},{"floor":42,"key":"RECALL"},{"floor":47,"key":"REST"},{"floor":49,"key":"REST"}],"neow_cost":"NONE","seed_source_timestamp":3567277128469454,"circlet_count":0,"master_deck":["Strike_R","Defend_R","Defend_R","Bash","Armaments+1","Inflame","Uppercut+1","Heavy Blade+1","Infernal Blade","Shrug It Off","Disarm+1","Disarm+1","Immolate","Iron Wave+1","Flex+1","Barricade+1","Shrug It Off+1","Entrench+1","Battle Trance+1","Metallicize+1","Double Tap+1","True Grit+1","Metallicize","Entrench+1","Flex+1","Pommel Strike+1","True Grit+1"],"relics":["Burning Blood","Darkstone Periapt","Toxic Egg 2","Singing Bowl","PreservedInsect","Velvet Choker","StoneCalendar","Bronze Scales","Old Coin","HandDrill","Ornamental Fan","Fusion Hammer","Mercury Hourglass","Bag of Preparation","Red Mask","Ginger","Pen Nib"],"potions_floor_usage":[12,16,18,27,33,33,37,50,50],"damage_taken":[{"damage":6,"enemies":"Cultist","floor":1,"turns":3},{"damage":6,"enemies":"Jaw Worm","floor":3,"turns":4},{"damage":0,"enemies":"Small Slimes","floor":4,"turns":3},{"damage":16,"enemies":"Blue Slaver","floor":5,"turns":3},{"damage":35,"enemies":"Lagavulin","floor":6,"turns":5},{"damage":1,"enemies":"3 Louse","floor":7,"turns":3},{"damage":0,"enemies":"2 Fungi Beasts","floor":12,"turns":3},{"damage":25,"enemies":"3 Sentries","floor":14,"turns":10},{"damage":6,"enemies":"Hexaghost","floor":16,"turns":10},{"damage":7,"enemies":"Spheric Guardian","floor":18,"turns":4},{"damage":4,"enemies":"3 Byrds","floor":19,"turns":7},{"damage":6,"enemies":"Snake Plant","floor":21,"turns":4},{"damage":13,"enemies":"Book of Stabbing","floor":23,"turns":4},{"damage":14,"enemies":"Centurion and Healer","floor":25,"turns":7},{"damage":24,"enemies":"Shelled Parasite and Fungi","floor":27,"turns":5},{"damage":14,"enemies":"Gremlin Leader","floor":28,"turns":4},{"damage":28,"enemies":"Slavers","floor":31,"turns":3},{"damage":0,"enemies":"Champ","floor":33,"turns":10},{"damage":0,"enemies":"Orb Walker","floor":35,"turns":3},{"damage":13,"enemies":"3 Shapes","floor":36,"turns":7},{"damage":17,"enemies":"3 Darklings","floor":37,"turns":6},{"damage":21,"enemies":"4 Shapes","floor":38,"turns":5},{"damage":0,"enemies":"Nemesis","floor":41,"turns":5},{"damage":4,"enemies":"Giant Head","floor":46,"turns":7},{"damage":0,"enemies":"Nemesis","floor":48,"turns":7},{"damage":49,"enemies":"Awakened One","floor":50,"turns":14}],"seed_played":"8830723067136330132","potions_obtained":[{"floor":1,"key":"Regen Potion"},{"floor":4,"key":"SpeedPotion"},{"floor":7,"key":"Block Potion"},{"floor":14,"key":"EssenceOfSteel"},{"floor":16,"key":"Fire Potion"},{"floor":18,"key":"BloodPotion"},{"floor":31,"key":"Explosive Potion"},{"floor":35,"key":"SteroidPotion"},{"floor":46,"key":"Poison Potion"},{"floor":48,"key":"FearPotion"}],"is_trial":false,"path_per_floor":["M","$","M","M","M","E","M","R","T","R","$","M","T","E","R","B",null,"M","M","$","M","?","E","R","M","T","M","E","R","$","E","R","B",null,"M","M","M","M","?","R","E","R","T","$","?","E","R","E","R","B",null],"character_chosen":"IRONCLAD","items_purchased":["Inflame","Disarm+1","Flex+1","Metallicize","HandDrill","Regen Potion"],"campfire_rested":3,"item_purchase_floors":[2,11,20,30,30,44],"current_hp_per_floor":[80,80,80,80,70,41,46,46,46,46,46,52,52,35,35,50,82,81,84,84,86,86,79,79,71,71,61,53,53,53,33,33,39,88,88,81,70,57,57,84,90,90,90,90,90,90,90,90,90,62],"gold":57,"neow_bonus":"HUNDRED_GOLD","is_prod":false,"is_daily":false,"chose_seed":false,"campfire_upgraded":6,"win_rate":0,"timestamp":1555376682,"path_taken":["M","$","M","M","M","E","M","R","T","R","$","M","?","E","R","BOSS","M","M","$","M","?","E","R","M","T","M","E","R","$","E","R","BOSS","M","M","M","M","?","R","E","R","T","$","?","E","R","E","R","BOSS"],"build_version":"2019-01-23","purchased_purges":5,"victory":true,"max_hp_per_floor":[80,80,80,80,80,80,80,80,80,80,80,80,80,82,82,82,82,82,84,84,86,86,86,86,86,86,86,86,86,86,88,88,88,88,88,88,88,90,90,90,90,90,90,90,90,90,90,90,90,90],"card_choices":[{"not_picked":["Thunderclap","Clothesline"],"picked":"Armaments","floor":1},{"not_picked":["Dropkick","Dual Wield","Armaments"],"picked":"SKIP","floor":3},{"not_picked":["Disarm","Heavy Blade"],"picked":"Uppercut","floor":4},{"not_picked":["Havoc","Reckless Charge"],"picked":"Heavy Blade","floor":5},{"not_picked":["Clothesline","Corruption"],"picked":"Infernal Blade","floor":6},{"not_picked":["Havoc","Sword Boomerang"],"picked":"Shrug It Off","floor":7},{"not_picked":["Berserk","Bloodletting+1"],"picked":"Disarm+1","floor":12},{"not_picked":["Wild Strike","Clash","Perfected Strike"],"picked":"Singing Bowl","floor":14},{"not_picked":["Feed","Exhume+1"],"picked":"Immolate","floor":16},{"not_picked":["Headbutt","Armaments+1"],"picked":"Iron Wave","floor":18},{"not_picked":["Headbutt","Pummel","Corruption+1"],"picked":"Singing Bowl","floor":19},{"not_picked":["Clothesline","Wild Strike+1","Corruption+1"],"picked":"Singing Bowl","floor":21},{"not_picked":["Anger+1","Dropkick"],"picked":"Barricade","floor":23},{"not_picked":["Pommel Strike","Havoc+1"],"picked":"Shrug It Off+1","floor":25},{"not_picked":["Havoc+1","Clash"],"picked":"Entrench+1","floor":27},{"not_picked":["Brutality","Havoc+1"],"picked":"Battle Trance+1","floor":28},{"not_picked":["Thunderclap","Sever Soul+1","Combust+1"],"picked":"Singing Bowl","floor":31},{"not_picked":["Demon Form","Exhume+1"],"picked":"Double Tap+1","floor":33},{"not_picked":["Rage+1","Havoc+1"],"picked":"True Grit+1","floor":35},{"not_picked":["Clothesline+1","Perfected Strike+1"],"picked":"Metallicize","floor":36},{"not_picked":["Perfected Strike+1","Wild Strike"],"picked":"Entrench+1","floor":37},{"not_picked":["Warcry+1","Shrug It Off+1","Reaper"],"picked":"Singing Bowl","floor":38},{"not_picked":["Shrug It Off+1","Perfected Strike"],"picked":"Flex+1","floor":41},{"not_picked":["Wild Strike+1","Iron Wave"],"picked":"Pommel Strike+1","floor":46},{"not_picked":["Twin Strike","Warcry+1"],"picked":"True Grit+1","floor":48}],"player_experience":105528,"relics_obtained":[{"floor":6,"key":"Darkstone Periapt"},{"floor":9,"key":"Toxic Egg 2"},{"floor":13,"key":"Singing Bowl"},{"floor":14,"key":"PreservedInsect"},{"floor":23,"key":"StoneCalendar"},{"floor":26,"key":"Bronze Scales"},{"floor":28,"key":"Old Coin"},{"floor":31,"key":"Ornamental Fan"},{"floor":41,"key":"Mercury Hourglass"},{"floor":43,"key":"Bag of Preparation"},{"floor":46,"key":"Ginger"},{"floor":48,"key":"Pen Nib"}],"event_choices":[{"cards_removed":["Strike_R"],"damage_healed":0,"gold_gain":0,"player_choice":"Removed Attack","damage_taken":0,"max_hp_gain":0,"max_hp_loss":0,"event_name":"Falling","floor":39,"gold_loss":0},{"damage_healed":0,"gold_gain":0,"player_choice":"Paid","damage_taken":0,"relics_obtained":["Red Mask"],"max_hp_gain":0,"max_hp_loss":0,"event_name":"Tomb of Lord Red Mask","floor":45,"gold_loss":1}],"is_beta":false,"boss_relics":[{"not_picked":["Calling Bell","Cursed Key"],"picked":"Velvet Choker"},{"not_picked":["Astrolabe","Runic Cube"],"picked":"Fusion Hammer"}],"items_purged_floors":[2,11,20,30,44],"is_endless":false,"potions_floor_spawned":[1,4,7,14,16,18,25,31,35,46,48],"ascension_level":4}