{"gold_per_floor":[112,112,62,81,81,81,95,105,105,105,122,122,47,62,62,163,163,174,174,89,89,104,104,120,120,120,20,45,60,75,86,86,188,188,207,52,52,70,70,70,70,86,109,109,109,127,2,22,22,22],"floor_reached":50,"playtime":1077,"items_purged":["Strike_R","Bite","Doubt"],"score":479,"play_id":"81414317-f1f8-4323-82c6-e48875e0ddcb","local_time":"20190507204439","is_ascension_mode":false,"campfire_choices":[{"data":"Bash","floor":6.0,"key":"SMITH"},{"data":"Seeing Red","floor":10.0,"key":"SMITH"},{"data":"Cleave","floor":12.0,"key":"SMITH"},{"data":"Clash","floor":15.0,"key":"SMITH"},{"data":"Clash","floor":23.0,"key":"SMITH"},{"data":"Bite","floor":32,"key":"SMITH"},{"data":"Defend_R","floor":40,"key":"SMITH"},{"data":"Shrug It Off","floor":44,"key":"SMITH"},{"data":"Bite","floor":49,"key":"SMITH"}],"neow_cost":"NONE","seed_source_timestamp":298045891261400,"circlet_count":0,"master_deck":["Defend_R","Defend_R+1","Bash+1","Clash+1","Seeing Red+1","Clash+1","Cleave+1","Bite+1","Bite+1","Bite+1","Bite+1","Warcry+1","Swift Strike","Flex+1","Shrug It Off+1","Pommel Strike+1","True Grit+1"],"special_seed":0,"relics":["Black Blood","NeowsBlessing","Bronze Scales","Sozu","Regal Pillow","Shuriken","Pantograph","Whetstone","Orichalcum"],"potions_floor_usage":[],"damage_taken":[{"damage":0.0,"enemies":"Small Slimes","floor":1.0,"turns":1.0},{"damage":0.0,"enemies":"Jaw Worm","floor":4.0,"turns":1.0},{"damage":0.0,"enemies":"Cultist","floor":7.0,"turns":1.0},{"damage":33.0,"enemies":"Gremlin Gang","floor":8.0,"turns":4.0},{"damage":2.0,"enemies":"3 Louse","floor":11.0,"turns":2.0},{"damage":2.0,"enemies":"Blue Slaver","floor":14.0,"turns":3.0},{"damage":41.0,"enemies":"Hexaghost","floor":16.0,"turns":8.0},{"damage":15.0,"enemies":"3 Byrds","floor":18.0,"turns":4.0},{"damage":0.0,"enemies":"Chosen","floor":22.0,"turns":3.0},{"damage":0.0,"enemies":"Centurion and Healer","floor":24.0,"turns":4.0},{"damage":52.0,"enemies":"Book of Stabbing","floor":28.0,"turns":5.0},{"damage":14.0,"enemies":"Shelled Parasite and Fungi","floor":29.0,"turns":3.0},{"damage":13.0,"enemies":"Chosen and Byrds","floor":30.0,"turns":4.0},{"damage":11.0,"enemies":"Snake Plant","floor":31.0,"turns":2.0},{"damage":69,"enemies":"Automaton","floor":33,"turns":10},{"damage":29,"enemies":"3 Shapes","floor":35,"turns":3},{"damage":26,"enemies":"3 Darklings","floor":38,"turns":4},{"damage":32,"enemies":"Sphere and 2 Shapes","floor":42,"turns":4},{"damage":32,"enemies":"Maw","floor":46,"turns":7},{"damage":21,"enemies":"4 Shapes","floor":48,"turns":6},{"damage":81,"enemies":"Donu and Deca","floor":50,"turns":6}],"seed_played":"8402555966035446877","potions_obtained":[{"floor":4.0,"key":"PowerPotion"},{"floor":8.0,"key":"Strength Potion"}],"is_trial":false,"path_per_floor":["M","?","?","M","?","R","M","M","T","R","M","R","$","M","R","B",null,"M","?","?","?","M","R","M","?","T","$","E","M","M","M","R","B",null,"M","$","?","M","?","R","?","M","T","R","?","M","$","M","R","B"],"character_chosen":"IRONCLAD","items_purchased":["Whetstone"],"campfire_rested":0,"item_purchase_floors":[36],"current_hp_per_floor":[80,77,77,80,80,80,80,53,53,53,57,57,57,61,61,26,80,71,56,56,56,62,62,68,59,59,59,19,17,24,23,23,13,59,56,56,51,49,49,49,49,43,43,43,56,48,48,51,51,0],"gold":22,"neow_bonus":"THREE_ENEMY_KILL","is_prod":false,"is_daily":false,"chose_seed":false,"campfire_upgraded":9,"win_rate":0,"timestamp":1557279879,"path_taken":["M","?","?","M","?","R","M","M","T","R","?","R","$","?","R","BOSS","M","?","?","?","M","R","M","?","T","$","E","?","M","M","R","BOSS","M","$","?","M","?","R","?","M","T","R","?","M","$","M","R","BOSS"],"build_version":"2019-01-23","purchased_purges":3,"victory":false,"max_hp_per_floor":[80,80,80,80,80,80,80,80,80,80,80,80,80,80,80,80,80,80,85,85,85,85,85,85,59,59,59,59,59,59,59,59,59,59,59,59,59,59,59,59,56,56,56,56,56,56,56,56,56,56],"card_choices":[{"not_picked":["Combust","Body Slam"],"picked":"Clash","floor":1.0},{"not_picked":["Sword Boomerang","Headbutt","Shrug It Off"],"picked":"SKIP","floor":4.0},{"not_picked":["Sword Boomerang","Headbutt","Shrug It Off"],"picked":"SKIP","floor":4.0},{"not_picked":["Headbutt","Warcry"],"picked":"Seeing Red","floor":7.0},{"not_picked":["Berserk","Dual Wield"],"picked":"Clash","floor":8.0},{"not_picked":["Shrug It Off","Body Slam"],"picked":"Cleave","floor":11.0},{"not_picked":["Perfected Strike","Clothesline","Brutality"],"picked":"SKIP","floor":14.0},{"not_picked":["Havoc","Sever Soul","Cleave"],"picked":"SKIP","floor":18.0},{"not_picked":["Seeing Red","Twin Strike","Wild Strike"],"picked":"SKIP","floor":22.0},{"not_picked":["Searing Blow","Seeing Red","Clash"],"picked":"SKIP","floor":24.0},{"not_picked":["Pommel Strike","Shockwave","Searing Blow"],"picked":"SKIP","floor":28.0},{"not_picked":["Havoc","Flame Barrier"],"picked":"Warcry+1","floor":29.0},{"not_picked":["Clothesline+1","Uppercut","Burning Pact+1"],"picked":"SKIP","floor":30.0},{"not_picked":["Reaper","Sword Boomerang+1","Fire Breathing"],"picked":"SKIP","floor":31.0},{"not_picked":["Havoc+1","Armaments","Rage"],"picked":"SKIP","floor":35},{"not_picked":["PanicButton","Bandage Up"],"picked":"Swift Strike","floor":37},{"not_picked":["Perfected Strike+1","Twin Strike+1"],"picked":"Flex+1","floor":38},{"not_picked":["Twin Strike+1","Rampage"],"picked":"Shrug It Off","floor":42},{"not_picked":["Shrug It Off+1","Reaper"],"picked":"Pommel Strike+1","floor":46},{"not_picked":["Flex+1","Twin Strike+1"],"picked":"True Grit+1","floor":48}],"player_experience":213319,"relics_obtained":[{"floor":26.0,"key":"Shuriken"},{"floor":28.0,"key":"Pantograph"},{"floor":43,"key":"Orichalcum"}],"event_choices":[{"damage_healed":0.0,"max_hp_gain":0.0,"max_hp_loss":0.0,"gold_gain":0.0,"event_name":"Scrap Ooze","player_choice":"Success","floor":2.0,"gold_loss":0.0,"damage_taken":3.0,"relics_obtained":["Bronze Scales"]},{"cards_removed":["Strike_R"],"damage_healed":0.0,"max_hp_gain":0.0,"max_hp_loss":0.0,"gold_gain":0.0,"event_name":"The Cleric","player_choice":"Card Removal","floor":3.0,"gold_loss":50.0,"damage_taken":0.0},{"cards_removed":["Defend_R"],"damage_healed":0.0,"max_hp_gain":0.0,"max_hp_loss":0.0,"gold_gain":0.0,"event_name":"Bonfire Elementals","player_choice":"Offered Basic","floor":5.0,"gold_loss":0.0,"damage_taken":0.0},{"damage_healed":0.0,"max_hp_gain":5.0,"max_hp_loss":0.0,"gold_gain":0.0,"event_name":"Forgotten Altar","player_choice":"Shed Blood","floor":19.0,"gold_loss":0.0,"damage_taken":20.0},{"damage_healed":0.0,"max_hp_gain":0.0,"max_hp_loss":0.0,"gold_gain":0.0,"event_name":"Addict","player_choice":"Obtained Relic","floor":20.0,"gold_loss":85.0,"damage_taken":0.0,"relics_obtained":["Regal Pillow"]},{"damage_healed":0.0,"max_hp_gain":0.0,"max_hp_loss":0.0,"gold_gain":0.0,"event_name":"Ghosts","player_choice":"Ignored","floor":21.0,"gold_loss":0.0,"damage_taken":0.0},{"damage_healed":0.0,"max_hp_gain":0.0,"max_hp_loss":26.0,"gold_gain":0.0,"event_name":"Vampires","player_choice":"Became a vampire","floor":25.0,"gold_loss":0.0,"damage_taken":0.0,"cards_obtained":["Bite","Bite","Bite","Bite","Bite"]},{"damage_healed":0,"gold_gain":0,"player_choice":"Memory 2","damage_taken":5,"max_hp_gain":0,"max_hp_loss":0,"event_name":"SensoryStone","floor":37,"gold_loss":0},{"cards_removed":["Defend_R"],"damage_healed":0,"gold_gain":0,"player_choice":"Removed Skill","damage_taken":0,"max_hp_gain":0,"max_hp_loss":0,"event_name":"Falling","floor":39,"gold_loss":0},{"damage_healed":0,"gold_gain":0,"player_choice":"Max HP","damage_taken":0,"max_hp_gain":0,"max_hp_loss":3,"event_name":"Winding Halls","floor":41,"gold_loss":0},{"damage_healed":13,"gold_gain":0,"player_choice":"Heal","damage_taken":0,"max_hp_gain":0,"max_hp_loss":0,"event_name":"MindBloom","floor":45,"gold_loss":0,"cards_obtained":["Doubt"]}],"is_beta":false,"boss_relics":[{"not_picked":["Busted Crown","White Beast Statue"],"picked":"Sozu"},{"not_picked":["Astrolabe","Runic Dome"],"picked":"Black Blood"}],"items_purged_floors":[13,27,47],"is_endless":false,"potions_floor_spawned":[4,8,18,22,31,46,48],"killed_by":"Donu and Deca","ascension_level":0}