{"gold_per_floor":[109,59,59,76,88,115,144,144,144,144,169,169,169,198,198,300,300,310,324,339,353,4,4,0,33,57,87,101,200,200,214,214,309,309,321,321,281,281,9,9,58,58,58,58,68,68,0,0,0,0],"floor_reached":51,"playtime":3245,"items_purged":[],"score":798,"play_id":"f73751e2-9068-4273-ba6b-bb9464db85e0","local_time":"20181111235820","is_ascension_mode":true,"campfire_choices":[{"data":"Shrug It Off","floor":10,"key":"SMITH"},{"data":"Armaments","floor":12,"key":"SMITH"},{"data":"Infernal Blade","floor":15,"key":"SMITH"},{"floor":23,"key":"REST"},{"data":"Discovery","floor":30,"key":"SMITH"},{"data":"Bash","floor":32,"key":"SMITH"},{"data":"Regret","floor":40,"key":"PURGE"},{"floor":44,"key":"REST"},{"data":"Decay","floor":46,"key":"PURGE"},{"floor":49,"key":"REST"}],"neow_cost":"NONE","seed_source_timestamp":430875858855314,"circlet_count":0,"master_deck":["Strike_R","Strike_R","Strike_R","Defend_R","Defend_R","Defend_R","Defend_R","Bash+1","Hemokinesis+1","Thunderclap","Bloodletting+1","Shrug It Off+1","Armaments+1","Infernal Blade+1","Impervious+1","Sword Boomerang+1","Uppercut","Flex+1","Anger+1","Infernal Blade+1","Discovery+1","Whirlwind","Feed","Headbutt","Bludgeon","Disarm+1","Trip","Twin Strike","Armaments+1"],"relics":["Burning Blood","NeowsBlessing","Bronze Scales","Juzu Bracelet","Peace Pipe","Potion Belt","Pantograph","Nunchaku","Cursed Key","DollysMirror","Happy Flower","Smiling Mask","Kunai","Fusion Hammer","Lee\u0027s Waffle","Champion Belt","Torii","Red Mask"],"potions_floor_usage":[20,27,31,33,33,33,41,50,50,50,50],"damage_taken":[{"damage":0,"enemies":"Jaw Worm","floor":1,"turns":1},{"damage":0,"enemies":"2 Louse","floor":4,"turns":1},{"damage":0,"enemies":"Cultist","floor":5,"turns":1},{"damage":31,"enemies":"Gremlin Nob","floor":7,"turns":3},{"damage":22,"enemies":"3 Sentries","floor":11,"turns":5},{"damage":18,"enemies":"Gremlin Nob","floor":14,"turns":3},{"damage":33,"enemies":"Slime Boss","floor":16,"turns":10},{"damage":2,"enemies":"Chosen","floor":18,"turns":4},{"damage":16,"enemies":"Shell Parasite","floor":19,"turns":5},{"damage":7,"enemies":"Centurion and Healer","floor":20,"turns":5},{"damage":33,"enemies":"Shelled Parasite and Fungi","floor":21,"turns":6},{"damage":2,"enemies":"Gremlin Leader","floor":25,"turns":4},{"damage":14,"enemies":"Book of Stabbing","floor":27,"turns":4},{"damage":8,"enemies":"Snecko","floor":28,"turns":4},{"damage":18,"enemies":"Snake Plant","floor":31,"turns":4},{"damage":62,"enemies":"Automaton","floor":33,"turns":8},{"damage":27,"enemies":"Orb Walker","floor":35,"turns":3},{"damage":42,"enemies":"2 Orb Walkers","floor":41,"turns":5},{"damage":9,"enemies":"3 Shapes","floor":45,"turns":4},{"damage":51,"enemies":"Donu and Deca","floor":50,"turns":6}],"seed_played":"-5570446971039715182","potions_obtained":[{"floor":1,"key":"FearPotion"},{"floor":4,"key":"Dexterity Potion"},{"floor":11,"key":"Weak Potion"},{"floor":19,"key":"Explosive Potion"},{"floor":21,"key":"Energy Potion"},{"floor":27,"key":"Explosive Potion"},{"floor":33,"key":"SkillPotion"},{"floor":35,"key":"SkillPotion"},{"floor":45,"key":"SpeedPotion"}],"is_trial":false,"path_per_floor":["M","?","?","M","M","T","E","?","T","R","E","R","?","E","R","B",null,"M","M","M","M","$","R","?","E","T","E","M","?","R","M","R","B",null,"M","?","?","?","$","R","?","?","T","R","M","R","?","$","R","B",null],"character_chosen":"IRONCLAD","items_purchased":["DollysMirror","SkillPotion","Discovery","Lee\u0027s Waffle","Twin Strike","Strength Potion"],"campfire_rested":3,"item_purchase_floors":[22,22,22,39,39,39],"current_hp_per_floor":[80,80,80,80,80,80,55,80,80,80,64,64,64,52,52,50,80,80,70,69,42,42,66,66,70,70,62,60,60,60,51,51,20,83,65,65,65,65,89,89,53,53,53,79,76,76,76,76,89,44],"gold":0,"neow_bonus":"THREE_ENEMY_KILL","is_prod":false,"is_daily":false,"chose_seed":false,"campfire_upgraded":5,"win_rate":0,"timestamp":1541998700,"path_taken":["M","?","?","M","?","?","E","?","T","R","E","R","?","E","R","BOSS","M","M","M","M","$","R","?","E","T","E","M","?","R","M","R","BOSS","M","?","?","?","$","R","?","?","T","R","M","R","?","$","R","BOSS"],"build_version":"2018-11-08","purchased_purges":0,"victory":true,"max_hp_per_floor":[80,80,80,80,80,80,80,80,80,80,80,80,80,80,80,80,80,80,80,80,80,80,80,80,80,80,80,80,80,80,83,83,83,83,86,82,82,82,89,89,89,89,89,89,89,89,89,89,89,89],"card_choices":[{"not_picked":["Warcry","Bloodletting"],"picked":"Hemokinesis","floor":1},{"not_picked":["Armaments","Clash"],"picked":"Thunderclap","floor":4},{"not_picked":["True Grit","Pommel Strike"],"picked":"Bloodletting","floor":5},{"not_picked":["Ghostly Armor","Bloodletting"],"picked":"Shrug It Off","floor":7},{"not_picked":["Iron Wave","Flame Barrier"],"picked":"Armaments","floor":11},{"not_picked":["Cleave","Thunderclap"],"picked":"Infernal Blade","floor":14},{"not_picked":["Barricade","Reaper"],"picked":"Impervious","floor":16},{"not_picked":["Dual Wield","True Grit"],"picked":"Sword Boomerang+1","floor":18},{"not_picked":["Wild Strike","Searing Blow"],"picked":"Uppercut","floor":19},{"not_picked":["Second Wind","True Grit+1"],"picked":"Flex+1","floor":20},{"not_picked":["Pommel Strike","Thunderclap"],"picked":"Anger+1","floor":21},{"not_picked":["Feed","Headbutt"],"picked":"Whirlwind","floor":25},{"not_picked":["Pummel","Thunderclap"],"picked":"Feed","floor":27},{"not_picked":["Wild Strike","Blood for Blood","Havoc"],"picked":"SKIP","floor":28},{"not_picked":["Sever Soul+1","Sword Boomerang"],"picked":"Headbutt","floor":31},{"not_picked":["Juggernaut","Feed"],"picked":"Bludgeon","floor":33},{"not_picked":["Flex+1","Perfected Strike+1"],"picked":"Disarm+1","floor":35},{"not_picked":["Mayhem","Swift Strike"],"picked":"Trip","floor":38},{"not_picked":["Seeing Red","Body Slam+1"],"picked":"Armaments+1","floor":41},{"not_picked":["Body Slam","Havoc","Sentinel+1"],"picked":"SKIP","floor":45}],"player_experience":140317,"relics_obtained":[{"floor":6,"key":"Bronze Scales"},{"floor":7,"key":"Juzu Bracelet"},{"floor":9,"key":"Peace Pipe"},{"floor":11,"key":"Potion Belt"},{"floor":14,"key":"Nunchaku"},{"floor":25,"key":"Happy Flower"},{"floor":26,"key":"Smiling Mask"},{"floor":27,"key":"Kunai"},{"floor":41,"key":"Champion Belt"},{"floor":43,"key":"Torii"}],"event_choices":[{"cards_removed":["Strike_R"],"damage_healed":0,"gold_gain":0,"player_choice":"Card Removal","damage_taken":0,"max_hp_gain":0,"max_hp_loss":0,"event_name":"The Cleric","floor":2,"gold_loss":50},{"damage_healed":0,"gold_gain":0,"player_choice":"Forge","damage_taken":0,"max_hp_gain":0,"max_hp_loss":0,"event_name":"Accursed Blacksmith","floor":3,"gold_loss":0,"cards_upgraded":["Hemokinesis"]},{"damage_healed":26,"gold_gain":0,"player_choice":"Banana","damage_taken":0,"max_hp_gain":0,"max_hp_loss":0,"event_name":"Big Fish","floor":8,"gold_loss":0},{"damage_healed":0,"gold_gain":0,"player_choice":"Searched \u00272\u0027 times","damage_taken":0,"relics_obtained":["Pantograph"],"max_hp_gain":0,"max_hp_loss":0,"event_name":"Dead Adventurer","floor":13,"gold_loss":0},{"damage_healed":0,"gold_gain":0,"player_choice":"Paid Fearfully","damage_taken":0,"max_hp_gain":0,"max_hp_loss":0,"event_name":"Masked Bandits","floor":24,"gold_loss":4},{"damage_healed":0,"gold_gain":99,"player_choice":"Stole From Cult","damage_taken":0,"max_hp_gain":0,"max_hp_loss":0,"event_name":"Nest","floor":29,"gold_loss":0},{"damage_healed":0,"gold_gain":0,"player_choice":"Max HP","damage_taken":0,"max_hp_gain":0,"max_hp_loss":4,"event_name":"Winding Halls","floor":36,"gold_loss":0},{"damage_healed":0,"gold_gain":0,"player_choice":"Upgraded Two","damage_taken":0,"max_hp_gain":0,"max_hp_loss":0,"event_name":"Designer","floor":37,"gold_loss":40,"cards_upgraded":["Impervious","Bloodletting"]},{"damage_healed":0,"gold_gain":0,"player_choice":"Memory 1","damage_taken":0,"max_hp_gain":0,"max_hp_loss":0,"event_name":"SensoryStone","floor":38,"gold_loss":0},{"damage_healed":0,"gold_gain":0,"player_choice":"Fight","damage_taken":0,"max_hp_gain":0,"max_hp_loss":0,"event_name":"Mysterious Sphere","floor":41,"gold_loss":0},{"cards_removed":["Strike_R"],"damage_healed":0,"gold_gain":0,"player_choice":"Removed Attack","damage_taken":0,"max_hp_gain":0,"max_hp_loss":0,"event_name":"Falling","floor":42,"gold_loss":0},{"damage_healed":0,"gold_gain":0,"player_choice":"Paid","damage_taken":0,"relics_obtained":["Red Mask"],"max_hp_gain":0,"max_hp_loss":0,"event_name":"Tomb of Lord Red Mask","floor":47,"gold_loss":68}],"is_beta":false,"boss_relics":[{"not_picked":["Pandora\u0027s Box","Eternal Feather"],"picked":"Cursed Key"},{"not_picked":["Velvet Choker","Lizard Tail"],"picked":"Fusion Hammer"}],"items_purged_floors":[],"is_endless":false,"potions_floor_spawned":[1,4,11,19,21,25,27,33,35,45],"ascension_level":3}