{"gold_per_floor":[115,115,115,115,128,128,163,183,183,208,248,248,22,37,37,165,165,178,199,12,12,12,55,55,68,68,68,10,10,31,46,46,171,171,195,219,219,233,247,35,35,35,60,60,74,90,90,106,106,106],"floor_reached":51,"playtime":3111,"items_purged":["Regret","Shame"],"score":835,"play_id":"0f381513-4659-4da7-9c76-77cfb134b51b","local_time":"20181118010424","is_ascension_mode":true,"campfire_choices":[{"floor":6.0,"key":"REST"},{"data":"Bash","floor":12.0,"key":"SMITH"},{"data":"Perfected Strike","floor":15.0,"key":"SMITH"},{"data":"Whirlwind","floor":24,"key":"SMITH"},{"data":"Clothesline","floor":27,"key":"SMITH"},{"floor":32,"key":"REST"},{"floor":41,"key":"REST"},{"data":"Jack Of All Trades","floor":44,"key":"SMITH"},{"data":"Inflame","floor":47,"key":"SMITH"},{"data":"Shockwave","floor":49,"key":"SMITH"}],"neow_cost":"NONE","seed_source_timestamp":122905210140753,"circlet_count":0,"master_deck":["Bash+1","Anger","Pommel Strike","Twin Strike","Shrug It Off","Perfected Strike+1","Clothesline+1","Steam","Malaise","Shrug It Off+1","Cleave+1","Whirlwind+1","Offering","Flex+1","Cloak And Dagger","Shockwave+1","Corpse Explosion","Warcry","Inflame+1","Flex+1","Cleave","Armaments","Armaments+1","Perfected Strike","Iron Wave","Armaments","Jack Of All Trades+1","Backstab","Bash","Disarm+1","Conserve Battery","Thunderclap","Metallicize","Power Through","Dagger Throw+1","Go for the Eyes+1"],"special_seed":0,"relics":["Burning Blood","NeowsBlessing","Ornamental Fan","The Courier","Golden Idol","Red Skull","Oddly Smooth Stone","Pen Nib","PrismaticShard","Sozu","Letter Opener","Singing Bowl","Bag of Marbles","Enchiridion","Pandora\u0027s Box","War Paint"],"potions_floor_usage":[33],"damage_taken":[{"damage":0.0,"enemies":"Small Slimes","floor":1.0,"turns":1.0},{"damage":0.0,"enemies":"2 Louse","floor":5.0,"turns":1.0},{"damage":0.0,"enemies":"Lagavulin","floor":7.0,"turns":1.0},{"damage":4.0,"enemies":"Jaw Worm","floor":8.0,"turns":3.0},{"damage":5.0,"enemies":"Gremlin Gang","floor":10.0,"turns":5.0},{"damage":8.0,"enemies":"Gremlin Nob","floor":11.0,"turns":4.0},{"damage":2.0,"enemies":"3 Louse","floor":14.0,"turns":2.0},{"damage":45.0,"enemies":"The Guardian","floor":16.0,"turns":7.0},{"damage":5.0,"enemies":"Shell Parasite","floor":18.0,"turns":3.0},{"damage":0.0,"enemies":"Chosen","floor":19.0,"turns":3.0},{"damage":10,"enemies":"Book of Stabbing","floor":23,"turns":3},{"damage":24,"enemies":"Snecko","floor":25,"turns":4},{"damage":11,"enemies":"3 Cultists","floor":30,"turns":4},{"damage":6,"enemies":"Cultist and Chosen","floor":31,"turns":3},{"damage":50,"enemies":"Automaton","floor":33,"turns":10},{"damage":6,"enemies":"Orb Walker","floor":35,"turns":2},{"damage":30,"enemies":"3 Shapes","floor":36,"turns":1},{"damage":14,"enemies":"Maw","floor":38,"turns":7},{"damage":20,"enemies":"Writhing Mass","floor":39,"turns":4},{"damage":8,"enemies":"Transient","floor":45,"turns":5},{"damage":1,"enemies":"Spire Growth","floor":46,"turns":5},{"damage":0,"enemies":"4 Shapes","floor":48,"turns":3},{"damage":73,"enemies":"Awakened One","floor":50,"turns":15}],"seed_played":"2223557634548105218","potions_obtained":[{"floor":7.0,"key":"SteroidPotion"},{"floor":11.0,"key":"Strength Potion"},{"floor":16.0,"key":"Explosive Potion"}],"is_trial":false,"path_per_floor":["M","?","?","?","M","R","E","M","T","M","E","R","$","M","R","B",null,"M","M","$","?","T","E","R","M","T","R","$","?","M","M","R","B",null,"M","M","?","M","M","$","R","$","T","R","M","M","R","M","R","B",null],"character_chosen":"IRONCLAD","items_purchased":["PrismaticShard","Whirlwind","Offering","Shockwave","Thunderclap","Metallicize","Power Through"],"campfire_rested":3,"item_purchase_floors":[13,20,20,28,40,40,40],"current_hp_per_floor":[80,80,62,42,48,72,78,80,80,80,78,78,78,80,80,41,80,80,80,80,80,80,76,76,58,58,58,58,42,39,41,66,22,84,84,60,60,52,38,38,63,63,63,63,63,68,68,74,74,7],"gold":106,"neow_bonus":"THREE_ENEMY_KILL","is_prod":false,"is_daily":false,"chose_seed":false,"campfire_upgraded":7,"win_rate":0,"timestamp":1542521064,"path_taken":["M","?","?","?","?","R","E","M","T","?","E","R","$","M","R","BOSS","M","M","$","?","?","E","R","M","T","R","$","?","M","M","R","BOSS","M","M","?","M","?","$","R","$","T","R","M","M","R","M","R","BOSS"],"build_version":"2018-11-15","purchased_purges":2,"victory":true,"max_hp_per_floor":[80,80,80,80,80,80,80,80,80,80,80,80,80,80,80,80,80,80,80,80,80,80,80,80,80,80,80,80,80,82,84,84,84,84,84,84,84,84,84,84,84,84,84,84,86,86,86,86,86,86],"card_choices":[{"not_picked":["Warcry","Wild Strike"],"picked":"Anger","floor":1.0},{"not_picked":["Body Slam","Heavy Blade"],"picked":"Pommel Strike","floor":5.0},{"not_picked":["Disarm","Hemokinesis"],"picked":"Twin Strike","floor":7.0},{"not_picked":["Fiend Fire","Warcry"],"picked":"Shrug It Off","floor":8.0},{"not_picked":["Sword Boomerang","Hemokinesis"],"picked":"Perfected Strike","floor":10.0},{"not_picked":["Anger","Clash"],"picked":"Clothesline","floor":11.0},{"not_picked":["Heatsinks","Steam Power"],"picked":"Steam","floor":14.0},{"not_picked":["Tools of the Trade","Secret Technique"],"picked":"Malaise","floor":16.0},{"not_picked":["Scrape+1","True Grit"],"picked":"Shrug It Off+1","floor":18.0},{"not_picked":["Pommel Strike","Tempest"],"picked":"Cleave+1","floor":19.0},{"not_picked":["Thunder Strike","Aggregate"],"picked":"Flex+1","floor":23},{"not_picked":["Riddle With Holes","Twin Strike+1"],"picked":"Cloak And Dagger","floor":25},{"not_picked":["Prepared","Streamline","Prepared+1"],"picked":"Singing Bowl","floor":30},{"not_picked":["Bane+1","Battle Trance","Hemokinesis"],"picked":"Singing Bowl","floor":31},{"not_picked":["Mayhem","Impervious"],"picked":"Corpse Explosion","floor":33},{"not_picked":["Concentrate","Bouncing Flask"],"picked":"Jack Of All Trades","floor":35},{"not_picked":["Cleave+1","Trip+1"],"picked":"Backstab","floor":36},{"not_picked":["Redo","Choke+1"],"picked":"Disarm+1","floor":38},{"not_picked":["Flex+1","Choke"],"picked":"Conserve Battery","floor":39},{"not_picked":["Heavy Blade","Acrobatics+1","Rebound"],"picked":"Singing Bowl","floor":45},{"not_picked":["Reprogram+1","Sweeping Beam+1"],"picked":"Dagger Throw+1","floor":46},{"not_picked":["Clash+1","Heavy Blade"],"picked":"Go for the Eyes+1","floor":48}],"player_experience":163011,"relics_obtained":[{"floor":7.0,"key":"Red Skull"},{"floor":9.0,"key":"Oddly Smooth Stone"},{"floor":11.0,"key":"Pen Nib"},{"floor":22.0,"key":"Letter Opener"},{"floor":23,"key":"Singing Bowl"},{"floor":26,"key":"Bag of Marbles"},{"floor":29,"key":"Enchiridion"},{"floor":43,"key":"War Paint"}],"event_choices":[{"damage_healed":0.0,"max_hp_gain":0.0,"max_hp_loss":0.0,"gold_gain":0.0,"event_name":"Big Fish","player_choice":"Box","floor":2.0,"gold_loss":0.0,"damage_taken":0.0,"relics_obtained":["Ornamental Fan"],"cards_obtained":["Regret"]},{"damage_healed":0.0,"max_hp_gain":0.0,"max_hp_loss":0.0,"gold_gain":0.0,"event_name":"Scrap Ooze","player_choice":"Success","floor":3.0,"gold_loss":0.0,"damage_taken":18.0,"relics_obtained":["The Courier"]},{"damage_healed":0.0,"max_hp_gain":0.0,"max_hp_loss":0.0,"gold_gain":0.0,"event_name":"Golden Idol","player_choice":"Take Damage","floor":4.0,"gold_loss":0.0,"damage_taken":20.0,"relics_obtained":["Golden Idol"]},{"damage_healed":0.0,"max_hp_gain":0.0,"max_hp_loss":0.0,"gold_gain":0.0,"event_name":"Vampires","player_choice":"Ignored","floor":21.0,"gold_loss":0.0,"damage_taken":0.0},{"damage_healed":0,"gold_gain":0,"player_choice":"Obtained Book","damage_taken":16,"max_hp_gain":0,"max_hp_loss":0,"event_name":"Cursed Tome","floor":29,"gold_loss":0},{"damage_healed":0,"gold_gain":0,"player_choice":"2 cards matched","damage_taken":0,"max_hp_gain":0,"max_hp_loss":0,"event_name":"Match and Keep!","floor":37,"gold_loss":0,"cards_obtained":["Shame","Bash"]}],"is_beta":false,"boss_relics":[{"not_picked":["Black Blood","Velvet Choker"],"picked":"Sozu"},{"not_picked":["Runic Cube","Runic Dome"],"picked":"Pandora\u0027s Box"}],"items_purged_floors":[13,40],"is_endless":false,"potions_floor_spawned":[7,11,16,18,30,33,35,38,45,46],"ascension_level":4}