{"gold_per_floor":[119,43,62,62,80,80,104,104,104,127,166,32,32,70,70,169,169,190,190,190,210,41,41,70,70,70,70,104,117,134,134,134,208,208,225,225,236,250,267,267,267,267,267,282,5,5,22,53,53,53,53],"floor_reached":51,"playtime":3291,"items_purged":["Strike_B","Pain"],"score":1425,"play_id":"bc364d95-e578-4a6f-8cd9-39ab2ffad87b","local_time":"20190523181053","is_ascension_mode":true,"campfire_choices":[{"data":"Zap","floor":6.0,"key":"SMITH"},{"data":"Coolheaded","floor":8.0,"key":"SMITH"},{"data":"Go for the Eyes","floor":13.0,"key":"SMITH"},{"data":"Lockon","floor":15.0,"key":"SMITH"},{"data":"Coolheaded","floor":23.0,"key":"SMITH"},{"data":"Darkness","floor":27.0,"key":"SMITH"},{"floor":32.0,"key":"REST"},{"floor":40.0,"key":"REST"},{"data":"Fission","floor":42.0,"key":"SMITH"},{"floor":46.0,"key":"REST"},{"floor":49.0,"key":"REST"}],"neow_cost":"NONE","seed_source_timestamp":258025507653309,"circlet_count":0,"master_deck":["AscendersBane","Defend_B+1","Defend_B+1","Defend_B","Zap+1","Dualcast","Lockon+1","Doom and Gloom","Coolheaded+1","Coolheaded+1","Self Repair","Electrodynamics","Go for the Eyes+1","Compile Driver","Glacier","Echo Form","Loop","Darkness+1","Blizzard","BootSequence+1","Rip and Tear","Fission+1","Beam Cell+1","Genetic Algorithm+1","Multi-Cast+1","Coolheaded+1","Reinforced Body","Chill","Undo","Coolheaded","Ball Lightning","Parasite","Redo+1"],"special_seed":0,"relics":["Cracked Core","NeowsBlessing","Bloody Idol","Symbiotic Virus","WingedGreaves","Blue Candle","Velvet Choker","PreservedInsect","Vajra","War Paint","Happy Flower","Astrolabe","WarpedTongs","The Courier","Regal Pillow","Oddly Smooth Stone"],"potions_floor_usage":[51],"damage_taken":[{"damage":0.0,"enemies":"Cultist","floor":1.0,"turns":1.0},{"damage":0.0,"enemies":"Jaw Worm","floor":3.0,"turns":1.0},{"damage":0.0,"enemies":"Small Slimes","floor":5.0,"turns":1.0},{"damage":0.0,"enemies":"Looter","floor":7.0,"turns":4.0},{"damage":10.0,"enemies":"Lots of Slimes","floor":10.0,"turns":2.0},{"damage":16.0,"enemies":"Lagavulin","floor":11.0,"turns":6.0},{"damage":5.0,"enemies":"3 Sentries","floor":14.0,"turns":2.0},{"damage":35.0,"enemies":"Hexaghost","floor":16.0,"turns":9.0},{"damage":0.0,"enemies":"Chosen","floor":18.0,"turns":3.0},{"damage":0.0,"enemies":"3 Byrds","floor":21.0,"turns":1.0},{"damage":0.0,"enemies":"Gremlin Leader","floor":24.0,"turns":5.0},{"damage":32.0,"enemies":"Slavers","floor":28.0,"turns":4.0},{"damage":26.0,"enemies":"Shelled Parasite and Fungi","floor":29.0,"turns":7.0},{"damage":12.0,"enemies":"Snake Plant","floor":30.0,"turns":6.0},{"damage":31.0,"enemies":"Collector","floor":33.0,"turns":7.0},{"damage":20.0,"enemies":"3 Darklings","floor":35.0,"turns":7.0},{"damage":0.0,"enemies":"3 Shapes","floor":37.0,"turns":5.0},{"damage":50.0,"enemies":"Transient","floor":38.0,"turns":6.0},{"damage":0.0,"enemies":"Jaw Worm Horde","floor":39.0,"turns":5.0},{"damage":30.0,"enemies":"4 Shapes","floor":44.0,"turns":13.0},{"damage":0.0,"enemies":"Writhing Mass","floor":47.0,"turns":4.0},{"damage":36.0,"enemies":"Nemesis","floor":48.0,"turns":9.0},{"damage":57.0,"enemies":"Time Eater","floor":50.0,"turns":12.0},{"damage":44,"enemies":"Donu and Deca","floor":51,"turns":6}],"seed_played":"-1295736902029174290","potions_obtained":[{"floor":1.0,"key":"Strength Potion"},{"floor":14.0,"key":"FairyPotion"},{"floor":16.0,"key":"SneckoOil"},{"floor":20.0,"key":"Fruit Juice"},{"floor":20.0,"key":"AttackPotion"},{"floor":29.0,"key":"SkillPotion"},{"floor":30.0,"key":"AttackPotion"},{"floor":37.0,"key":"Weak Potion"},{"floor":38.0,"key":"Energy Potion"}],"is_trial":false,"path_per_floor":["M","$","M","?","M","R","M","R","T","M","E","$","R","E","R","B",null,"M","?","?","M","$","R","E","?","T","R","E","M","M","?","R","B",null,"M","?","M","M","M","R","?","R","T","M","$","R","M","E","R","B","B"],"character_chosen":"DEFECT","items_purchased":["Doom and Gloom","Compile Driver","PreservedInsect","Regal Pillow","Ball Lightning","Explosive Potion"],"campfire_rested":4,"item_purchase_floors":[2,12,22,45,45,45],"current_hp_per_floor":[64,64,64,64,64,64,64,64,64,54,45,45,45,40,40,12,51,51,51,56,61,61,61,69,69,69,69,42,28,35,35,55,36,61,53,53,58,13,25,45,45,45,45,40,40,69,69,48,69,22,0],"gold":53,"neow_bonus":"THREE_ENEMY_KILL","is_prod":false,"is_daily":false,"chose_seed":false,"campfire_upgraded":7,"win_rate":0,"timestamp":1558649453,"path_taken":["M","?","M","?","M","R","M","R","T","M","E","?","R","E","R","BOSS","M","?","?","?","$","R","E","?","T","R","E","?","M","?","R","BOSS","M","?","M","?","?","R","?","R","T","M","$","R","M","E","R","BOSS","BOSS"],"build_version":"2019-01-23","purchased_purges":2,"victory":false,"max_hp_per_floor":[71,71,71,64,64,64,64,64,64,64,64,64,64,64,64,64,64,64,64,69,69,69,69,69,69,69,69,69,69,69,69,69,69,69,69,69,69,69,69,69,69,69,69,69,69,69,69,69,69,69,69],"card_choices":[{"not_picked":["Blizzard","Scrape"],"picked":"Lockon","floor":1.0},{"not_picked":["Compile Driver","Rebound"],"picked":"Coolheaded","floor":3.0},{"not_picked":["Streamline","Beam Cell"],"picked":"Coolheaded","floor":5.0},{"not_picked":["Hello World","Leap"],"picked":"Self Repair","floor":7.0},{"not_picked":["Stack","Steam"],"picked":"Electrodynamics","floor":10.0},{"not_picked":["Rebound","Conserve Battery"],"picked":"Go for the Eyes","floor":11.0},{"not_picked":["Chaos","Heatsinks"],"picked":"Glacier","floor":14.0},{"not_picked":["Creative AI","Hyperbeam"],"picked":"Echo Form","floor":16.0},{"not_picked":["Gash","Coolheaded"],"picked":"Loop","floor":18.0},{"not_picked":["Self Repair","Aggregate","Conserve Battery"],"picked":"SKIP","floor":21.0},{"not_picked":["Hologram","Hyperbeam"],"picked":"Darkness","floor":24.0},{"not_picked":["Streamline","Barrage","Sunder+1"],"picked":"SKIP","floor":28.0},{"not_picked":["Auto Shields","Go for the Eyes"],"picked":"Blizzard","floor":29.0},{"not_picked":["Gash","Steam Power"],"picked":"BootSequence+1","floor":30.0},{"not_picked":["Core Surge","Biased Cognition"],"picked":"Fission","floor":33.0},{"not_picked":["Consume","Chaos"],"picked":"Coolheaded+1","floor":35.0},{"not_picked":["Auto Shields","Double Energy+1"],"picked":"Reinforced Body","floor":37.0},{"not_picked":["Stack","Coolheaded"],"picked":"Chill","floor":38.0},{"not_picked":["Ball Lightning","Conserve Battery"],"picked":"Undo","floor":39.0},{"not_picked":["Cold Snap+1","Leap"],"picked":"Coolheaded","floor":44.0},{"not_picked":["Coolheaded+1","BootSequence"],"picked":"Redo+1","floor":47.0},{"not_picked":["Beam Cell","Sweeping Beam","Aggregate"],"picked":"SKIP","floor":48.0}],"player_experience":771866,"relics_obtained":[{"floor":9.0,"key":"Symbiotic Virus"},{"floor":11.0,"key":"WingedGreaves"},{"floor":14.0,"key":"Blue Candle"},{"floor":24.0,"key":"Vajra"},{"floor":26.0,"key":"War Paint"},{"floor":28.0,"key":"Happy Flower"},{"floor":43.0,"key":"The Courier"},{"floor":48.0,"key":"Oddly Smooth Stone"}],"event_choices":[{"damage_healed":0.0,"max_hp_gain":0.0,"max_hp_loss":7.0,"gold_gain":0.0,"event_name":"Golden Idol","player_choice":"Lose Max HP","floor":4.0,"gold_loss":0.0,"damage_taken":0.0,"relics_obtained":["Golden Idol"]},{"damage_healed":0.0,"max_hp_gain":0.0,"max_hp_loss":0.0,"gold_gain":0.0,"event_name":"Forgotten Altar","player_choice":"Gave Idol","floor":19.0,"relics_lost":["Golden Idol"],"gold_loss":0.0,"damage_taken":0.0,"relics_obtained":["Bloody Idol"]},{"damage_healed":0.0,"max_hp_gain":0.0,"max_hp_loss":0.0,"gold_gain":0.0,"event_name":"Lab","player_choice":"Got Potions","floor":20.0,"gold_loss":0.0,"damage_taken":0.0},{"damage_healed":0.0,"max_hp_gain":0.0,"max_hp_loss":0.0,"gold_gain":0.0,"event_name":"N\u0027loth","player_choice":"Ignored","floor":25.0,"gold_loss":0.0,"damage_taken":0.0},{"damage_healed":0.0,"max_hp_gain":0.0,"max_hp_loss":0.0,"gold_gain":0.0,"cards_transformed":["Strike_B","Strike_B"],"event_name":"Drug Dealer","player_choice":"Became Test Subject","floor":31.0,"gold_loss":0.0,"damage_taken":0.0,"cards_obtained":["Rip and Tear","Turbo"]},{"damage_healed":0.0,"max_hp_gain":0.0,"max_hp_loss":0.0,"gold_gain":0.0,"event_name":"WeMeetAgain","player_choice":"Ignored","floor":36.0,"gold_loss":0.0,"damage_taken":0.0},{"damage_healed":0.0,"max_hp_gain":0.0,"max_hp_loss":0.0,"gold_gain":0.0,"event_name":"Accursed Blacksmith","player_choice":"Rummage","floor":41.0,"gold_loss":0.0,"damage_taken":0.0,"relics_obtained":["WarpedTongs"],"cards_obtained":["Pain"]}],"is_beta":false,"boss_relics":[{"not_picked":["Inserter","Tiny House"],"picked":"Velvet Choker"},{"not_picked":["Eternal Feather","Orrery"],"picked":"Astrolabe"}],"items_purged_floors":[12,45],"is_endless":false,"potions_floor_spawned":[1,14,16,21,29,30,37,38,47],"killed_by":"Donu and Deca","ascension_level":20}