{"gold_per_floor":[109,124,74,74,90,90,124,124,124,124,138,63,63,83,83,179,179,194,194,94,112,123,123,154,165,192,206,206,206,206,225,225,320,370,390,9,9,9,9],"floor_reached":40,"playtime":1241,"items_purged":["Strike_R","Strike_R","Defend_R"],"score":936,"play_id":"45a6c450-d158-4596-953b-36f88e2d2b4e","local_time":"20190507200643","is_ascension_mode":true,"campfire_choices":[{"data":"Searing Blow","floor":6.0,"key":"SMITH"},{"data":"Searing Blow+1","floor":8.0,"key":"SMITH"},{"data":"Searing Blow+2","floor":10.0,"key":"SMITH"},{"data":"Searing Blow+3","floor":15.0,"key":"SMITH"},{"data":"Searing Blow+4","floor":23.0,"key":"SMITH"},{"data":"Searing Blow+5","floor":29.0,"key":"SMITH"},{"floor":32.0,"key":"REST"}],"neow_cost":"NONE","seed_source_timestamp":295295959180700,"circlet_count":0,"master_deck":["Defend_R+1","Defend_R","Defend_R+1","Bash","Pommel Strike","Searing Blow+7","True Grit+1","Rampage+1","Offering+1","Shrug It Off+1","Master of Strategy+1","Flash of Steel"],"special_seed":0,"relics":["Burning Blood","Nunchaku","Sundial","Philosopher\u0027s Stone","Toxic Egg 2","War Paint","MutagenicStrength","Tiny House"],"potions_floor_usage":[39],"damage_taken":[{"damage":8.0,"enemies":"2 Louse","floor":1.0,"turns":4.0},{"damage":5.0,"enemies":"Small Slimes","floor":2.0,"turns":3.0},{"damage":7.0,"enemies":"Jaw Worm","floor":5.0,"turns":4.0},{"damage":49.0,"enemies":"3 Sentries","floor":7.0,"turns":10.0},{"damage":12.0,"enemies":"Looter","floor":11.0,"turns":4.0},{"damage":11.0,"enemies":"Red Slaver","floor":14.0,"turns":4.0},{"damage":18.0,"enemies":"The Guardian","floor":16.0,"turns":8.0},{"damage":2.0,"enemies":"Spheric Guardian","floor":18.0,"turns":3.0},{"damage":41.0,"enemies":"3 Byrds","floor":21.0,"turns":5.0},{"damage":0.0,"enemies":"Snecko","floor":22.0,"turns":4.0},{"damage":0.0,"enemies":"Gremlin Leader","floor":24.0,"turns":7.0},{"damage":14.0,"enemies":"3 Cultists","floor":25.0,"turns":5.0},{"damage":11.0,"enemies":"Sentry and Sphere","floor":27.0,"turns":5.0},{"damage":22.0,"enemies":"Snake Plant","floor":31.0,"turns":3.0},{"damage":38,"enemies":"Champ","floor":33,"turns":4},{"damage":6,"enemies":"Orb Walker","floor":35,"turns":2},{"damage":6,"enemies":"Donu and Deca","floor":39,"turns":4}],"seed_played":"8663461421162473711","potions_obtained":[{"floor":1.0,"key":"SneckoOil"},{"floor":2.0,"key":"SneckoOil"},{"floor":14.0,"key":"Fire Potion"},{"floor":16.0,"key":"Poison Potion"},{"floor":18.0,"key":"BloodPotion"},{"floor":25.0,"key":"AttackPotion"},{"floor":27.0,"key":"GamblersBrew"},{"floor":31.0,"key":"Weak Potion"},{"floor":34,"key":"Fire Potion"},{"floor":35,"key":"Swift Potion"}],"is_trial":false,"path_per_floor":["M","M","?","?","M","R","E","R","T","R","M","$","?","M","R","B",null,"M","?","$","M","M","R","E","M","T","M","?","R","?","M","R","B",null,"M","$","?","?","B",null],"character_chosen":"IRONCLAD","items_purchased":["Master of Strategy+1","Flash of Steel"],"campfire_rested":1,"item_purchase_floors":[36,36],"current_hp_per_floor":[78,79,79,84,83,83,40,40,40,40,34,34,27,22,22,10,66,70,70,70,35,41,41,47,39,39,34,34,34,34,18,43,11,72,72,72,72,72,72],"gold":9,"neow_bonus":"RANDOM_COLORLESS","is_prod":false,"is_daily":false,"chose_seed":false,"campfire_upgraded":6,"win_rate":0,"timestamp":1557277603,"path_taken":["M","M","?","?","M","R","E","R","T","R","M","$","?","?","R","BOSS","M","?","$","?","M","R","E","M","T","M","?","R","?","M","R","BOSS","M","$","?","?","BOSS"],"build_version":"2019-01-23","purchased_purges":3,"victory":true,"max_hp_per_floor":[80,80,80,85,85,85,85,85,85,85,85,85,85,85,85,85,85,85,85,85,85,85,85,85,85,85,85,85,85,85,85,85,85,90,90,90,90,90,90],"card_choices":[{"not_picked":["Wild Strike","Feel No Pain"],"picked":"Pommel Strike","floor":1.0},{"not_picked":["Hemokinesis","Whirlwind"],"picked":"Searing Blow","floor":2.0},{"not_picked":["Pummel","Inflame","Perfected Strike"],"picked":"SKIP","floor":5.0},{"not_picked":["Sentinel","Power Through","Searing Blow"],"picked":"SKIP","floor":7.0},{"not_picked":["Heavy Blade","Flex","Perfected Strike"],"picked":"SKIP","floor":11.0},{"not_picked":["Searing Blow","Hemokinesis","Body Slam"],"picked":"SKIP","floor":14.0},{"not_picked":["Infernal Blade+1","Headbutt+1"],"picked":"True Grit+1","floor":18.0},{"not_picked":["Body Slam","Flex","Iron Wave"],"picked":"SKIP","floor":21.0},{"not_picked":["Thunderclap","Cleave","Rampage+1"],"picked":"SKIP","floor":22.0},{"not_picked":["Thunderclap","Cleave"],"picked":"Rampage+1","floor":22.0},{"not_picked":["Rampage+1","Clothesline","Warcry"],"picked":"SKIP","floor":24.0},{"not_picked":["Heavy Blade","True Grit+1","Infernal Blade+1"],"picked":"SKIP","floor":25.0},{"not_picked":["Hemokinesis","Dual Wield+1","Headbutt"],"picked":"SKIP","floor":27.0},{"not_picked":["Burning Pact+1","Dropkick"],"picked":"Offering+1","floor":31.0},{"not_picked":["Clash","Sword Boomerang"],"picked":"Shrug It Off+1","floor":34},{"not_picked":["Anger","Second Wind+1","Combust+1"],"picked":"SKIP","floor":35}],"player_experience":211735,"relics_obtained":[{"floor":7.0,"key":"Nunchaku"},{"floor":9.0,"key":"Sundial"},{"floor":24.0,"key":"Toxic Egg 2"},{"floor":26.0,"key":"War Paint"}],"event_choices":[{"cards_removed":["Strike_R"],"damage_healed":0.0,"max_hp_gain":0.0,"max_hp_loss":0.0,"gold_gain":0.0,"event_name":"The Cleric","player_choice":"Card Removal","floor":3.0,"gold_loss":50.0,"damage_taken":0.0},{"damage_healed":0.0,"max_hp_gain":5.0,"max_hp_loss":0.0,"gold_gain":0.0,"event_name":"Big Fish","player_choice":"Donut","floor":4.0,"gold_loss":0.0,"damage_taken":0.0},{"cards_removed":["Strike_R"],"damage_healed":0.0,"max_hp_gain":0.0,"max_hp_loss":0.0,"gold_gain":0.0,"event_name":"Golden Wing","player_choice":"Card Removal","floor":13.0,"gold_loss":0.0,"damage_taken":7.0},{"cards_removed":["Strike_R"],"damage_healed":0.0,"max_hp_gain":0.0,"max_hp_loss":0.0,"gold_gain":0.0,"event_name":"Purifier","player_choice":"Purged","floor":19.0,"gold_loss":0.0,"damage_taken":0.0},{"damage_healed":0.0,"max_hp_gain":0.0,"max_hp_loss":0.0,"gold_gain":0.0,"event_name":"Drug Dealer","player_choice":"Inject Mutagens","floor":30.0,"gold_loss":0.0,"damage_taken":0.0,"relics_obtained":["MutagenicStrength"]},{"cards_removed":["Finesse"],"damage_healed":0,"gold_gain":0,"player_choice":"Removed Skill","damage_taken":0,"max_hp_gain":0,"max_hp_loss":0,"event_name":"Falling","floor":37,"gold_loss":0},{"damage_healed":0,"gold_gain":0,"player_choice":"Took Portal","damage_taken":0,"max_hp_gain":0,"max_hp_loss":0,"event_name":"SecretPortal","floor":38,"gold_loss":0}],"is_beta":false,"boss_relics":[{"not_picked":["Snecko Eye","Ectoplasm"],"picked":"Philosopher\u0027s Stone"},{"not_picked":["Astrolabe","Calling Bell"],"picked":"Tiny House"}],"items_purged_floors":[12,20,36],"is_endless":false,"potions_floor_spawned":[1,2,14,16,18,25,27,31,35],"ascension_level":5}