{"gold_per_floor":[113,113,38,38,52,85,85,97,97,112,143,43,43,118,118,214,214,226,226,250,250,262,262,290,315,327,339,351,363,107,127,127,226,226,238,238,238,253,48,48,82,130,185,0,0,0,14,14,14,14],"floor_reached":50,"playtime":1694,"items_purged":["Pain","Defend_B","Writhe"],"score":567,"play_id":"483a485c-2842-4cee-85b3-769d86e19bc4","local_time":"20190526035131","is_ascension_mode":true,"campfire_choices":[{"data":"Zap","floor":7,"key":"SMITH"},{"floor":13,"key":"REST"},{"data":"Genetic Algorithm","floor":15,"key":"SMITH"},{"data":"Ball Lightning","floor":23,"key":"SMITH"},{"floor":27,"key":"REST"},{"floor":32,"key":"REST"},{"data":"Creative AI","floor":40,"key":"SMITH"},{"floor":45,"key":"REST"},{"floor":49,"key":"REST"}],"neow_cost":"NONE","seed_source_timestamp":333887525945427,"circlet_count":0,"master_deck":["Strike_B","Strike_B","Strike_B","Defend_B","Defend_B","Defend_B","Zap+1","Dualcast","Leap","Biased Cognition","Go for the Eyes","Compile Driver","Ball Lightning+1","Chill","Genetic Algorithm+1","Creative AI+1","Hologram+1","Sweeping Beam","FTL","All For One+1","Darkness","Thunder Strike+1","Capacitor+1","Flash of Steel+1","Steam+1","Static Discharge+1","Reboot"],"relics":["Cracked Core","WarpedTongs","Bottled Lightning","Bottled Flame","Bag of Marbles","Sozu","Vajra","MutagenicStrength","MawBank","Molten Egg 2","Omamori","Inserter","Lee\u0027s Waffle","Strawberry","Calipers","Juzu Bracelet","Red Mask"],"potions_floor_usage":[11,16,33],"damage_taken":[{"damage":3,"enemies":"Small Slimes","floor":1,"turns":3},{"damage":0,"enemies":"Cultist","floor":5,"turns":2},{"damage":24,"enemies":"3 Sentries","floor":6,"turns":8},{"damage":0,"enemies":"Jaw Worm","floor":8,"turns":2},{"damage":0,"enemies":"Exordium Thugs","floor":10,"turns":3},{"damage":6,"enemies":"Gremlin Nob","floor":11,"turns":3},{"damage":28,"enemies":"Slime Boss","floor":16,"turns":8},{"damage":3,"enemies":"Shell Parasite","floor":18,"turns":5},{"damage":0,"enemies":"Chosen","floor":22,"turns":4},{"damage":15,"enemies":"Book of Stabbing","floor":24,"turns":5},{"damage":13,"enemies":"Shelled Parasite and Fungi","floor":25,"turns":4},{"damage":3,"enemies":"Centurion and Healer","floor":31,"turns":3},{"damage":42,"enemies":"Automaton","floor":33,"turns":10},{"damage":16,"enemies":"3 Darklings","floor":35,"turns":3},{"damage":13,"enemies":"3 Shapes","floor":38,"turns":4},{"damage":53,"enemies":"Nemesis","floor":41,"turns":7},{"damage":25,"enemies":"2 Orb Walkers","floor":42,"turns":4},{"damage":0,"enemies":"Transient","floor":47,"turns":5},{"damage":95,"enemies":"Time Eater","floor":50,"turns":9}],"seed_played":"-3961719309622738679","potions_obtained":[{"floor":5,"key":"Energy Potion"},{"floor":6,"key":"Swift Potion"},{"floor":11,"key":"Swift Potion"}],"is_trial":false,"path_per_floor":["M","?","$","?","M","E","R","M","T","M","E","$","R","?","R","B",null,"M","?","T","?","M","R","E","M","T","R","$","?","$","M","R","B",null,"M","?","?","M","$","R","E","?","T","?","R","$","M","?","R","B"],"character_chosen":"DEFECT","items_purchased":["All For One+1","Lee\u0027s Waffle"],"campfire_rested":5,"item_purchase_floors":[30,39],"current_hp_per_floor":[79,79,79,79,79,55,55,55,55,55,49,49,73,62,62,34,82,79,63,63,63,63,63,48,35,35,61,61,61,61,58,84,42,87,71,71,71,58,94,94,48,23,23,23,53,53,53,53,83,0],"gold":14,"neow_bonus":"TEN_PERCENT_HP_BONUS","is_prod":false,"is_daily":false,"chose_seed":false,"campfire_upgraded":4,"win_rate":1,"timestamp":1558860691,"path_taken":["M","?","?","?","?","E","R","M","T","M","E","$","R","?","R","BOSS","M","?","?","?","M","R","E","M","T","R","?","?","$","M","R","BOSS","M","?","?","?","?","R","E","?","T","?","R","$","M","?","R","BOSS"],"build_version":"2019-01-23","purchased_purges":3,"victory":false,"max_hp_per_floor":[82,82,82,82,82,82,82,82,82,82,82,82,82,82,82,82,82,82,87,87,87,87,87,87,87,87,87,87,87,87,87,87,87,87,87,87,87,87,94,94,101,101,101,101,101,101,101,101,101,101],"card_choices":[{"not_picked":["Coolheaded","Double Energy"],"picked":"Leap","floor":1},{"not_picked":["Barrage","Reinforced Body"],"picked":"Go for the Eyes","floor":5},{"not_picked":["BootSequence","Coolheaded"],"picked":"Compile Driver","floor":6},{"not_picked":["Cold Snap","Stack"],"picked":"Ball Lightning","floor":8},{"not_picked":["Skim","Gash"],"picked":"Chill","floor":10},{"not_picked":["Consume","Coolheaded"],"picked":"Genetic Algorithm","floor":11},{"not_picked":["Biased Cognition","Thunder Strike"],"picked":"Creative AI","floor":16},{"not_picked":["Beam Cell","Rebound+1"],"picked":"Hologram+1","floor":18},{"not_picked":["Cold Snap","Melter"],"picked":"Sweeping Beam","floor":22},{"not_picked":["Stack","Chill"],"picked":"FTL","floor":24},{"not_picked":["Heatsinks","Rebound","Redo"],"picked":"SKIP","floor":25},{"not_picked":["Storm","Consume"],"picked":"Darkness","floor":31},{"not_picked":["Seek","Creative AI"],"picked":"Thunder Strike+1","floor":33},{"not_picked":["Steam+1","Rebound+1"],"picked":"Capacitor+1","floor":35},{"not_picked":["Violence","Metamorphosis"],"picked":"Flash of Steel+1","floor":36},{"not_picked":["Sweeping Beam+1","Redo","Compile Driver+1"],"picked":"SKIP","floor":38},{"not_picked":["Barrage+1","Stack+1"],"picked":"Steam+1","floor":41},{"not_picked":["Melter+1","Hologram+1"],"picked":"Static Discharge+1","floor":42},{"not_picked":["Fusion+1","Sweeping Beam+1"],"picked":"Reboot","floor":47}],"player_experience":8678,"relics_obtained":[{"floor":6,"key":"Bottled Lightning"},{"floor":9,"key":"Bottled Flame"},{"floor":11,"key":"Bag of Marbles"},{"floor":20,"key":"Vajra"},{"floor":24,"key":"MawBank"},{"floor":26,"key":"Molten Egg 2"},{"floor":41,"key":"Strawberry"},{"floor":42,"key":"Calipers"},{"floor":43,"key":"Juzu Bracelet"}],"event_choices":[{"damage_healed":0,"gold_gain":0,"player_choice":"Rummage","damage_taken":0,"relics_obtained":["WarpedTongs"],"max_hp_gain":0,"max_hp_loss":0,"event_name":"Accursed Blacksmith","floor":2,"gold_loss":0,"cards_obtained":["Pain"]},{"damage_healed":0,"gold_gain":0,"cards_transformed":["Strike_B"],"player_choice":"Transformed","damage_taken":0,"max_hp_gain":0,"max_hp_loss":0,"event_name":"Transmorgrifier","floor":4,"gold_loss":0,"cards_obtained":["Biased Cognition"]},{"damage_healed":0,"gold_gain":75,"player_choice":"Gather Gold","damage_taken":11,"max_hp_gain":0,"max_hp_loss":0,"event_name":"World of Goop","floor":14,"gold_loss":0},{"damage_healed":0,"gold_gain":0,"player_choice":"Shed Blood","damage_taken":21,"max_hp_gain":5,"max_hp_loss":0,"event_name":"Forgotten Altar","floor":19,"gold_loss":0},{"damage_healed":0,"gold_gain":0,"player_choice":"Inject Mutagens","damage_taken":0,"relics_obtained":["MutagenicStrength"],"max_hp_gain":0,"max_hp_loss":0,"event_name":"Drug Dealer","floor":21,"gold_loss":0},{"damage_healed":0,"gold_gain":0,"player_choice":"Opened","damage_taken":0,"relics_obtained":["Omamori"],"max_hp_gain":0,"max_hp_loss":0,"event_name":"The Mausoleum","floor":29,"gold_loss":0,"cards_obtained":["Writhe"]},{"damage_healed":0,"gold_gain":0,"player_choice":"Memory 1","damage_taken":0,"max_hp_gain":0,"max_hp_loss":0,"event_name":"SensoryStone","floor":36,"gold_loss":0},{"damage_healed":0,"gold_gain":0,"player_choice":"Bought 0 Potions","damage_taken":0,"max_hp_gain":0,"max_hp_loss":0,"event_name":"The Woman in Blue","floor":37,"gold_loss":0},{"damage_healed":0,"gold_gain":0,"player_choice":"Fight","damage_taken":0,"max_hp_gain":0,"max_hp_loss":0,"event_name":"Mysterious Sphere","floor":42,"gold_loss":0},{"damage_healed":0,"gold_gain":0,"player_choice":"Paid","damage_taken":0,"relics_obtained":["Red Mask"],"max_hp_gain":0,"max_hp_loss":0,"event_name":"Tomb of Lord Red Mask","floor":44,"gold_loss":185},{"damage_healed":0,"gold_gain":0,"player_choice":"Leave","damage_taken":0,"max_hp_gain":0,"max_hp_loss":0,"event_name":"FaceTrader","floor":48,"gold_loss":0}],"is_beta":false,"boss_relics":[{"not_picked":["White Beast Statue","Eternal Feather"],"picked":"Sozu"},{"not_picked":["FrozenCore","Coffee Dripper"],"picked":"Inserter"}],"items_purged_floors":[3,12,30],"is_endless":false,"potions_floor_spawned":[5,6,11,18,22,31,35,38,42,47],"killed_by":"Time Eater","ascension_level":1}