{"path_per_floor":["M","$","?","M","M","E","M","M","T","R","M","?","M","$","R","B",null,"M","?","?","M","?","R","E","M","T","?","M","M"],"character_chosen":"DEFECT","items_purchased":["Reinforced Body","Bird Faced Urn","FTL","Leap"],"gold_per_floor":[364,219,219,232,247,282,300,318,369,369,384,384,404,9,9,108,108,121,121,121,134,134,134,164,184,184,184,202,213,213],"floor_reached":30,"campfire_rested":0,"playtime":1383,"current_hp_per_floor":[68,68,68,68,68,46,46,46,46,46,46,46,46,46,46,48,68,68,78,78,78,78,78,78,61,61,61,50,29,0],"items_purged":["Strike_B"],"gold":213,"score":279,"play_id":"97552742-398b-4fb2-8dc4-ed6621b8cf03","local_time":"20180427134434","is_prod":false,"is_daily":false,"chose_seed":false,"is_ascension_mode":false,"campfire_upgraded":3,"timestamp":1524851074,"path_taken":["M","$","?","M","M","E","M","M","T","R","?","?","M","$","R","BOSS","M","?","?","?","?","R","E","M","T","?","?","?","E"],"build_version":"2018-04-26v2","seed_source_timestamp":4393325464505584,"purchased_purges":1,"victory":false,"master_deck":["Strike_B","Strike_B","Strike_B","Defend_B+1","Defend_B+1","Defend_B","Defend_B","Zap+1","Dualcast","FTL","Reinforced Body","Go for the Eyes","FTL","Defragment+1","Reboot+1","White Noise+1","FTL","Leap","Streamline","Streamline","Blaster","Capacitor+1","Defragment+1","Go for the Eyes+1","Capacitor","Tempest+1"],"max_hp_per_floor":[68,68,68,68,68,68,68,68,68,68,68,68,68,68,68,68,68,68,78,78,78,78,78,78,78,78,78,78,78,78],"relics":["Cracked Core","Question Card","Pen Nib","Bird Faced Urn","Orrery","Pear","War Paint","Toxic Egg 2"],"card_choices":[{"not_picked":["Skim","Go for the Eyes"],"picked":"FTL","floor":1},{"not_picked":["Blizzard","Sweeping Beam"],"picked":"Go for the Eyes","floor":4},{"not_picked":["Streamline","Barrage"],"picked":"FTL","floor":5},{"not_picked":["Reprogram","Double Energy"],"picked":"Defragment","floor":6},{"not_picked":["Hologram","Reprogram","Sweeping Beam"],"picked":"Reboot","floor":7},{"not_picked":["Loop","Go for the Eyes","Ball Lightning"],"picked":"White Noise","floor":8},{"not_picked":["Coolheaded","Impulse","Barrage"],"picked":"Streamline","floor":17},{"not_picked":["Loop","Rebound","Stack"],"picked":"Streamline","floor":17},{"not_picked":["Coolheaded","Allocate","Fission"],"picked":"Blaster","floor":17},{"not_picked":["Ball Lightning","Sweeping Beam","Loop"],"picked":"Capacitor","floor":18},{"not_picked":["Coolheaded","Cold Snap","Barrage"],"picked":"Go for the Eyes","floor":21},{"not_picked":["Ball Lightning","Rainbow","Barrage"],"picked":"Capacitor","floor":24},{"not_picked":["Stack","Go for the Eyes","Skim"],"picked":"Tempest","floor":25}],"player_experience":6466,"potions_floor_usage":[30,30],"damage_taken":[{"damage":0,"enemies":"2 Louse","floor":1,"turns":2},{"damage":0,"enemies":"Cultist","floor":4,"turns":3},{"damage":0,"enemies":"Small Slimes","floor":5,"turns":3},{"damage":22,"enemies":"Gremlin Nob","floor":6,"turns":4},{"damage":0,"enemies":"Red Slaver","floor":7,"turns":4},{"damage":0,"enemies":"2 Fungi Beasts","floor":8,"turns":3},{"damage":0,"enemies":"3 Louse","floor":11,"turns":2},{"damage":0,"enemies":"Exordium Thugs","floor":13,"turns":3},{"damage":2,"enemies":"The Guardian","floor":16,"turns":11},{"damage":2,"enemies":"Chosen","floor":18,"turns":3},{"damage":0,"enemies":"Spheric Guardian","floor":21,"turns":3},{"damage":0,"enemies":"Gremlin Leader","floor":24,"turns":6},{"damage":21,"enemies":"Chosen and Byrds","floor":25,"turns":6},{"damage":21,"enemies":"Snake Plant","floor":28,"turns":4},{"damage":31,"enemies":"Centurion and Healer","floor":29,"turns":6},{"damage":42,"enemies":"Slavers","floor":30,"turns":5}],"event_choices":[{"event_name":"Upgrade Shrine","player_choice":"Upgraded","floor":3,"damage_taken":0},{"event_name":"Living Wall","player_choice":"Grow","floor":12,"damage_taken":0},{"event_name":"The Mausoleum","player_choice":"Yes","floor":19,"damage_taken":0},{"event_name":"The Library","player_choice":"Read","floor":20,"damage_taken":0},{"event_name":"Ghosts","player_choice":"Ignored","floor":22,"damage_taken":0},{"event_name":"Drug Dealer","player_choice":"Ignored","floor":27,"damage_taken":0}],"boss_relics":[{"not_picked":["Eternal Feather","Tiny House"],"picked":"Orrery"}],"potions_floor_spawned":[1,6,7,8,18,25,28],"seed_played":"-5368225127412639250","killed_by":"Slavers","ascension_level":0,"is_trial":false}