{"gold_per_floor":[111,125,200,5,24,24,57,72,95,120,120,61,76,138,138,217,217,229,69,79,129,129],"floor_reached":22,"playtime":1025,"items_purged":["Strike_B"],"score":388,"play_id":"a9d19daf-2042-42b0-b8d8-19d7fcaa7222","local_time":"20190526141959","is_ascension_mode":true,"campfire_choices":[{"data":"Lockon","floor":6.0,"key":"SMITH"},{"floor":11.0,"key":"REST"},{"floor":15.0,"key":"REST"}],"neow_cost":"NONE","seed_source_timestamp":506328959528781,"circlet_count":0,"master_deck":["AscendersBane","Strike_B","Strike_B","Strike_B","Defend_B","Defend_B+1","Defend_B","Defend_B+1","Zap+1","Dualcast","Capacitor","Lockon+1","Cold Snap","Chill","Ball Lightning","Compile Driver","FTL","Barrage","Reprogram","Core Surge","Doom and Gloom","Genetic Algorithm","Reinforced Body"],"special_seed":0,"relics":["Cracked Core","Blood Vial","Happy Flower","Potion Belt","Odd Mushroom","War Paint","Tiny Chest","Philosopher\u0027s Stone"],"potions_floor_usage":[16],"damage_taken":[{"damage":12.0,"enemies":"Jaw Worm","floor":1.0,"turns":3.0},{"damage":4.0,"enemies":"Small Slimes","floor":2.0,"turns":4.0},{"damage":0.0,"enemies":"Cultist","floor":5.0,"turns":2.0},{"damage":20.0,"enemies":"3 Sentries","floor":7.0,"turns":9.0},{"damage":4.0,"enemies":"2 Fungi Beasts","floor":8.0,"turns":3.0},{"damage":1.0,"enemies":"The Mushroom Lair","floor":10.0,"turns":4.0},{"damage":0.0,"enemies":"Large Slime","floor":13.0,"turns":2.0},{"damage":23.0,"enemies":"Lagavulin","floor":14.0,"turns":7.0},{"damage":26,"enemies":"Slime Boss","floor":16,"turns":8},{"damage":36,"enemies":"Shell Parasite","floor":18,"turns":5},{"damage":15,"enemies":"Spheric Guardian","floor":20,"turns":4},{"damage":29,"enemies":"Centurion and Healer","floor":22,"turns":3}],"seed_played":"-2037560639528608983","potions_obtained":[{"floor":1.0,"key":"FocusPotion"},{"floor":10.0,"key":"Fruit Juice"},{"floor":14.0,"key":"Strength Potion"},{"floor":16,"key":"Explosive Potion"}],"is_trial":false,"path_per_floor":["M","M","?","$","M","R","E","M","T","?","R","?","M","E","R","B",null,"M","$","M","?","M"],"character_chosen":"DEFECT","items_purchased":["Blood Vial","Cold Snap","Genetic Algorithm"],"campfire_rested":2,"item_purchase_floors":[4,4,19],"current_hp_per_floor":[52,48,37,37,39,39,21,19,19,25,47,47,49,28,50,26,64,30,30,17,17,0],"gold":129,"neow_bonus":"UPGRADE_CARD","is_prod":false,"is_daily":false,"chose_seed":false,"campfire_upgraded":1,"win_rate":0,"timestamp":1558894799,"path_taken":["M","M","?","$","M","R","E","M","T","?","R","?","?","E","R","BOSS","M","$","M","?","M"],"build_version":"2019-01-23","purchased_purges":1,"victory":false,"max_hp_per_floor":[71,71,71,71,71,71,71,71,71,76,76,76,76,76,76,76,76,76,76,76,76,76],"card_choices":[{"not_picked":["Coolheaded","Redo"],"picked":"Capacitor","floor":1.0},{"not_picked":["Hologram","Force Field"],"picked":"Lockon","floor":2.0},{"not_picked":["Conserve Battery","Auto Shields"],"picked":"Chill","floor":5.0},{"not_picked":["Compile Driver","Hologram"],"picked":"Ball Lightning","floor":7.0},{"not_picked":["Redo","Skim"],"picked":"Compile Driver","floor":8.0},{"not_picked":["Streamline","Turbo"],"picked":"FTL","floor":10.0},{"not_picked":["Storm","Recycle"],"picked":"Barrage","floor":13.0},{"not_picked":["Streamline","All For One"],"picked":"Reprogram","floor":14.0},{"not_picked":["Reboot","Multi-Cast"],"picked":"Core Surge","floor":16},{"not_picked":["Sunder","Chaos"],"picked":"Doom and Gloom","floor":18},{"not_picked":["Fusion","Reprogram"],"picked":"Reinforced Body","floor":20}],"player_experience":816615,"relics_obtained":[{"floor":7.0,"key":"Happy Flower"},{"floor":9.0,"key":"Potion Belt"},{"floor":10.0,"key":"Odd Mushroom"},{"floor":14.0,"key":"Tiny Chest"}],"event_choices":[{"damage_healed":0.0,"max_hp_gain":0.0,"max_hp_loss":0.0,"gold_gain":75.0,"event_name":"World of Goop","player_choice":"Gather Gold","floor":3.0,"gold_loss":0.0,"damage_taken":11.0},{"damage_healed":0.0,"max_hp_gain":0.0,"max_hp_loss":0.0,"gold_gain":0.0,"event_name":"Mushrooms","player_choice":"Fought Mushrooms","floor":10.0,"gold_loss":0.0,"damage_taken":0.0},{"damage_healed":0.0,"max_hp_gain":0.0,"max_hp_loss":0.0,"gold_gain":0.0,"event_name":"WeMeetAgain","player_choice":"Paid Gold","floor":12.0,"gold_loss":59.0,"damage_taken":0.0,"relics_obtained":["War Paint"]},{"damage_healed":0,"gold_gain":50,"player_choice":"Stole From Cult","damage_taken":0,"max_hp_gain":0,"max_hp_loss":0,"event_name":"Nest","floor":21,"gold_loss":0}],"is_beta":false,"boss_relics":[{"not_picked":["Snecko Eye","Runic Pyramid"],"picked":"Philosopher\u0027s Stone"}],"items_purged_floors":[19],"is_endless":false,"potions_floor_spawned":[1,10,14,16],"killed_by":"Centurion and Healer","ascension_level":20}