{"gold_per_floor":[119,132,150,325,27,27,57,72,118,153,164,221,252,5,5,109,109,121,132,149,149,24,24,58,70,70,70,70,82,82,102,102,201,251,263,276,28,0,0,0,28,128,151,151,151,151,166,181,181,181],"floor_reached":51,"playtime":4257,"items_purged":["Doubt","Strike_R","Strike_R"],"score":844,"play_id":"ebe2a7f8-e410-456d-b213-96fc74acbd62","local_time":"20190415185853","is_ascension_mode":true,"campfire_choices":[{"data":"Metallicize","floor":6,"key":"SMITH"},{"data":"Armaments","floor":15,"key":"SMITH"},{"floor":23,"key":"REST"},{"data":"Entrench","floor":28,"key":"SMITH"},{"floor":30,"key":"REST"},{"data":"Pommel Strike","floor":32,"key":"SMITH"},{"data":"Limit Break","floor":40,"key":"SMITH"},{"data":"Sword Boomerang","floor":46,"key":"SMITH"},{"data":"Shrug It Off","floor":49,"key":"SMITH"}],"neow_cost":"NONE","seed_source_timestamp":3560153190460788,"circlet_count":0,"master_deck":["Strike_R+1","Strike_R","Strike_R+1","Defend_R+1","Defend_R+1","Defend_R","Defend_R+1","Bash","Spot Weakness","Shrug It Off+1","Metallicize+1","Armaments+1","Rampage","Spot Weakness+1","Sword Boomerang+1","Pommel Strike+1","Entrench+1","Heavy Blade+1","Body Slam+1","Limit Break+1","Pummel","Bandage Up","Madness","Entrench+1"],"relics":["Burning Blood","Anchor","Mercury Hourglass","Whetstone","Juzu Bracelet","Pantograph","Bottled Lightning","Happy Flower","Runic Pyramid","Pen Nib","Ginger","Tiny House","War Paint","Red Mask","Boot","Orichalcum","Incense Burner","Omamori"],"potions_floor_usage":[8,13,16,20,24,24,33,33,48,50],"damage_taken":[{"damage":16,"enemies":"2 Louse","floor":1,"turns":3},{"damage":2,"enemies":"Jaw Worm","floor":2,"turns":3},{"damage":1,"enemies":"Cultist","floor":3,"turns":3},{"damage":39,"enemies":"Gremlin Nob","floor":7,"turns":5},{"damage":0,"enemies":"Exordium Thugs","floor":8,"turns":3},{"damage":11,"enemies":"Lagavulin","floor":10,"turns":6},{"damage":0,"enemies":"Lots of Slimes","floor":11,"turns":3},{"damage":17,"enemies":"3 Sentries","floor":12,"turns":5},{"damage":21,"enemies":"Gremlin Nob","floor":13,"turns":4},{"damage":35,"enemies":"Hexaghost","floor":16,"turns":10},{"damage":31,"enemies":"3 Byrds","floor":18,"turns":4},{"damage":10,"enemies":"Shell Parasite","floor":19,"turns":4},{"damage":29,"enemies":"Snecko","floor":20,"turns":5},{"damage":32,"enemies":"Book of Stabbing","floor":24,"turns":6},{"damage":0,"enemies":"Cultist and Chosen","floor":25,"turns":4},{"damage":22,"enemies":"Shelled Parasite and Fungi","floor":29,"turns":5},{"damage":14,"enemies":"Snake Plant","floor":31,"turns":3},{"damage":44,"enemies":"Collector","floor":33,"turns":9},{"damage":1,"enemies":"Orb Walker","floor":35,"turns":2},{"damage":0,"enemies":"3 Shapes","floor":36,"turns":3},{"damage":24,"enemies":"Nemesis","floor":41,"turns":6},{"damage":0,"enemies":"Mind Bloom Boss Battle","floor":42,"turns":5},{"damage":31,"enemies":"Spire Growth","floor":47,"turns":5},{"damage":7,"enemies":"3 Darklings","floor":48,"turns":3},{"damage":27,"enemies":"Time Eater","floor":50,"turns":7}],"seed_played":"-3339565601652132194","potions_obtained":[{"floor":7,"key":"Explosive Potion"},{"floor":11,"key":"Dexterity Potion"},{"floor":12,"key":"Poison Potion"},{"floor":16,"key":"EssenceOfSteel"},{"floor":19,"key":"EntropicBrew"},{"floor":25,"key":"FairyPotion"},{"floor":29,"key":"Weak Potion"},{"floor":33,"key":"Dexterity Potion"},{"floor":34,"key":"SkillPotion"},{"floor":35,"key":"FairyPotion"},{"floor":41,"key":"SkillPotion"},{"floor":48,"key":"Poison Potion"}],"is_trial":false,"path_per_floor":["M","M","M","?","$","R","E","M","T","E","M","?","E","$","R","B",null,"M","M","M","?","$","R","E","M","T","?","R","M","R","M","R","B",null,"M","M","$","?","?","R","E","?","T","?","?","R","M","M","R","B",null],"character_chosen":"IRONCLAD","items_purchased":["Metallicize","Anchor","Happy Flower","War Paint","Bandage Up"],"campfire_rested":2,"item_purchase_floors":[5,5,14,37,37],"current_hp_per_floor":[78,82,87,87,87,87,54,60,60,55,61,50,35,35,35,31,88,63,59,36,19,19,46,20,26,26,26,26,10,37,29,29,16,98,98,98,98,98,98,98,84,98,98,98,98,98,77,82,82,83],"gold":181,"neow_bonus":"TEN_PERCENT_HP_BONUS","is_prod":false,"is_daily":false,"chose_seed":false,"campfire_upgraded":7,"win_rate":0,"timestamp":1555369133,"path_taken":["M","M","M","?","$","R","E","M","T","E","M","?","E","?","R","BOSS","M","M","M","?","$","R","E","M","T","?","R","M","R","M","R","BOSS","M","M","$","?","?","R","E","?","T","?","?","R","M","M","R","BOSS"],"build_version":"2019-01-23","purchased_purges":3,"victory":true,"max_hp_per_floor":[88,88,88,88,88,88,88,88,88,88,88,88,88,88,88,88,88,88,88,88,93,93,93,93,93,93,93,93,93,93,93,93,93,98,98,98,98,98,98,98,98,98,98,98,98,98,98,98,98,98],"card_choices":[{"not_picked":["Warcry","Clothesline","Sword Boomerang"],"picked":"SKIP","floor":1},{"not_picked":["Metallicize","Bloodletting"],"picked":"Spot Weakness","floor":2},{"not_picked":["Anger","Rage"],"picked":"Shrug It Off","floor":3},{"not_picked":["Warcry","Twin Strike"],"picked":"Armaments","floor":7},{"not_picked":["Warcry","Combust"],"picked":"Rampage","floor":8},{"not_picked":["Havoc","Dark Embrace"],"picked":"Spot Weakness","floor":10},{"not_picked":["Wild Strike","Cleave"],"picked":"Sword Boomerang","floor":11},{"not_picked":["Body Slam","Clothesline"],"picked":"Pommel Strike","floor":12},{"not_picked":["Evolve","Combust"],"picked":"Entrench","floor":13},{"not_picked":["Dark Embrace","Double Tap"],"picked":"Demon Form","floor":16},{"not_picked":["Hemokinesis+1","Corruption","Headbutt"],"picked":"SKIP","floor":18},{"not_picked":["Thunderclap+1","Rage","Anger"],"picked":"SKIP","floor":19},{"not_picked":["Evolve","Dropkick"],"picked":"Heavy Blade+1","floor":20},{"not_picked":["Rage","Flex","Wild Strike"],"picked":"SKIP","floor":24},{"not_picked":["Feel No Pain","Clash+1","Dropkick"],"picked":"SKIP","floor":25},{"not_picked":["Perfected Strike","Carnage"],"picked":"Body Slam+1","floor":29},{"not_picked":["Entrench","Clash","Dark Embrace"],"picked":"SKIP","floor":31},{"not_picked":["Berserk","Bludgeon"],"picked":"Limit Break","floor":33},{"not_picked":["Sword Boomerang","Twin Strike"],"picked":"Pummel","floor":34},{"not_picked":["Cleave","Ghostly Armor+1","Shrug It Off"],"picked":"SKIP","floor":35},{"not_picked":["Clothesline+1","Anger+1","Feel No Pain"],"picked":"SKIP","floor":36},{"not_picked":["Headbutt","Havoc","Combust"],"picked":"SKIP","floor":41},{"not_picked":["PanicButton","Discovery"],"picked":"Madness","floor":45},{"not_picked":["Second Wind+1","Warcry+1","Flex"],"picked":"SKIP","floor":47},{"not_picked":["Brutality","Pommel Strike+1"],"picked":"Entrench+1","floor":48}],"player_experience":98578,"relics_obtained":[{"floor":7,"key":"Mercury Hourglass"},{"floor":9,"key":"Whetstone"},{"floor":10,"key":"Juzu Bracelet"},{"floor":12,"key":"Pantograph"},{"floor":13,"key":"Bottled Lightning"},{"floor":24,"key":"Pen Nib"},{"floor":26,"key":"Ginger"},{"floor":41,"key":"Orichalcum"},{"floor":42,"key":"Incense Burner"},{"floor":43,"key":"Omamori"}],"event_choices":[{"damage_healed":0,"gold_gain":175,"player_choice":"AGREE","damage_taken":0,"max_hp_gain":0,"max_hp_loss":0,"event_name":"Liars Game","floor":4,"gold_loss":0,"cards_obtained":["Doubt"]},{"damage_healed":0,"gold_gain":0,"player_choice":"Searched \u00271\u0027 times","damage_taken":0,"max_hp_gain":0,"max_hp_loss":0,"event_name":"Dead Adventurer","floor":12,"gold_loss":0},{"damage_healed":0,"gold_gain":0,"player_choice":"Shed Blood","damage_taken":22,"max_hp_gain":5,"max_hp_loss":0,"event_name":"Forgotten Altar","floor":21,"gold_loss":0},{"damage_healed":0,"gold_gain":0,"player_choice":"Forge","damage_taken":0,"max_hp_gain":0,"max_hp_loss":0,"event_name":"Accursed Blacksmith","floor":27,"gold_loss":0,"cards_upgraded":["Spot Weakness"]},{"damage_healed":0,"gold_gain":0,"player_choice":"Paid","damage_taken":0,"relics_obtained":["Red Mask"],"max_hp_gain":0,"max_hp_loss":0,"event_name":"Tomb of Lord Red Mask","floor":38,"gold_loss":28},{"damage_healed":0,"gold_gain":0,"player_choice":"Gave Potion","damage_taken":0,"relics_obtained":["Boot"],"max_hp_gain":0,"max_hp_loss":0,"event_name":"WeMeetAgain","floor":39,"gold_loss":0},{"damage_healed":0,"gold_gain":0,"player_choice":"Fight","damage_taken":0,"max_hp_gain":0,"max_hp_loss":0,"event_name":"MindBloom","floor":42,"gold_loss":0},{"cards_removed":["Demon Form"],"damage_healed":0,"gold_gain":0,"player_choice":"Removed Power","damage_taken":0,"max_hp_gain":0,"max_hp_loss":0,"event_name":"Falling","floor":44,"gold_loss":0},{"damage_healed":0,"gold_gain":0,"player_choice":"Memory 1","damage_taken":0,"max_hp_gain":0,"max_hp_loss":0,"event_name":"SensoryStone","floor":45,"gold_loss":0}],"is_beta":false,"boss_relics":[{"not_picked":["Black Star","Empty Cage"],"picked":"Runic Pyramid"},{"not_picked":["Eternal Feather","Runic Cube"],"picked":"Tiny House"}],"items_purged_floors":[5,14,22],"is_endless":false,"potions_floor_spawned":[7,11,12,16,19,25,29,33,35,41,47,48],"ascension_level":3}