{"gold_per_floor":[365,365,383,399,12,12,26,45,96,128,138,148,148,22,22,120,120,132,148,148,109,109,109,127,154,154,179,179,212,8,20,20,121,121,134,144,155,82,82,82,98,116,141,51,63,63,76,76,76,76],"floor_reached":50,"playtime":3353,"items_purged":["Pain","Decay"],"score":556,"play_id":"11844057-3992-48dc-8530-b0ce1fd7a6b9","local_time":"20190309181036","is_ascension_mode":false,"campfire_choices":[{"data":"Adrenaline","floor":6,"key":"SMITH"},{"floor":13,"key":"REST"},{"data":"Blade Dance","floor":15,"key":"SMITH"},{"data":"Blade Dance","floor":23,"key":"SMITH"},{"floor":28,"key":"REST"},{"floor":32,"key":"REST"},{"data":"Storm of Steel","floor":40,"key":"SMITH"},{"data":"Blade Dance","floor":46,"key":"SMITH"},{"floor":49,"key":"REST"}],"neow_cost":"CURSE","seed_source_timestamp":1789791686124300,"circlet_count":0,"master_deck":["Defend_G","Defend_G","Defend_G","Defend_G","Defend_G","Strike_G","Strike_G","Strike_G","Strike_G","Survivor","Neutralize","Blade Dance+1","PiercingWail","Adrenaline+1","Choke","Terror","Blade Dance+1","Prepared","Sucker Punch","Accuracy","Slice","Adrenaline","Dash","Backflip","Finisher","Concentrate+1","Malaise+1","Die Die Die","Panache","Prepared","Tools of the Trade","Slice+1","Sucker Punch+1","Masterful Stab+1","Storm of Steel+1","Quick Slash+1","Riddle With Holes+1","Blade Dance+1"],"relics":["Ring of the Snake","WarpedTongs","Sundial","Omamori","Ornamental Fan","Nloth\u0027s Gift","Pen Nib","Thread and Needle","Potion Belt","Ninja Scroll","Eternal Feather","Art of War"],"potions_floor_usage":[27,37,50,50,50,50,50],"damage_taken":[{"damage":8,"enemies":"2 Louse","floor":1,"turns":4},{"damage":8,"enemies":"Cultist","floor":3,"turns":5},{"damage":3,"enemies":"Small Slimes","floor":4,"turns":3},{"damage":10,"enemies":"Exordium Thugs","floor":7,"turns":5},{"damage":5,"enemies":"Red Slaver","floor":8,"turns":3},{"damage":4,"enemies":"Gremlin Nob","floor":10,"turns":3},{"damage":0,"enemies":"Exordium Wildlife","floor":11,"turns":3},{"damage":9,"enemies":"Gremlin Gang","floor":12,"turns":5},{"damage":20,"enemies":"Hexaghost","floor":16,"turns":8},{"damage":11,"enemies":"Shell Parasite","floor":18,"turns":6},{"damage":0,"enemies":"Chosen","floor":19,"turns":4},{"damage":0,"enemies":"Snecko","floor":24,"turns":3},{"damage":42,"enemies":"Slavers","floor":25,"turns":7},{"damage":15,"enemies":"Gremlin Leader","floor":27,"turns":9},{"damage":0,"enemies":"Book of Stabbing","floor":29,"turns":3},{"damage":0,"enemies":"Shelled Parasite and Fungi","floor":31,"turns":1},{"damage":16,"enemies":"Collector","floor":33,"turns":4},{"damage":6,"enemies":"3 Darklings","floor":35,"turns":5},{"damage":33,"enemies":"3 Shapes","floor":36,"turns":4},{"damage":0,"enemies":"Jaw Worm Horde","floor":37,"turns":3},{"damage":15,"enemies":"Spire Growth","floor":41,"turns":4},{"damage":0,"enemies":"Maw","floor":42,"turns":5},{"damage":1,"enemies":"3 Darklings","floor":45,"turns":6},{"damage":27,"enemies":"Writhing Mass","floor":47,"turns":4},{"damage":75,"enemies":"Awakened One","floor":50,"turns":5}],"seed_played":"-8929006501196840798","potions_obtained":[{"floor":3,"key":"FearPotion"},{"floor":4,"key":"Energy Potion"},{"floor":7,"key":"Explosive Potion"},{"floor":16,"key":"SkillPotion"},{"floor":18,"key":"Strength Potion"},{"floor":19,"key":"GhostInAJar"},{"floor":29,"key":"Strength Potion"},{"floor":37,"key":"Swift Potion"},{"floor":41,"key":"SmokeBomb"},{"floor":45,"key":"GhostInAJar"},{"floor":47,"key":"Swift Potion"}],"is_trial":false,"path_per_floor":["M","?","M","M","$","R","M","M","T","E","M","M","R","$","R","B",null,"M","M","?","$","?","R","M","E","T","E","R","E","$","M","R","B",null,"M","M","M","$","?","R","M","M","T","?","M","R","M","?","R","B"],"character_chosen":"THE_SILENT","items_purchased":["Choke","Sundial","Slice","Finisher","Panache","Prepared","Storm of Steel"],"campfire_rested":4,"item_purchase_floors":[5,5,14,21,30,30,38],"current_hp_per_floor":[62,62,54,51,51,51,41,36,36,32,32,23,44,44,44,24,70,59,59,59,59,59,59,59,17,17,2,23,23,23,23,44,28,70,64,31,31,31,31,52,37,37,37,37,36,57,30,30,70,0],"gold":76,"neow_bonus":"TWO_FIFTY_GOLD","is_prod":false,"is_daily":false,"chose_seed":false,"campfire_upgraded":5,"win_rate":0,"timestamp":1552176636,"path_taken":["M","?","M","M","$","R","M","M","T","E","M","M","R","$","R","BOSS","M","M","?","$","?","R","M","E","T","E","R","E","$","?","R","BOSS","M","M","M","$","?","R","M","M","T","?","?","R","M","?","R","BOSS"],"build_version":"2019-01-23","purchased_purges":2,"victory":false,"max_hp_per_floor":[70,70,70,70,70,70,70,70,70,70,70,70,70,70,70,70,70,70,70,70,70,70,70,70,70,70,70,70,70,70,70,70,70,70,70,70,70,70,70,70,70,70,70,70,70,70,70,70,70,70],"card_choices":[{"not_picked":["Underhanded Strike","Bane"],"picked":"Blade Dance","floor":1},{"not_picked":["Poisoned Stab","Underhanded Strike"],"picked":"PiercingWail","floor":3},{"not_picked":["Backflip","Prepared"],"picked":"Adrenaline","floor":4},{"not_picked":["Heel Hook","Endless Agony"],"picked":"Terror","floor":7},{"not_picked":["Bouncing Flask","Cloak And Dagger"],"picked":"Blade Dance","floor":8},{"not_picked":["All Out Attack","Dagger Throw"],"picked":"Prepared","floor":10},{"not_picked":["Dodge and Roll","Deflect"],"picked":"Sucker Punch","floor":11},{"not_picked":["Underhanded Strike","Prepared"],"picked":"Accuracy","floor":12},{"not_picked":["Grand Finale","Doppelganger"],"picked":"Adrenaline","floor":16},{"not_picked":["Footwork","Deflect"],"picked":"Dash","floor":18},{"not_picked":["PiercingWail","Footwork+1","Crippling Poison"],"picked":"SKIP","floor":19},{"not_picked":["A Thousand Cuts","Bane+1"],"picked":"Concentrate+1","floor":24},{"not_picked":["Poisoned Stab","Deflect+1"],"picked":"Malaise","floor":25},{"not_picked":["Reflex","Grand Finale","Deflect"],"picked":"SKIP","floor":27},{"not_picked":["Sucker Punch","Deadly Poison+1"],"picked":"Die Die Die","floor":29},{"not_picked":["Dodge and Roll","Endless Agony","Grand Finale"],"picked":"SKIP","floor":31},{"not_picked":["Grand Finale","Wraith Form v2"],"picked":"Tools of the Trade","floor":33},{"not_picked":["Poisoned Stab+1","Expertise"],"picked":"Slice+1","floor":35},{"not_picked":["Slice+1","Crippling Poison"],"picked":"Sucker Punch+1","floor":36},{"not_picked":["Prepared+1","Crippling Poison+1"],"picked":"Masterful Stab+1","floor":37},{"not_picked":["Cloak And Dagger","Slice"],"picked":"Quick Slash+1","floor":41},{"not_picked":["Footwork+1","Deadly Poison"],"picked":"Riddle With Holes+1","floor":42},{"not_picked":["Setup+1","Deflect+1"],"picked":"Blade Dance","floor":45},{"not_picked":["Setup+1","Sucker Punch","Backflip"],"picked":"SKIP","floor":47}],"player_experience":120012,"relics_obtained":[{"floor":9,"key":"Omamori"},{"floor":10,"key":"Ornamental Fan"},{"floor":25,"key":"Pen Nib"},{"floor":26,"key":"Thread and Needle"},{"floor":27,"key":"Potion Belt"},{"floor":29,"key":"Ninja Scroll"},{"floor":43,"key":"Art of War"}],"event_choices":[{"damage_healed":0,"gold_gain":0,"player_choice":"Rummage","damage_taken":0,"relics_obtained":["WarpedTongs"],"max_hp_gain":0,"max_hp_loss":0,"event_name":"Accursed Blacksmith","floor":2,"gold_loss":0,"cards_obtained":["Pain"]},{"damage_healed":0,"gold_gain":0,"player_choice":"Read","damage_taken":0,"max_hp_gain":0,"max_hp_loss":0,"event_name":"The Library","floor":20,"gold_loss":0,"cards_obtained":["Backflip"]},{"damage_healed":0,"gold_gain":0,"player_choice":"Traded Relic","damage_taken":0,"relics_obtained":["Nloth\u0027s Gift"],"max_hp_gain":0,"max_hp_loss":0,"event_name":"N\u0027loth","floor":22,"relics_lost":["White Beast Statue"],"gold_loss":0},{"damage_healed":0,"gold_gain":0,"player_choice":"Ignored","damage_taken":0,"max_hp_gain":0,"max_hp_loss":0,"event_name":"Mysterious Sphere","floor":39,"gold_loss":0},{"cards_removed":["Strike_G"],"damage_healed":0,"gold_gain":0,"player_choice":"Upgrade and Remove","damage_taken":0,"max_hp_gain":0,"max_hp_loss":0,"event_name":"Designer","floor":44,"gold_loss":90,"cards_upgraded":["Malaise"]},{"damage_healed":0,"gold_gain":0,"player_choice":"Ignored","damage_taken":0,"max_hp_gain":0,"max_hp_loss":0,"event_name":"SecretPortal","floor":48,"gold_loss":0}],"is_beta":false,"boss_relics":[{"not_picked":["Tiny House","Runic Dome"],"picked":"White Beast Statue"},{"not_picked":["Black Star","Snecko Eye"],"picked":"Eternal Feather"}],"items_purged_floors":[5,14],"is_endless":false,"potions_floor_spawned":[3,4,7,10,16,18,19,29,37,41,45,47],"killed_by":"Awakened One","ascension_level":0}