{"gold_per_floor":[116,116,129,147,167,167,192,192,192,224,237,122,132,164,164,235,235,250,41,41,57,57,57,83,83,83,29,29,56,156,176,176,253,253,265,265,282,262,282,282,311,324,324,370,399,411,7,19,19,19,19],"floor_reached":52,"playtime":3515,"items_purged":["Strike_G","Decay"],"score":2040,"play_id":"d578e106-54fb-437b-9592-d2730c8dd2e8","local_time":"20190517213201","is_ascension_mode":true,"campfire_choices":[{"data":"Neutralize","floor":6.0,"key":"SMITH"},{"data":"1","floor":8.0,"key":"LIFT"},{"data":"2","floor":15.0,"key":"LIFT"},{"data":"3","floor":23.0,"key":"LIFT"},{"data":"Envenom","floor":28.0,"key":"SMITH"},{"data":"Dagger Spray","floor":32.0,"key":"SMITH"},{"floor":40.0,"key":"REST"},{"floor":49.0,"key":"REST"}],"neow_cost":"NONE","seed_source_timestamp":280806625023823,"circlet_count":0,"master_deck":["AscendersBane","Defend_G","Defend_G","Defend_G","Defend_G","Strike_G","Survivor","Neutralize+1","Riddle With Holes","Noxious Fumes","Adrenaline","Quick Slash","Dash","Flying Knee","Glass Knife","Bouncing Flask","Deadly Poison","Envenom+1","Heel Hook+1","Leg Sweep+1","Eviscerate+1","Dagger Spray+1","Endless Agony","PiercingWail","Acrobatics","Dagger Throw","Backflip","Glass Knife","Quick Slash+1","Backstab","Catalyst+1","Well Laid Plans","Glass Knife","Cloak And Dagger+1","Leg Sweep","Backflip"],"special_seed":0,"relics":["Ring of the Snake","Girya","FossilizedHelix","Incense Burner","Snake Skull","Astrolabe","TwistedFunnel","Lantern","Mummified Hand","Bag of Preparation","Tough Bandages","Ninja Scroll","Fusion Hammer","Sundial","MawBank","Nunchaku","Pantograph"],"potions_floor_usage":[51],"damage_taken":[{"damage":0.0,"enemies":"Cultist","floor":1.0,"turns":5.0},{"damage":0.0,"enemies":"2 Louse","floor":3.0,"turns":2.0},{"damage":2.0,"enemies":"Jaw Worm","floor":4.0,"turns":5.0},{"damage":0.0,"enemies":"2 Fungi Beasts","floor":5.0,"turns":4.0},{"damage":24.0,"enemies":"Gremlin Nob","floor":7.0,"turns":4.0},{"damage":0.0,"enemies":"3 Sentries","floor":10.0,"turns":8.0},{"damage":0.0,"enemies":"Blue Slaver","floor":11.0,"turns":3.0},{"damage":0.0,"enemies":"Exordium Wildlife","floor":13.0,"turns":2.0},{"damage":2.0,"enemies":"Lagavulin","floor":14.0,"turns":4.0},{"damage":1.0,"enemies":"The Guardian","floor":16.0,"turns":8.0},{"damage":0.0,"enemies":"Shell Parasite","floor":18.0,"turns":5.0},{"damage":11.0,"enemies":"2 Thieves","floor":21.0,"turns":3.0},{"damage":23.0,"enemies":"Book of Stabbing","floor":24.0,"turns":5.0},{"damage":0.0,"enemies":"Gremlin Leader","floor":29.0,"turns":4.0},{"damage":0.0,"enemies":"Colosseum Slavers","floor":30.0,"turns":2.0},{"damage":0.0,"enemies":"Colosseum Nobs","floor":30.0,"turns":3.0},{"damage":0.0,"enemies":"Snake Plant","floor":31.0,"turns":2.0},{"damage":27.0,"enemies":"Collector","floor":33.0,"turns":7.0},{"damage":0.0,"enemies":"Orb Walker","floor":35.0,"turns":2.0},{"damage":0.0,"enemies":"3 Darklings","floor":37.0,"turns":3.0},{"damage":0.0,"enemies":"Transient","floor":39.0,"turns":6.0},{"damage":20.0,"enemies":"Giant Head","floor":41.0,"turns":6.0},{"damage":0.0,"enemies":"4 Shapes","floor":42.0,"turns":5.0},{"damage":0.0,"enemies":"Nemesis","floor":44.0,"turns":5.0},{"damage":0.0,"enemies":"3 Darklings","floor":45.0,"turns":3.0},{"damage":0.0,"enemies":"Sphere and 2 Shapes","floor":48.0,"turns":3.0},{"damage":30.0,"enemies":"Time Eater","floor":50.0,"turns":10.0},{"damage":67,"enemies":"Donu and Deca","floor":51,"turns":10}],"seed_played":"2250334120493648997","potions_obtained":[{"floor":3.0,"key":"SkillPotion"},{"floor":7.0,"key":"Dexterity Potion"},{"floor":11.0,"key":"EssenceOfSteel"},{"floor":16.0,"key":"PowerPotion"},{"floor":21.0,"key":"SteroidPotion"},{"floor":24.0,"key":"Block Potion"},{"floor":31.0,"key":"Strength Potion"},{"floor":33.0,"key":"AttackPotion"},{"floor":38.0,"key":"Ancient Potion"},{"floor":48.0,"key":"SteroidPotion"}],"is_trial":false,"path_per_floor":["M","?","M","M","M","R","E","R","T","E","M","$","M","E","R","B",null,"M","$","?","M","?","R","E","?","T","$","R","E","?","M","R","B",null,"M","?","M","?","M","R","E","M","T","E","M","?","$","M","R","B","B",null],"character_chosen":"THE_SILENT","items_purchased":["Bouncing Flask","TwistedFunnel","Weak Potion","Pantograph","Leg Sweep"],"campfire_rested":2,"item_purchase_floors":[12,19,27,47,47],"current_hp_per_floor":[65,70,70,68,68,68,44,44,44,44,44,44,44,42,42,41,68,68,68,68,57,57,57,34,34,34,34,34,34,34,34,34,7,60,60,60,60,60,60,77,57,57,57,57,57,57,57,57,73,43,1],"gold":19,"neow_bonus":"TEN_PERCENT_HP_BONUS","is_prod":false,"is_daily":false,"chose_seed":false,"campfire_upgraded":3,"win_rate":0,"timestamp":1558143121,"path_taken":["M","?","M","M","M","R","E","R","T","E","M","$","M","E","R","BOSS","M","$","?","M","?","R","E","?","T","?","R","E","?","M","R","BOSS","M","?","M","?","M","R","E","?","T","E","M","?","$","M","R","BOSS","BOSS"],"build_version":"2019-01-23","purchased_purges":2,"victory":true,"max_hp_per_floor":[72,77,77,77,77,77,77,77,77,77,77,77,77,77,77,77,77,77,77,77,77,77,77,77,77,77,77,77,77,77,77,77,77,77,77,77,77,77,77,77,77,77,77,77,77,73,73,73,73,73,73],"card_choices":[{"not_picked":["Underhanded Strike","Prepared"],"picked":"Riddle With Holes","floor":1.0},{"not_picked":["Quick Slash","Flying Knee"],"picked":"Noxious Fumes","floor":3.0},{"not_picked":["Well Laid Plans","Setup"],"picked":"Adrenaline","floor":4.0},{"not_picked":["Deflect","Flying Knee"],"picked":"Quick Slash","floor":5.0},{"not_picked":["Sucker Punch","PiercingWail"],"picked":"Dash","floor":7.0},{"not_picked":["Choke","Accuracy"],"picked":"Flying Knee","floor":10.0},{"not_picked":["Infinite Blades","Footwork"],"picked":"Glass Knife","floor":11.0},{"not_picked":["Outmaneuver","Blade Dance","Dodge and Roll"],"picked":"SKIP","floor":13.0},{"not_picked":["Riddle With Holes","Acrobatics"],"picked":"Deadly Poison","floor":14.0},{"not_picked":["Doppelganger","Phantasmal Killer"],"picked":"Envenom","floor":16.0},{"not_picked":["Eviscerate","Acrobatics"],"picked":"Dagger Spray","floor":18.0},{"not_picked":["Prepared","Acrobatics"],"picked":"Endless Agony","floor":21.0},{"not_picked":["Prepared","Quick Slash"],"picked":"PiercingWail","floor":24.0},{"not_picked":["Dodge and Roll","Noxious Fumes"],"picked":"Acrobatics","floor":29.0},{"not_picked":["Bane","Prepared"],"picked":"Dagger Throw","floor":30.0},{"not_picked":["Glass Knife","Escape Plan"],"picked":"Backflip","floor":31.0},{"not_picked":["Unload","Die Die Die"],"picked":"Glass Knife","floor":33.0},{"not_picked":["Deadly Poison+1","PiercingWail"],"picked":"Quick Slash+1","floor":35.0},{"not_picked":["Slice","Endless Agony"],"picked":"Backstab","floor":37.0},{"not_picked":["Predator","Backstab"],"picked":"Catalyst+1","floor":39.0},{"not_picked":["Dash+1","Deadly Poison"],"picked":"Well Laid Plans","floor":41.0},{"not_picked":["Distraction","Accuracy"],"picked":"Glass Knife","floor":42.0},{"not_picked":["Masterful Stab","Blade Dance"],"picked":"Cloak And Dagger+1","floor":44.0},{"not_picked":["Poisoned Stab","Dagger Throw","Quick Slash+1"],"picked":"SKIP","floor":45.0},{"not_picked":["Deflect","Expertise"],"picked":"Backflip","floor":48.0}],"player_experience":693976,"relics_obtained":[{"floor":7.0,"key":"Girya"},{"floor":9.0,"key":"FossilizedHelix"},{"floor":10.0,"key":"Incense Burner"},{"floor":14.0,"key":"Snake Skull"},{"floor":24.0,"key":"Lantern"},{"floor":26.0,"key":"Mummified Hand"},{"floor":29.0,"key":"Bag of Preparation"},{"floor":30.0,"key":"Tough Bandages"},{"floor":30.0,"key":"Ninja Scroll"},{"floor":41.0,"key":"Sundial"},{"floor":43.0,"key":"MawBank"},{"floor":44.0,"key":"Nunchaku"}],"event_choices":[{"damage_healed":0.0,"max_hp_gain":5.0,"max_hp_loss":0.0,"gold_gain":0.0,"event_name":"Big Fish","player_choice":"Donut","floor":2.0,"gold_loss":0.0,"damage_taken":0.0},{"damage_healed":0.0,"max_hp_gain":0.0,"max_hp_loss":0.0,"gold_gain":0.0,"event_name":"Forgotten Altar","player_choice":"Smashed Altar","floor":22.0,"gold_loss":0.0,"damage_taken":0.0,"cards_obtained":["Decay"]},{"damage_healed":0.0,"max_hp_gain":0.0,"max_hp_loss":0.0,"gold_gain":0.0,"event_name":"Ghosts","player_choice":"Ignored","floor":25.0,"gold_loss":0.0,"damage_taken":0.0},{"damage_healed":0.0,"max_hp_gain":0.0,"max_hp_loss":0.0,"gold_gain":0.0,"event_name":"Colosseum","player_choice":"Fight","floor":30.0,"gold_loss":0.0,"damage_taken":0.0},{"damage_healed":0.0,"max_hp_gain":0.0,"max_hp_loss":0.0,"gold_gain":0.0,"event_name":"Colosseum","player_choice":"Fought Nobs","floor":30.0,"gold_loss":0.0,"damage_taken":0.0},{"cards_removed":["Defend_G"],"damage_healed":0.0,"max_hp_gain":0.0,"max_hp_loss":0.0,"gold_gain":0.0,"event_name":"Falling","player_choice":"Removed Skill","floor":36.0,"gold_loss":0.0,"damage_taken":0.0},{"damage_healed":0.0,"max_hp_gain":0.0,"max_hp_loss":0.0,"gold_gain":0.0,"event_name":"The Woman in Blue","player_choice":"Bought 1 Potion","floor":38.0,"gold_loss":0.0,"damage_taken":0.0},{"damage_healed":0.0,"max_hp_gain":0.0,"max_hp_loss":4.0,"gold_gain":0.0,"event_name":"Winding Halls","player_choice":"Max HP","floor":46.0,"gold_loss":0.0,"damage_taken":0.0}],"is_beta":false,"boss_relics":[{"not_picked":["Velvet Choker","Orrery"],"picked":"Astrolabe"},{"not_picked":["Coffee Dripper","Snecko Eye"],"picked":"Fusion Hammer"}],"items_purged_floors":[12,47],"is_endless":false,"potions_floor_spawned":[3,7,11,16,21,24,31,33,39,42,48],"ascension_level":20}