{"gold_per_floor":[117,14,25,25,44,44,57,90,90,110,110,110,60,77,77,174,174,186,21,0,0,13,13,40,40,40,56,71,91,91,110,110,213,213,229,229,247,100,120,133,159,159,159,171,185,185,198,217,217,217],"floor_reached":50,"playtime":5489,"items_purged":["Poisoned Stab"],"score":523,"play_id":"02108d03-05c8-4da7-ae30-013f29299ce1","local_time":"20190220010548","is_ascension_mode":false,"campfire_choices":[{"data":"Well Laid Plans","floor":6,"key":"SMITH"},{"floor":12,"key":"REST"},{"floor":15,"key":"REST"},{"data":"A Thousand Cuts","floor":23,"key":"SMITH"},{"floor":25,"key":"REST"},{"data":"Prepared","floor":30,"key":"SMITH"},{"floor":32,"key":"REST"},{"floor":42,"key":"REST"},{"floor":46,"key":"REST"},{"floor":49,"key":"REST"}],"neow_cost":"NONE","seed_source_timestamp":257308110264500,"circlet_count":0,"master_deck":["Defend_G+1","Defend_G+1","Defend_G+1","Defend_G+1","Strike_G+1","Strike_G+1","Strike_G+1","Survivor","Neutralize","Slice","Well Laid Plans+1","Underhanded Strike","Escape Plan+1","Heel Hook","Prepared","Slice","Dash","Slice","A Thousand Cuts+1","Dagger Throw+1","Trip+1","Skewer","Cloak And Dagger","Slice+1","Acrobatics+1","Backstab+1","Prepared+1","Outmaneuver+1","Phantasmal Killer","Noxious Fumes+1","Sucker Punch","Eviscerate","Noxious Fumes+1"],"relics":["Ring of the Snake","Bag of Preparation","Sundial","Mummified Hand","Odd Mushroom","Philosopher\u0027s Stone","War Paint","Anchor","Busted Crown","Vajra","PreservedInsect"],"potions_floor_usage":[16,41,47,50,50,50],"damage_taken":[{"damage":0,"enemies":"Cultist","floor":1,"turns":4},{"damage":0,"enemies":"Small Slimes","floor":3,"turns":3},{"damage":4,"enemies":"Jaw Worm","floor":5,"turns":5},{"damage":0,"enemies":"Blue Slaver","floor":7,"turns":5},{"damage":25,"enemies":"3 Sentries","floor":8,"turns":9},{"damage":15,"enemies":"The Mushroom Lair","floor":10,"turns":6},{"damage":0,"enemies":"Large Slime","floor":14,"turns":6},{"damage":57,"enemies":"Hexaghost","floor":16,"turns":13},{"damage":0,"enemies":"Chosen","floor":18,"turns":4},{"damage":6,"enemies":"Shell Parasite","floor":22,"turns":3},{"damage":12,"enemies":"Gremlin Leader","floor":24,"turns":4},{"damage":0,"enemies":"Shelled Parasite and Fungi","floor":27,"turns":3},{"damage":0,"enemies":"3 Cultists","floor":28,"turns":3},{"damage":16,"enemies":"Snecko","floor":29,"turns":3},{"damage":0,"enemies":"Shelled Parasite and Fungi","floor":31,"turns":2},{"damage":32,"enemies":"Collector","floor":33,"turns":8},{"damage":15,"enemies":"3 Shapes","floor":35,"turns":2},{"damage":0,"enemies":"3 Darklings","floor":37,"turns":2},{"damage":5,"enemies":"Maw","floor":39,"turns":6},{"damage":26,"enemies":"Sphere and 2 Shapes","floor":40,"turns":6},{"damage":19,"enemies":"Nemesis","floor":41,"turns":5},{"damage":0,"enemies":"4 Shapes","floor":44,"turns":5},{"damage":4,"enemies":"Spire Growth","floor":45,"turns":4},{"damage":0,"enemies":"Jaw Worm Horde","floor":47,"turns":3},{"damage":7,"enemies":"4 Shapes","floor":48,"turns":4},{"damage":57,"enemies":"Time Eater","floor":50,"turns":4}],"seed_played":"-5023126009258465727","potions_obtained":[{"floor":1,"key":"Swift Potion"},{"floor":7,"key":"Swift Potion"},{"floor":16,"key":"Dexterity Potion"},{"floor":22,"key":"AttackPotion"},{"floor":27,"key":"Poison Potion"},{"floor":44,"key":"Fire Potion"},{"floor":45,"key":"Swift Potion"},{"floor":47,"key":"Ancient Potion"}],"is_trial":false,"path_per_floor":["M","$","M","?","M","R","M","E","T","?","?","R","?","M","R","B",null,"M","$","?","?","M","R","E","R","T","M","M","M","R","M","R","B",null,"M","?","M","$","M","M","E","R","T","M","M","R","M","M","R","B"],"character_chosen":"THE_SILENT","items_purchased":["Poisoned Stab","Well Laid Plans","Trip","Skewer","Eviscerate"],"campfire_rested":7,"item_purchase_floors":[2,2,19,19,38],"current_hp_per_floor":[70,70,70,70,66,66,66,41,41,26,26,47,47,47,68,11,70,70,70,70,70,64,64,52,70,70,70,70,54,54,54,70,38,70,55,55,55,55,50,24,5,26,26,26,22,43,43,36,57,0],"gold":217,"neow_bonus":"RANDOM_COMMON_RELIC","is_prod":false,"is_daily":false,"chose_seed":false,"campfire_upgraded":3,"win_rate":0,"timestamp":1550646348,"path_taken":["M","$","M","?","M","R","?","E","T","?","?","R","?","M","R","BOSS","M","$","?","?","M","R","E","R","T","M","M","M","R","M","R","BOSS","M","?","M","$","M","M","E","R","T","M","M","R","M","M","R","BOSS"],"build_version":"2019-01-23","purchased_purges":1,"victory":false,"max_hp_per_floor":[70,70,70,70,70,70,70,70,70,70,70,70,70,70,70,70,70,70,70,70,70,70,70,70,70,70,70,70,70,70,70,70,70,70,70,70,70,70,70,70,70,70,70,70,70,70,70,70,70,70],"card_choices":[{"not_picked":["All Out Attack","Predator"],"picked":"Slice","floor":1},{"not_picked":["Cloak And Dagger","Skewer"],"picked":"Underhanded Strike","floor":3},{"not_picked":["Reflex","Accuracy"],"picked":"Escape Plan","floor":5},{"not_picked":["Distraction","Choke"],"picked":"Heel Hook","floor":7},{"not_picked":["Bouncing Flask","Wraith Form v2"],"picked":"Prepared","floor":8},{"not_picked":["Well Laid Plans","Acrobatics"],"picked":"Slice","floor":10},{"not_picked":["Outmaneuver","Deflect"],"picked":"Slice","floor":14},{"not_picked":["Wraith Form v2","Phantasmal Killer"],"picked":"A Thousand Cuts","floor":16},{"not_picked":["Dagger Spray","Sucker Punch"],"picked":"Dagger Throw+1","floor":18},{"not_picked":["Blade Dance+1","Dodge and Roll"],"picked":"Cloak And Dagger","floor":22},{"not_picked":["Dagger Spray","Accuracy"],"picked":"Slice+1","floor":24},{"not_picked":["Dagger Spray+1","Calculated Gamble"],"picked":"Acrobatics+1","floor":27},{"not_picked":["Caltrops","Dagger Spray"],"picked":"Backstab+1","floor":28},{"not_picked":["Flechettes","Dodge and Roll"],"picked":"Prepared","floor":29},{"not_picked":["Terror","All Out Attack"],"picked":"Outmaneuver+1","floor":31},{"not_picked":["Burst","Venomology"],"picked":"Phantasmal Killer","floor":33},{"not_picked":[],"picked":"Noxious Fumes+1","floor":35},{"not_picked":[],"picked":"Sucker Punch","floor":37},{"not_picked":["Flying Knee"],"picked":"SKIP","floor":39},{"not_picked":["Catalyst"],"picked":"SKIP","floor":40},{"not_picked":["PiercingWail"],"picked":"SKIP","floor":41},{"not_picked":[],"picked":"Noxious Fumes+1","floor":44},{"not_picked":["Flying Knee"],"picked":"SKIP","floor":45},{"not_picked":["Deflect+1"],"picked":"SKIP","floor":47},{"not_picked":["Footwork"],"picked":"SKIP","floor":48}],"player_experience":47869,"relics_obtained":[{"floor":8,"key":"Sundial"},{"floor":9,"key":"Mummified Hand"},{"floor":10,"key":"Odd Mushroom"},{"floor":24,"key":"War Paint"},{"floor":26,"key":"Anchor"},{"floor":41,"key":"Vajra"},{"floor":43,"key":"PreservedInsect"}],"event_choices":[{"cards_removed":["Strike_G"],"damage_healed":0,"gold_gain":0,"player_choice":"Purged","damage_taken":0,"max_hp_gain":0,"max_hp_loss":0,"event_name":"Purifier","floor":4,"gold_loss":0},{"damage_healed":0,"gold_gain":0,"player_choice":"Fought Mushrooms","damage_taken":0,"max_hp_gain":0,"max_hp_loss":0,"event_name":"Mushrooms","floor":10,"gold_loss":0},{"damage_healed":0,"gold_gain":0,"cards_transformed":["Defend_G"],"player_choice":"Change","damage_taken":0,"max_hp_gain":0,"max_hp_loss":0,"event_name":"Living Wall","floor":11,"gold_loss":0,"cards_obtained":["Dash"]},{"cards_removed":["Strike_G"],"damage_healed":0,"gold_gain":0,"player_choice":"Card Removal","damage_taken":0,"max_hp_gain":0,"max_hp_loss":0,"event_name":"The Cleric","floor":13,"gold_loss":50},{"damage_healed":0,"gold_gain":0,"player_choice":"Paid Fearfully","damage_taken":0,"max_hp_gain":0,"max_hp_loss":0,"event_name":"Masked Bandits","floor":20,"gold_loss":21},{"damage_healed":0,"gold_gain":0,"player_choice":"Simplicity","damage_taken":0,"max_hp_gain":0,"max_hp_loss":0,"event_name":"Back to Basics","floor":21,"gold_loss":0,"cards_upgraded":["Defend_G","Defend_G","Defend_G","Defend_G","Strike_G","Strike_G","Strike_G"]},{"damage_healed":0,"gold_gain":0,"player_choice":"Ignored","damage_taken":0,"max_hp_gain":0,"max_hp_loss":0,"event_name":"Mysterious Sphere","floor":36,"gold_loss":0}],"is_beta":false,"boss_relics":[{"not_picked":["Coffee Dripper","Velvet Choker"],"picked":"Philosopher\u0027s Stone"},{"not_picked":["Eternal Feather","Calling Bell"],"picked":"Busted Crown"}],"items_purged_floors":[38],"is_endless":false,"potions_floor_spawned":[1,7,16,22,27,31,35,44,45,47,48],"killed_by":"Time Eater","ascension_level":0}