{"gold_per_floor":[114,130,130,20,31,64,76,88,146,158,200,164,59,73,73,178,178,190,140,140,156,3,3,17,30,30,30,56,67,94,94,94,94],"floor_reached":33,"playtime":2011,"items_purged":["Defend_R","Pain"],"score":298,"play_id":"18172f86-e350-463f-9cb2-68913ba6de49","local_time":"20190227225015","is_ascension_mode":false,"campfire_choices":[{"data":"Spot Weakness","floor":7,"key":"SMITH"},{"data":"Twin Strike","floor":10,"key":"SMITH"},{"data":"Bash","floor":15,"key":"SMITH"},{"floor":23,"key":"REST"},{"data":"Twin Strike","floor":27,"key":"SMITH"},{"data":"RitualDagger","floor":32,"key":"SMITH"}],"neow_cost":"NONE","seed_source_timestamp":943907893391200,"circlet_count":0,"master_deck":["Strike_R","Strike_R","Strike_R","Strike_R","Strike_R","Defend_R","Defend_R","Defend_R","Bash+1","Headbutt","Perfected Strike+1","Metallicize","Twin Strike+1","Spot Weakness+1","Twin Strike","Iron Wave","Twin Strike","Shrug It Off","Battle Trance","Offering","Normality","Decay","Cleave","Twin Strike+1","Twin Strike+1","Inflame+1","Clothesline+1","Battle Trance","RitualDagger+1"],"relics":["Burning Blood","MawBank","Regal Pillow","Bag of Marbles","Paper Frog","Calling Bell","Juzu Bracelet","Mummified Hand","Gambling Chip","Meat on the Bone","Happy Flower","Vajra"],"potions_floor_usage":[24],"damage_taken":[{"damage":7,"enemies":"Small Slimes","floor":1,"turns":4},{"damage":5,"enemies":"Cultist","floor":2,"turns":4},{"damage":5,"enemies":"2 Louse","floor":5,"turns":2},{"damage":11,"enemies":"Gremlin Nob","floor":6,"turns":3},{"damage":24,"enemies":"3 Sentries","floor":11,"turns":4},{"damage":1,"enemies":"Exordium Thugs","floor":14,"turns":3},{"damage":36,"enemies":"The Guardian","floor":16,"turns":6},{"damage":5,"enemies":"Spheric Guardian","floor":18,"turns":3},{"damage":27,"enemies":"3 Byrds","floor":21,"turns":5},{"damage":12,"enemies":"Centurion and Healer","floor":24,"turns":3},{"damage":10,"enemies":"Cultist and Chosen","floor":25,"turns":3},{"damage":23,"enemies":"3 Cultists","floor":29,"turns":4},{"damage":20,"enemies":"Book of Stabbing","floor":30,"turns":4},{"damage":57,"enemies":"Champ","floor":33,"turns":5}],"seed_played":"-8526048318845637463","potions_obtained":[{"floor":1,"key":"Explosive Potion"},{"floor":11,"key":"Dexterity Potion"},{"floor":16,"key":"Strength Potion"},{"floor":25,"key":"BloodPotion"},{"floor":30,"key":"Fire Potion"}],"is_trial":false,"path_per_floor":["M","M","?","$","M","E","R","?","T","R","E","$","$","M","R","B",null,"M","?","?","M","$","R","M","M","T","R","T","M","E","?","R","B"],"character_chosen":"IRONCLAD","items_purchased":["Metallicize","Iron Wave","Twin Strike","Shrug It Off","Twin Strike"],"campfire_rested":1,"item_purchase_floors":[4,12,13,13,22],"current_hp_per_floor":[87,88,88,88,88,83,83,65,65,65,47,47,47,52,52,22,88,88,88,88,67,67,88,82,78,78,78,78,61,59,53,53,0],"gold":94,"neow_bonus":"TEN_PERCENT_HP_BONUS","is_prod":false,"is_daily":false,"chose_seed":false,"campfire_upgraded":5,"win_rate":0,"timestamp":1551329415,"path_taken":["M","M","?","?","?","E","R","?","T","R","E","?","$","M","R","BOSS","M","?","?","M","$","R","M","M","T","R","?","M","E","?","R","BOSS"],"build_version":"2019-01-23","purchased_purges":2,"victory":false,"max_hp_per_floor":[88,88,88,88,88,88,88,88,88,88,88,88,88,88,88,88,88,88,88,88,88,88,88,88,88,88,88,88,88,88,88,88,88],"card_choices":[{"not_picked":["Shockwave","Pummel"],"picked":"Headbutt","floor":1},{"not_picked":["Armaments","Pommel Strike"],"picked":"Perfected Strike","floor":2},{"not_picked":["Bloodletting","Metallicize"],"picked":"Twin Strike","floor":5},{"not_picked":["Havoc","Rupture"],"picked":"Spot Weakness","floor":6},{"not_picked":["Disarm","Offering"],"picked":"Twin Strike","floor":11},{"not_picked":["Burning Pact","Heavy Blade"],"picked":"Battle Trance","floor":14},{"not_picked":["Juggernaut","Exhume"],"picked":"Offering","floor":16},{"not_picked":["Corruption","Anger"],"picked":"Cleave","floor":18},{"not_picked":["Iron Wave","Clothesline"],"picked":"Twin Strike+1","floor":21},{"not_picked":["Warcry","Reckless Charge"],"picked":"Inflame+1","floor":24},{"not_picked":["Cleave","Armaments","Rupture"],"picked":"SKIP","floor":25},{"not_picked":["Exhume","Cleave"],"picked":"Clothesline+1","floor":29},{"not_picked":["Twin Strike","Searing Blow"],"picked":"Battle Trance","floor":30}],"player_experience":74545,"relics_obtained":[{"floor":6,"key":"MawBank"},{"floor":9,"key":"Bag of Marbles"},{"floor":11,"key":"Paper Frog"},{"floor":17,"key":"Juzu Bracelet"},{"floor":17,"key":"Mummified Hand"},{"floor":17,"key":"Gambling Chip"},{"floor":26,"key":"Meat on the Bone"},{"floor":28,"key":"Happy Flower"},{"floor":30,"key":"Vajra"}],"event_choices":[{"damage_healed":0,"gold_gain":0,"player_choice":"Upgraded","damage_taken":0,"max_hp_gain":0,"max_hp_loss":0,"event_name":"Upgrade Shrine","floor":3,"gold_loss":0,"cards_upgraded":["Perfected Strike"]},{"damage_healed":0,"gold_gain":0,"player_choice":"Success","damage_taken":18,"relics_obtained":["Regal Pillow"],"max_hp_gain":0,"max_hp_loss":0,"event_name":"Scrap Ooze","floor":8,"gold_loss":0},{"damage_healed":0,"gold_gain":0,"player_choice":"Bet on Owner","damage_taken":0,"max_hp_gain":0,"max_hp_loss":0,"event_name":"The Joust","floor":19,"gold_loss":50},{"damage_healed":0,"gold_gain":0,"player_choice":"Bought 0 Potions","damage_taken":0,"max_hp_gain":0,"max_hp_loss":0,"event_name":"The Woman in Blue","floor":20,"gold_loss":0},{"damage_healed":0,"gold_gain":0,"player_choice":"Joined the Cult","damage_taken":6,"max_hp_gain":0,"max_hp_loss":0,"event_name":"Nest","floor":31,"gold_loss":0,"cards_obtained":["RitualDagger"]}],"is_beta":false,"boss_relics":[{"not_picked":["Busted Crown","Runic Dome"],"picked":"Calling Bell"}],"items_purged_floors":[4,22],"is_endless":false,"potions_floor_spawned":[1,11,16,18,25,30],"killed_by":"Champ","ascension_level":0}