{"gold_per_floor":[113,124,199,199,55,55,84,97,120,20,47,47,81,91,91,186,186,196,44,63,63],"floor_reached":21,"playtime":1624,"items_purged":["Defend_R","Strike_R","Strike_R"],"score":227,"play_id":"504037c6-e215-4b71-a0fe-0b2c64778929","local_time":"20190415173651","is_ascension_mode":true,"campfire_choices":[{"data":"Armaments","floor":6,"key":"SMITH"},{"floor":12,"key":"REST"},{"data":"Uppercut","floor":15,"key":"SMITH"}],"neow_cost":"NONE","seed_source_timestamp":3557878220210977,"circlet_count":0,"master_deck":["Strike_R","Strike_R","Strike_R","Defend_R","Defend_R","Defend_R","Bash","Armaments+1","Warcry","Inflame","Immolate","Ghostly Armor","Uppercut+1","Reaper","Body Slam+1","True Grit","True Grit"],"relics":["Burning Blood","Omamori","Regal Pillow","Pocketwatch","Shuriken","Runic Cube"],"potions_floor_usage":[11,16],"damage_taken":[{"damage":8,"enemies":"Jaw Worm","floor":1,"turns":4},{"damage":5,"enemies":"2 Louse","floor":2,"turns":3},{"damage":64,"enemies":"3 Sentries","floor":7,"turns":13},{"damage":1,"enemies":"Cultist","floor":8,"turns":3},{"damage":21,"enemies":"Lagavulin","floor":11,"turns":6},{"damage":26,"enemies":"Gremlin Nob","floor":13,"turns":4},{"damage":7,"enemies":"Lots of Slimes","floor":14,"turns":2},{"damage":18,"enemies":"The Guardian","floor":16,"turns":9},{"damage":57,"enemies":"3 Byrds","floor":18,"turns":5},{"damage":40,"enemies":"Chosen","floor":20,"turns":5},{"damage":13,"enemies":"Centurion and Healer","floor":21,"turns":4}],"seed_played":"3224777693556421825","potions_obtained":[{"floor":7,"key":"Regen Potion"},{"floor":13,"key":"Strength Potion"},{"floor":14,"key":"LiquidBronze"},{"floor":16,"key":"SteroidPotion"},{"floor":20,"key":"GamblersBrew"}],"is_trial":false,"path_per_floor":["M","M","?","?","$","R","E","M","T","$","E","R","E","M","R","B",null,"M","$","M","M"],"character_chosen":"IRONCLAD","items_purchased":["Inflame","True Grit"],"campfire_rested":1,"item_purchase_floors":[5,19],"current_hp_per_floor":[86,87,76,76,76,76,18,23,23,23,20,61,41,40,40,28,88,43,43,15,10],"gold":63,"neow_bonus":"TEN_PERCENT_HP_BONUS","is_prod":false,"is_daily":false,"chose_seed":false,"campfire_upgraded":2,"win_rate":0,"timestamp":1555364211,"path_taken":["M","M","?","?","$","R","E","?","T","$","E","R","E","M","R","BOSS","M","$","M","?"],"build_version":"2019-01-23","purchased_purges":3,"victory":false,"max_hp_per_floor":[88,88,88,88,88,88,88,88,88,88,88,88,88,88,88,88,88,88,88,88,88],"card_choices":[{"not_picked":["Flex","Metallicize"],"picked":"Armaments","floor":1},{"not_picked":["Clash","Sever Soul"],"picked":"Warcry","floor":2},{"not_picked":["Blood for Blood","Sword Boomerang","Armaments"],"picked":"SKIP","floor":7},{"not_picked":["Havoc","Cleave"],"picked":"Immolate","floor":8},{"not_picked":["Intimidate","Rage"],"picked":"Ghostly Armor","floor":11},{"not_picked":["Twin Strike","Blood for Blood"],"picked":"Uppercut","floor":13},{"not_picked":["Clothesline","Sentinel","Armaments"],"picked":"SKIP","floor":14},{"not_picked":["Offering","Exhume"],"picked":"Reaper","floor":16},{"not_picked":["Iron Wave","Cleave"],"picked":"Body Slam+1","floor":18},{"not_picked":["Warcry","Corruption"],"picked":"True Grit","floor":20}],"player_experience":96348,"relics_obtained":[{"floor":7,"key":"Omamori"},{"floor":9,"key":"Regal Pillow"},{"floor":11,"key":"Pocketwatch"},{"floor":13,"key":"Shuriken"}],"event_choices":[{"damage_healed":0,"gold_gain":75,"player_choice":"Gather Gold","damage_taken":11,"max_hp_gain":0,"max_hp_loss":0,"event_name":"World of Goop","floor":3,"gold_loss":0},{"damage_healed":0,"gold_gain":0,"player_choice":"Bought 0 Potions","damage_taken":0,"max_hp_gain":0,"max_hp_loss":0,"event_name":"The Woman in Blue","floor":4,"gold_loss":0}],"is_beta":false,"boss_relics":[{"not_picked":["Fusion Hammer","Runic Pyramid"],"picked":"Runic Cube"}],"items_purged_floors":[5,10,19],"is_endless":false,"potions_floor_spawned":[7,13,14,16,20],"killed_by":"Centurion and Healer","ascension_level":3}