{"gold_per_floor":[114,134,154,154,170,170,195,195,195,209,220,234,69,69,69,69],"floor_reached":16,"playtime":911,"items_purged":["Strike_G"],"score":208,"play_id":"c56c464f-e8d2-42da-a09d-16b5b6b26f37","local_time":"20190517201103","is_ascension_mode":true,"campfire_choices":[{"data":"Quick Slash","floor":6.0,"key":"SMITH"},{"data":"Survivor","floor":8.0,"key":"SMITH"},{"floor":15.0,"key":"REST"}],"neow_cost":"NONE","seed_source_timestamp":278967648273316,"circlet_count":0,"master_deck":["AscendersBane","Defend_G","Defend_G","Defend_G","Defend_G","Defend_G","Strike_G","Strike_G","Strike_G","Strike_G","Survivor+1","Neutralize+1","Flying Knee","Endless Agony","Quick Slash+1","Footwork","Choke","Leg Sweep","Die Die Die","Caltrops"],"special_seed":0,"relics":["Ring of the Snake","Potion Belt","Pocketwatch","Paper Crane","Blue Candle"],"potions_floor_usage":[16],"damage_taken":[{"damage":2.0,"enemies":"Small Slimes","floor":1.0,"turns":6.0},{"damage":0.0,"enemies":"2 Louse","floor":2.0,"turns":4.0},{"damage":0.0,"enemies":"Cultist","floor":3.0,"turns":4.0},{"damage":7.0,"enemies":"Large Slime","floor":5.0,"turns":9.0},{"damage":24.0,"enemies":"Gremlin Nob","floor":7.0,"turns":4.0},{"damage":9.0,"enemies":"Red Slaver","floor":10.0,"turns":4.0},{"damage":0.0,"enemies":"Gremlin Gang","floor":11.0,"turns":5.0},{"damage":0.0,"enemies":"Exordium Wildlife","floor":12.0,"turns":3.0},{"damage":40,"enemies":"Slime Boss","floor":16,"turns":10}],"seed_played":"-5529203789686633931","potions_obtained":[{"floor":3.0,"key":"Swift Potion"},{"floor":10.0,"key":"SkillPotion"}],"is_trial":false,"path_per_floor":["M","M","M","?","M","R","E","R","T","M","M","M","$","?","R","B"],"character_chosen":"THE_SILENT","items_purchased":["Caltrops"],"campfire_rested":1,"item_purchase_floors":[13],"current_hp_per_floor":[57,57,57,57,50,50,26,26,26,17,17,17,17,6,25,0],"gold":69,"neow_bonus":"RANDOM_COMMON_RELIC","is_prod":false,"is_daily":false,"chose_seed":false,"campfire_upgraded":2,"win_rate":0,"timestamp":1558138263,"path_taken":["M","M","M","?","M","R","E","R","T","M","M","M","$","?","R","BOSS"],"build_version":"2019-01-23","purchased_purges":1,"victory":false,"max_hp_per_floor":[66,66,66,66,66,66,66,66,66,66,66,66,66,66,66,66],"card_choices":[{"not_picked":["Caltrops","Blade Dance"],"picked":"Flying Knee","floor":1.0},{"not_picked":["Slice","Storm of Steel"],"picked":"Endless Agony","floor":2.0},{"not_picked":["Prepared","Heel Hook"],"picked":"Quick Slash","floor":3.0},{"not_picked":["Blur","Backflip"],"picked":"Footwork","floor":5.0},{"not_picked":["Escape Plan","Deflect"],"picked":"Choke","floor":7.0},{"not_picked":["Underhanded Strike","Slice"],"picked":"Leg Sweep","floor":10.0},{"not_picked":["Catalyst","Bane","Acrobatics"],"picked":"SKIP","floor":11.0},{"not_picked":["All Out Attack","Catalyst"],"picked":"Die Die Die","floor":12.0}],"player_experience":692511,"relics_obtained":[{"floor":7.0,"key":"Pocketwatch"},{"floor":9.0,"key":"Paper Crane"}],"event_choices":[{"damage_healed":0.0,"max_hp_gain":0.0,"max_hp_loss":0.0,"gold_gain":0.0,"event_name":"Living Wall","player_choice":"Grow","floor":4.0,"gold_loss":0.0,"damage_taken":0.0,"cards_upgraded":["Neutralize"]},{"damage_healed":0.0,"max_hp_gain":0.0,"max_hp_loss":0.0,"gold_gain":0.0,"event_name":"Scrap Ooze","player_choice":"Success","floor":14.0,"gold_loss":0.0,"damage_taken":11.0,"relics_obtained":["Blue Candle"]}],"is_beta":false,"boss_relics":[],"items_purged_floors":[13],"is_endless":false,"potions_floor_spawned":[3,10],"killed_by":"Slime Boss","ascension_level":20}