{"gold_per_floor":[115,128,53,53,103,134,134,163,163,173,203,220,220],"floor_reached":13,"playtime":660,"items_purged":["Defend_B"],"score":256,"play_id":"8e24744e-981a-4fd5-a981-c26ef0ddd0bb","local_time":"20190515142940","is_ascension_mode":true,"campfire_choices":[{"data":"Zap","floor":7,"key":"SMITH"}],"neow_cost":"NONE","seed_source_timestamp":86117039950436,"circlet_count":0,"master_deck":["AscendersBane","Strike_B","Strike_B","Strike_B","Strike_B","Defend_B","Defend_B","Defend_B+1","Zap+1","Dualcast","Reinforced Body+1","Defragment","Machine Learning","Compile Driver","Compile Driver","Sweeping Beam"],"relics":["Cracked Core","NeowsBlessing","Mango","War Paint","Pantograph","Happy Flower"],"potions_floor_usage":[8,8,13],"damage_taken":[{"damage":0,"enemies":"Small Slimes","floor":1,"turns":1},{"damage":0,"enemies":"2 Louse","floor":2,"turns":1},{"damage":0,"enemies":"3 Sentries","floor":6,"turns":1},{"damage":35,"enemies":"Lagavulin","floor":8,"turns":6},{"damage":0,"enemies":"Cultist","floor":10,"turns":3},{"damage":34,"enemies":"3 Sentries","floor":11,"turns":9},{"damage":6,"enemies":"Looter","floor":12,"turns":3},{"damage":12,"enemies":"Exordium Wildlife","floor":13,"turns":1}],"seed_played":"152334020430449509","potions_obtained":[{"floor":2,"key":"Block Potion"},{"floor":6,"key":"Energy Potion"},{"floor":10,"key":"SpeedPotion"}],"is_trial":false,"path_per_floor":["M","M","$","?","?","E","R","E","T","M","E","M","M"],"character_chosen":"DEFECT","items_purchased":[],"campfire_rested":0,"item_purchase_floors":[],"current_hp_per_floor":[64,64,64,64,64,78,78,43,43,43,9,3,0],"gold":220,"neow_bonus":"THREE_ENEMY_KILL","is_prod":false,"is_daily":false,"chose_seed":false,"campfire_upgraded":1,"win_rate":0,"timestamp":1557944980,"path_taken":["M","M","$","?","?","E","R","E","T","M","E","M","M"],"build_version":"2019-01-23","purchased_purges":1,"victory":false,"max_hp_per_floor":[71,71,71,71,71,85,85,85,85,85,85,85,85],"card_choices":[{"not_picked":["Gash","Go for the Eyes"],"picked":"Reinforced Body","floor":1},{"not_picked":["Redo","Tempest"],"picked":"Defragment","floor":2},{"not_picked":["Capacitor","Turbo"],"picked":"Machine Learning","floor":6},{"not_picked":["BootSequence","Turbo"],"picked":"Compile Driver","floor":8},{"not_picked":["Consume","Conserve Battery","Rebound"],"picked":"SKIP","floor":10},{"not_picked":["Consume","Conserve Battery","Rebound"],"picked":"SKIP","floor":10},{"not_picked":["Beam Cell","Turbo"],"picked":"Compile Driver","floor":11},{"not_picked":["Rainbow","Conserve Battery"],"picked":"Sweeping Beam","floor":12}],"player_experience":646900,"relics_obtained":[{"floor":6,"key":"Mango"},{"floor":8,"key":"War Paint"},{"floor":9,"key":"Pantograph"},{"floor":11,"key":"Happy Flower"}],"event_choices":[{"damage_healed":0,"gold_gain":0,"player_choice":"Ignored","damage_taken":0,"max_hp_gain":0,"max_hp_loss":0,"event_name":"Liars Game","floor":4,"gold_loss":0},{"damage_healed":0,"gold_gain":50,"player_choice":"Pray","damage_taken":0,"max_hp_gain":0,"max_hp_loss":0,"event_name":"Golden Shrine","floor":5,"gold_loss":0}],"is_beta":false,"boss_relics":[],"items_purged_floors":[3],"is_endless":false,"potions_floor_spawned":[2,6,10],"killed_by":"Exordium Wildlife","ascension_level":20}