{"gold_per_floor":[115,40,40,115,115,115,147,163,187,218,230,250,250,250,250,326,326,338,4,4,19,19,47,47,72,72,72,87,87,100,134,134,207,207,218,47,47,62,72,72],"floor_reached":40,"playtime":2220,"items_purged":["Strike_B"],"score":954,"play_id":"fcb3701c-ef00-4d6f-a683-6cfd642fa272","local_time":"20190515004233","is_ascension_mode":true,"campfire_choices":[{"data":"Zap","floor":6.0,"key":"SMITH"},{"data":"Doom and Gloom","floor":13.0,"key":"SMITH"},{"floor":15.0,"key":"REST"},{"data":"Creative AI","floor":24.0,"key":"SMITH"},{"data":"Machine Learning","floor":27.0,"key":"SMITH"},{"data":"Heatsinks","floor":29.0,"key":"SMITH"},{"data":"Force Field","floor":32.0,"key":"SMITH"}],"neow_cost":"NONE","seed_source_timestamp":34696062513700,"circlet_count":0,"master_deck":["AscendersBane","Strike_B+1","Strike_B+1","Defend_B+1","Defend_B","Defend_B","Zap+1","Dualcast","Ball Lightning+1","Machine Learning+1","Conserve Battery","Static Discharge","Beam Cell+1","Doom and Gloom+1","Creative AI+1","Heatsinks+1","Compile Driver","Coolheaded","Force Field+1","Steam","Storm","Glacier+1","Darkness+1","Thunder Strike","Go for the Eyes+1","Coolheaded"],"special_seed":0,"relics":["Cracked Core","NeowsBlessing","Bird Faced Urn","Whetstone","Happy Flower","Cursed Key","Bag of Marbles","Nunchaku","Calipers","Ancient Tea Set","Busted Crown","Orichalcum"],"potions_floor_usage":[40,40],"damage_taken":[{"damage":0.0,"enemies":"Small Slimes","floor":1.0,"turns":1.0},{"damage":0.0,"enemies":"3 Sentries","floor":7.0,"turns":1.0},{"damage":0.0,"enemies":"Jaw Worm","floor":8.0,"turns":1.0},{"damage":23.0,"enemies":"Lagavulin","floor":10.0,"turns":5.0},{"damage":0.0,"enemies":"2 Louse","floor":11.0,"turns":1.0},{"damage":1.0,"enemies":"Looter","floor":12.0,"turns":3.0},{"damage":21.0,"enemies":"The Guardian","floor":16.0,"turns":9.0},{"damage":1.0,"enemies":"Spheric Guardian","floor":18.0,"turns":3.0},{"damage":17.0,"enemies":"3 Byrds","floor":21.0,"turns":3.0},{"damage":38.0,"enemies":"Book of Stabbing","floor":23.0,"turns":4.0},{"damage":25.0,"enemies":"Gremlin Leader","floor":25.0,"turns":5.0},{"damage":5.0,"enemies":"Cultist and Chosen","floor":28.0,"turns":4.0},{"damage":2.0,"enemies":"Shelled Parasite and Fungi","floor":30.0,"turns":10.0},{"damage":40.0,"enemies":"Book of Stabbing","floor":31.0,"turns":6.0},{"damage":33.0,"enemies":"Collector","floor":33.0,"turns":8.0},{"damage":8.0,"enemies":"3 Darklings","floor":35.0,"turns":5.0},{"damage":7.0,"enemies":"Orb Walker","floor":38.0,"turns":4.0},{"damage":31.0,"enemies":"Spire Growth","floor":39.0,"turns":5.0},{"damage":83,"enemies":"Reptomancer","floor":40,"turns":4}],"seed_played":"4365952335431288285","potions_obtained":[{"floor":10.0,"key":"Poison Potion"},{"floor":11.0,"key":"Ancient Potion"},{"floor":16.0,"key":"Energy Potion"},{"floor":25.0,"key":"SkillPotion"},{"floor":28.0,"key":"EssenceOfSteel"},{"floor":35.0,"key":"Regen Potion"},{"floor":39.0,"key":"Block Potion"}],"is_trial":false,"path_per_floor":["M","?","?","?","?","R","E","M","T","E","M","M","R","?","R","B",null,"M","$","?","M","?","E","R","E","T","R","M","R","M","E","R","B",null,"M","$","?","M","M","E"],"character_chosen":"DEFECT","items_purchased":["Bag of Marbles","Heatsinks","Compile Driver","Orichalcum"],"campfire_rested":1,"item_purchase_floors":[19,19,19,36],"current_hp_per_floor":[64,64,64,53,58,58,58,58,58,37,39,42,42,19,41,24,63,66,66,66,53,68,46,46,33,33,33,34,34,74,46,46,41,67,73,73,73,76,55,0],"gold":72,"neow_bonus":"THREE_ENEMY_KILL","is_prod":false,"is_daily":false,"chose_seed":false,"campfire_upgraded":6,"win_rate":0,"timestamp":1557895353,"path_taken":["M","?","?","?","?","R","E","M","T","E","M","M","R","?","R","BOSS","M","$","?","M","?","E","R","E","T","R","M","R","M","E","R","BOSS","M","$","?","?","M","E"],"build_version":"2019-01-23","purchased_purges":1,"victory":false,"max_hp_per_floor":[71,71,71,71,76,76,76,76,76,76,76,76,76,76,76,76,76,76,76,76,76,76,76,76,76,76,76,76,76,76,76,76,76,76,76,76,76,76,76,76],"card_choices":[{"not_picked":["Steam","Storm"],"picked":"Ball Lightning","floor":1.0},{"not_picked":["Barrage","Stack"],"picked":"Machine Learning","floor":7.0},{"not_picked":["Rip and Tear","Heatsinks"],"picked":"Conserve Battery","floor":8.0},{"not_picked":["Go for the Eyes","Hologram"],"picked":"Static Discharge","floor":10.0},{"not_picked":["Turbo","Hologram"],"picked":"Beam Cell","floor":11.0},{"not_picked":["Melter","Streamline"],"picked":"Doom and Gloom","floor":12.0},{"not_picked":["Buffer","Amplify"],"picked":"Creative AI","floor":16.0},{"not_picked":["Ball Lightning","Gash","White Noise"],"picked":"SKIP","floor":18.0},{"not_picked":["Go for the Eyes","Turbo"],"picked":"Coolheaded","floor":21.0},{"not_picked":["Coolheaded","Sunder"],"picked":"Force Field","floor":23.0},{"not_picked":["Hyperbeam","Beam Cell"],"picked":"Steam","floor":25.0},{"not_picked":["Hello World","Steam"],"picked":"Storm","floor":28.0},{"not_picked":["Ball Lightning","Cold Snap"],"picked":"Glacier+1","floor":30.0},{"not_picked":["Cold Snap","Scrape+1"],"picked":"Darkness+1","floor":31.0},{"not_picked":["Buffer","Biased Cognition"],"picked":"Thunder Strike","floor":33.0},{"not_picked":["Turbo"],"picked":"SKIP","floor":35.0},{"not_picked":[],"picked":"Go for the Eyes+1","floor":38.0},{"not_picked":[],"picked":"Coolheaded","floor":39.0}],"player_experience":637292,"relics_obtained":[{"floor":7.0,"key":"Bird Faced Urn"},{"floor":9.0,"key":"Whetstone"},{"floor":10.0,"key":"Happy Flower"},{"floor":23.0,"key":"Nunchaku"},{"floor":25.0,"key":"Calipers"},{"floor":31.0,"key":"Ancient Tea Set"}],"event_choices":[{"cards_removed":["Strike_B"],"damage_healed":0.0,"max_hp_gain":0.0,"max_hp_loss":0.0,"gold_gain":0.0,"event_name":"The Cleric","player_choice":"Card Removal","floor":2.0,"gold_loss":75.0,"damage_taken":0.0},{"damage_healed":0.0,"max_hp_gain":0.0,"max_hp_loss":0.0,"gold_gain":0.0,"event_name":"Living Wall","player_choice":"Grow","floor":3.0,"gold_loss":0.0,"damage_taken":0.0,"cards_upgraded":["Ball Lightning"]},{"damage_healed":0.0,"max_hp_gain":0.0,"max_hp_loss":0.0,"gold_gain":75.0,"event_name":"World of Goop","player_choice":"Gather Gold","floor":4.0,"gold_loss":0.0,"damage_taken":11.0},{"damage_healed":0.0,"max_hp_gain":5.0,"max_hp_loss":0.0,"gold_gain":0.0,"event_name":"Big Fish","player_choice":"Donut","floor":5.0,"gold_loss":0.0,"damage_taken":0.0},{"damage_healed":0.0,"max_hp_gain":0.0,"max_hp_loss":0.0,"gold_gain":0.0,"event_name":"Shining Light","player_choice":"Entered Light","floor":14.0,"gold_loss":0.0,"damage_taken":23.0,"cards_upgraded":["Defend_B","Beam Cell"]},{"damage_healed":0.0,"max_hp_gain":0.0,"max_hp_loss":0.0,"gold_gain":0.0,"event_name":"Ghosts","player_choice":"Ignored","floor":20.0,"gold_loss":0.0,"damage_taken":0.0},{"damage_healed":15.0,"max_hp_gain":0.0,"max_hp_loss":0.0,"gold_gain":0.0,"event_name":"The Library","player_choice":"Heal","floor":22.0,"gold_loss":0.0,"damage_taken":0.0},{"cards_removed":["Defend_B"],"damage_healed":0.0,"max_hp_gain":0.0,"max_hp_loss":0.0,"gold_gain":0.0,"event_name":"Purifier","player_choice":"Purged","floor":37.0,"gold_loss":0.0,"damage_taken":0.0}],"is_beta":false,"boss_relics":[{"not_picked":["Runic Dome","Eternal Feather"],"picked":"Cursed Key"},{"not_picked":["Astrolabe","Sozu"],"picked":"Busted Crown"}],"items_purged_floors":[19],"is_endless":false,"potions_floor_spawned":[10,11,16,18,25,28,35,39],"killed_by":"Reptomancer","ascension_level":20}