{"gold_per_floor":[112,112,112,126,146,146,179,179,179,31,31,49,81,92,92,164,164,174,194,205,27,44,59,119,119,119,144,160,160,185,195,195,269,269,289,289,289,314,246,246,258,258,312,365,365,382,382,25,25,25],"floor_reached":51,"playtime":3815,"items_purged":["Strike_B"],"score":1276,"play_id":"624803da-df67-4726-a7a3-da43e9072c89","local_time":"20190514134354","is_ascension_mode":true,"campfire_choices":[{"data":"Melter","floor":6.0,"key":"SMITH"},{"floor":11,"key":"REST"},{"data":"Coolheaded","floor":15,"key":"SMITH"},{"floor":25,"key":"REST"},{"floor":29,"key":"RECALL"},{"floor":32,"key":"REST"},{"floor":40,"key":"REST"},{"floor":42,"key":"REST"},{"floor":45,"key":"REST"},{"floor":47,"key":"REST"},{"floor":49,"key":"REST"}],"neow_cost":"NONE","seed_source_timestamp":845700009672710,"circlet_count":0,"master_deck":["AscendersBane","Strike_B","Strike_B","Defend_B","Defend_B","Defend_B","Defend_B","Zap+1","Dualcast","Glacier","Cold Snap","Melter+1","Blizzard","Self Repair","Coolheaded+1","Beam Cell+1","Machine Learning","Compile Driver+1","Defragment+1","Genetic Algorithm","Coolheaded","Coolheaded+1","Sunder+1","FTL+1","Fission","Doom and Gloom+1","Blizzard+1","Go for the Eyes+1","Seek","Compile Driver+1","Dark Shackles","PanicButton","Madness","Consume","Hologram","Ball Lightning+1","Stack"],"special_seed":0,"relics":["Cracked Core","Incense Burner","Gremlin Horn","StoneCalendar","Molten Egg 2","Fusion Hammer","Bronze Scales","Tiny Chest","Symbiotic Virus","Meat on the Bone","Bag of Marbles","Inserter","Regal Pillow","Smiling Mask","Nunchaku","Emotion Chip"],"potions_floor_usage":[7,13,16,22,24,27,27,30,44,44,50,50],"damage_taken":[{"damage":0.0,"enemies":"Small Slimes","floor":1.0,"turns":3.0},{"damage":0.0,"enemies":"2 Louse","floor":4.0,"turns":2.0},{"damage":0.0,"enemies":"Cultist","floor":5.0,"turns":3.0},{"damage":12,"enemies":"Lagavulin","floor":7,"turns":7},{"damage":1,"enemies":"Large Slime","floor":12,"turns":7},{"damage":17,"enemies":"Gremlin Nob","floor":13,"turns":4},{"damage":6,"enemies":"Blue Slaver","floor":14,"turns":3},{"damage":9,"enemies":"Hexaghost","floor":16,"turns":10},{"damage":4,"enemies":"Chosen","floor":18,"turns":5},{"damage":5,"enemies":"Shell Parasite","floor":19,"turns":4},{"damage":18,"enemies":"Centurion and Healer","floor":20,"turns":6},{"damage":15,"enemies":"Shelled Parasite and Fungi","floor":22,"turns":6},{"damage":10,"enemies":"Chosen and Byrds","floor":23,"turns":7},{"damage":0,"enemies":"Gremlin Leader","floor":24,"turns":6},{"damage":8,"enemies":"Slavers","floor":27,"turns":7},{"damage":0,"enemies":"Centurion and Healer","floor":28,"turns":4},{"damage":2,"enemies":"Book of Stabbing","floor":30,"turns":5},{"damage":16,"enemies":"Shelled Parasite and Fungi","floor":31,"turns":7},{"damage":21,"enemies":"Collector","floor":33,"turns":9},{"damage":3,"enemies":"3 Darklings","floor":35,"turns":5},{"damage":0,"enemies":"3 Shapes","floor":41,"turns":4},{"damage":30,"enemies":"2 Orb Walkers","floor":44,"turns":4},{"damage":3,"enemies":"Sphere and 2 Shapes","floor":46,"turns":6},{"damage":13,"enemies":"Time Eater","floor":50,"turns":9}],"seed_played":"6918949245210666980","potions_obtained":[{"floor":4.0,"key":"Poison Potion"},{"floor":12,"key":"Explosive Potion"},{"floor":13,"key":"SkillPotion"},{"floor":16,"key":"Poison Potion"},{"floor":18,"key":"SteroidPotion"},{"floor":23,"key":"SkillPotion"},{"floor":24,"key":"FocusPotion"},{"floor":28,"key":"Block Potion"},{"floor":30,"key":"SteroidPotion"},{"floor":41,"key":"AttackPotion"},{"floor":44,"key":"PowerPotion"},{"floor":46,"key":"Dexterity Potion"}],"is_trial":false,"path_per_floor":["M","?","?","M","M","R","E","?","T","$","R","M","E","M","R","B",null,"M","M","M","$","M","M","E","R","T","E","M","R","E","M","R","B",null,"M","?","?","T","$","R","M","R","T","?","R","M","R","$","R","B",null],"character_chosen":"DEFECT","items_purchased":["Self Repair","Bronze Scales","Coolheaded","Consume","Emotion Chip","Stack"],"campfire_rested":8,"item_purchase_floors":[10,21,21,39,48,48],"current_hp_per_floor":[71,45,34,34,34,34,22,22,22,22,45,51,41,42,42,40,69,72,74,63,63,55,52,59,78,78,77,78,78,78,69,78,64,75,78,78,68,68,68,78,78,78,78,55,78,78,78,78,78,65],"gold":25,"neow_bonus":"TEN_PERCENT_HP_BONUS","is_prod":false,"is_daily":false,"chose_seed":false,"campfire_upgraded":2,"win_rate":0,"timestamp":1557855834,"path_taken":["M","?","?","M","?","R","E","?","T","$","R","M","E","M","R","BOSS","M","M","M","$","M","M","E","R","T","E","M","R","E","M","R","BOSS","M","?","?","?","$","R","?","R","T","?","R","M","R","$","R","BOSS"],"build_version":"2019-01-23","purchased_purges":1,"victory":true,"max_hp_per_floor":[78,78,78,78,78,78,78,78,78,78,78,78,78,78,78,78,78,78,78,78,78,78,78,78,78,78,78,78,78,78,78,78,78,78,78,78,78,78,78,78,78,78,78,78,78,78,78,78,78,78],"card_choices":[{"not_picked":["Steam","Hologram"],"picked":"Glacier","floor":1.0},{"not_picked":["Hologram","Scrape"],"picked":"Cold Snap","floor":4.0},{"not_picked":["Lockon","Consume"],"picked":"Melter","floor":5.0},{"not_picked":["Reboot","Chaos"],"picked":"Blizzard","floor":7},{"not_picked":["Rip and Tear","Stack"],"picked":"Coolheaded","floor":12},{"not_picked":["White Noise","Auto Shields","Self Repair"],"picked":"SKIP","floor":13},{"not_picked":["Rebound+1","Stack"],"picked":"Beam Cell+1","floor":14},{"not_picked":["Fission","Amplify"],"picked":"Machine Learning","floor":16},{"not_picked":["Leap","Force Field"],"picked":"Compile Driver+1","floor":18},{"not_picked":["Go for the Eyes+1","Turbo"],"picked":"Defragment+1","floor":19},{"not_picked":["Cold Snap+1","Leap"],"picked":"Genetic Algorithm","floor":20},{"not_picked":["White Noise","Streamline+1"],"picked":"Coolheaded+1","floor":22},{"not_picked":["Steam","Conserve Battery"],"picked":"Sunder+1","floor":23},{"not_picked":["Stack","Reboot"],"picked":"FTL+1","floor":24},{"not_picked":["Aggregate","Undo"],"picked":"Fission","floor":27},{"not_picked":["Melter+1","Rebound+1"],"picked":"Doom and Gloom+1","floor":28},{"not_picked":["Compile Driver+1","Rebound+1"],"picked":"Blizzard+1","floor":30},{"not_picked":["Compile Driver+1","Sweeping Beam+1"],"picked":"Go for the Eyes+1","floor":31},{"not_picked":["Electrodynamics","Biased Cognition"],"picked":"Seek","floor":33},{"not_picked":["Gash+1","Static Discharge"],"picked":"Compile Driver+1","floor":35},{"not_picked":["Madness","Panacea"],"picked":"Dark Shackles","floor":37},{"not_picked":["Impatience","Madness"],"picked":"PanicButton","floor":37},{"not_picked":["Discovery","Flash of Steel+1"],"picked":"Madness","floor":37},{"not_picked":["Recycle","Aggregate","Undo"],"picked":"SKIP","floor":41},{"not_picked":["Self Repair","Conserve Battery"],"picked":"Hologram","floor":44},{"not_picked":["Go for the Eyes+1","Sweeping Beam+1"],"picked":"Ball Lightning+1","floor":46}],"player_experience":608775,"relics_obtained":[{"floor":7,"key":"Gremlin Horn"},{"floor":9,"key":"StoneCalendar"},{"floor":13,"key":"Molten Egg 2"},{"floor":24,"key":"Tiny Chest"},{"floor":26,"key":"Symbiotic Virus"},{"floor":27,"key":"Meat on the Bone"},{"floor":30,"key":"Bag of Marbles"},{"floor":38,"key":"Regal Pillow"},{"floor":43,"key":"Smiling Mask"},{"floor":44,"key":"Nunchaku"}],"event_choices":[{"damage_healed":0.0,"max_hp_gain":0.0,"max_hp_loss":0.0,"gold_gain":0.0,"event_name":"Scrap Ooze","player_choice":"Success","floor":2.0,"gold_loss":0.0,"damage_taken":26.0,"relics_obtained":["Incense Burner"]},{"damage_healed":0.0,"max_hp_gain":0.0,"max_hp_loss":0.0,"gold_gain":0.0,"event_name":"Wheel of Change","player_choice":"Damaged","floor":3.0,"gold_loss":0.0,"damage_taken":11.0},{"damage_healed":0,"gold_gain":0,"player_choice":"Grow","damage_taken":0,"max_hp_gain":0,"max_hp_loss":0,"event_name":"Living Wall","floor":8,"gold_loss":0,"cards_upgraded":["Zap"]},{"cards_removed":["Strike_B"],"damage_healed":0,"gold_gain":0,"player_choice":"Removed Attack","damage_taken":0,"max_hp_gain":0,"max_hp_loss":0,"event_name":"Falling","floor":36,"gold_loss":0},{"damage_healed":0,"gold_gain":0,"player_choice":"Memory 3","damage_taken":10,"max_hp_gain":0,"max_hp_loss":0,"event_name":"SensoryStone","floor":37,"gold_loss":0},{"damage_healed":0,"gold_gain":0,"player_choice":"Fight","damage_taken":0,"max_hp_gain":0,"max_hp_loss":0,"event_name":"Mysterious Sphere","floor":44,"gold_loss":0}],"is_beta":false,"boss_relics":[{"not_picked":["Calling Bell","Orrery"],"picked":"Fusion Hammer"},{"not_picked":["Lizard Tail","Coffee Dripper"],"picked":"Inserter"}],"items_purged_floors":[10],"is_endless":false,"potions_floor_spawned":[4,12,13,16,18,23,24,28,30,41,44,46],"ascension_level":15}