{"gold_per_floor":[110,130,141,154,154,154,154,20,20,30,30,57,74,105,105,177,177,197,112,112,37,37,37,37,51,51,51,51,51,64,89,89,168,168,180,194,8,28,28,28,40,40,63,63,83,0,0,10,10,10,10],"floor_reached":52,"playtime":3904,"items_purged":["Strike_B","Strike_B"],"score":1860,"play_id":"6931aef7-883e-4a6a-8aca-381a74006b04","local_time":"20190522161337","is_ascension_mode":true,"campfire_choices":[{"data":"Compile Driver","floor":6.0,"key":"SMITH"},{"data":"Buffer","floor":11.0,"key":"SMITH"},{"data":"Coolheaded","floor":15.0,"key":"SMITH"},{"data":"Fission","floor":23.0,"key":"SMITH"},{"data":"Decay","floor":24.0,"key":"PURGE"},{"data":"Blizzard","floor":27.0,"key":"SMITH"},{"data":"Coolheaded","floor":28.0,"key":"SMITH"},{"data":"Hologram","floor":29.0,"key":"SMITH"},{"data":"Capacitor","floor":32.0,"key":"SMITH"},{"floor":40.0,"key":"REST"},{"data":"Sunder","floor":42.0,"key":"SMITH"},{"data":"Decay","floor":44.0,"key":"PURGE"},{"floor":49.0,"key":"REST"}],"neow_cost":"NONE","seed_source_timestamp":164260539948377,"circlet_count":0,"master_deck":["AscendersBane","Defend_B","Defend_B","Defend_B","Defend_B","Zap+1","Dualcast","Compile Driver+1","Genetic Algorithm","Cold Snap+1","Capacitor+1","Coolheaded+1","Buffer+1","Coolheaded+1","Fission+1","Blizzard+1","Hologram+1","FTL","FTL","Echo Form","Sunder+1","Go for the Eyes+1","Hologram+1","Amplify","Leap+1"],"special_seed":0,"relics":["Cracked Core","Bottled Flame","Peace Pipe","Nunchaku","Calipers","Nuclear Battery","WingedGreaves","Pear","Bottled Lightning","Cursed Key","Pen Nib","Red Mask"],"potions_floor_usage":[],"damage_taken":[{"damage":1.0,"enemies":"Cultist","floor":1.0,"turns":4.0},{"damage":0.0,"enemies":"2 Louse","floor":2.0,"turns":2.0},{"damage":0.0,"enemies":"Small Slimes","floor":3.0,"turns":2.0},{"damage":9.0,"enemies":"3 Louse","floor":4.0,"turns":4.0},{"damage":4.0,"enemies":"Large Slime","floor":10.0,"turns":6.0},{"damage":0.0,"enemies":"Lagavulin","floor":12.0,"turns":7.0},{"damage":11.0,"enemies":"Exordium Thugs","floor":13.0,"turns":4.0},{"damage":0.0,"enemies":"Gremlin Nob","floor":14.0,"turns":4.0},{"damage":29.0,"enemies":"Slime Boss","floor":16.0,"turns":16.0},{"damage":9.0,"enemies":"Shell Parasite","floor":18.0,"turns":8.0},{"damage":4.0,"enemies":"2 Thieves","floor":25.0,"turns":5.0},{"damage":0.0,"enemies":"Snake Plant","floor":30.0,"turns":4.0},{"damage":0.0,"enemies":"Gremlin Leader","floor":31.0,"turns":7.0},{"damage":68.0,"enemies":"Champ","floor":33.0,"turns":28.0},{"damage":22.0,"enemies":"3 Darklings","floor":35.0,"turns":5.0},{"damage":0.0,"enemies":"Orb Walker","floor":36.0,"turns":4.0},{"damage":0.0,"enemies":"Transient","floor":38.0,"turns":6.0},{"damage":0.0,"enemies":"Sphere and 2 Shapes","floor":41.0,"turns":7.0},{"damage":5.0,"enemies":"Writhing Mass","floor":45.0,"turns":9.0},{"damage":0.0,"enemies":"Spire Growth","floor":48.0,"turns":7.0},{"damage":31.0,"enemies":"Donu and Deca","floor":50.0,"turns":11.0},{"damage":31,"enemies":"Time Eater","floor":51,"turns":14}],"seed_played":"1462446438698396265","potions_obtained":[{"floor":2.0,"key":"FairyPotion"},{"floor":3.0,"key":"FocusPotion"},{"floor":16.0,"key":"FearPotion"},{"floor":41.0,"key":"Energy Potion"}],"is_trial":false,"path_per_floor":["M","M","M","M","T","R","?","$","T","M","R","E","M","E","R","B",null,"M","?","?","?","?","R","R","M","T","R","R","R","M","E","R","B",null,"M","M","$","M","?","R","M","R","T","R","M","?","T","M","R","B","B",null],"character_chosen":"DEFECT","items_purchased":["Coolheaded","FocusPotion"],"campfire_rested":2,"item_purchase_floors":[8,37],"current_hp_per_floor":[63,63,63,54,54,54,54,54,54,50,50,50,39,39,39,10,56,47,47,47,47,47,47,47,43,53,53,53,53,53,53,53,8,63,41,41,41,41,41,65,65,65,65,65,60,60,60,60,81,50,19],"gold":10,"neow_bonus":"UPGRADE_CARD","is_prod":false,"is_daily":false,"chose_seed":false,"campfire_upgraded":9,"win_rate":0,"timestamp":1558556017,"path_taken":["M","M","M","M","?","R","?","$","T","?","R","E","M","E","R","BOSS","M","?","?","?","?","R","R","M","T","R","R","R","M","E","R","BOSS","M","M","$","M","?","R","M","R","T","R","M","?","?","?","R","BOSS","BOSS"],"build_version":"2019-01-23","purchased_purges":2,"victory":true,"max_hp_per_floor":[71,71,71,71,71,71,71,71,71,71,71,71,71,71,71,71,71,71,71,71,71,71,71,71,71,81,81,81,81,81,81,81,81,81,81,81,81,81,81,81,81,81,81,81,81,81,81,81,81,81,81],"card_choices":[{"not_picked":["Conserve Battery","Chaos"],"picked":"Compile Driver","floor":1.0},{"not_picked":["Sweeping Beam","Gash"],"picked":"Genetic Algorithm","floor":2.0},{"not_picked":["Stack","Leap"],"picked":"Cold Snap","floor":3.0},{"not_picked":["Go for the Eyes","Steam"],"picked":"Capacitor","floor":4.0},{"not_picked":["Cold Snap","Gash"],"picked":"Buffer","floor":10.0},{"not_picked":["Stack","Hologram","Tempest"],"picked":"SKIP","floor":12.0},{"not_picked":["Tempest","Compile Driver"],"picked":"Coolheaded","floor":13.0},{"not_picked":["Beam Cell","Go for the Eyes","Compile Driver"],"picked":"SKIP","floor":14.0},{"not_picked":["Thunder Strike","Biased Cognition"],"picked":"Fission","floor":16.0},{"not_picked":["Redo","Sweeping Beam"],"picked":"Blizzard","floor":18.0},{"not_picked":["Steam","Turbo"],"picked":"Hologram","floor":25.0},{"not_picked":["Beam Cell","Double Energy"],"picked":"FTL","floor":30.0},{"not_picked":["Hologram","Fusion"],"picked":"FTL","floor":31.0},{"not_picked":["Seek","Electrodynamics"],"picked":"Echo Form","floor":33.0},{"not_picked":["Go for the Eyes","Chaos"],"picked":"Sunder","floor":35.0},{"not_picked":["Gash+1","FTL"],"picked":"Go for the Eyes+1","floor":36.0},{"not_picked":["Leap","Turbo"],"picked":"Hologram+1","floor":38.0},{"not_picked":["Rebound","Conserve Battery"],"picked":"Amplify","floor":41.0},{"not_picked":["Scrape","Coolheaded"],"picked":"Leap+1","floor":45.0},{"not_picked":["Sunder+1","Redo+1","Conserve Battery"],"picked":"SKIP","floor":48.0}],"player_experience":740763,"relics_obtained":[{"floor":5.0,"key":"Bottled Flame"},{"floor":9.0,"key":"Peace Pipe"},{"floor":12.0,"key":"Nunchaku"},{"floor":14.0,"key":"Calipers"},{"floor":26.0,"key":"Pear"},{"floor":31.0,"key":"Bottled Lightning"},{"floor":43.0,"key":"Pen Nib"}],"event_choices":[{"damage_healed":0.0,"max_hp_gain":0.0,"max_hp_loss":0.0,"gold_gain":0.0,"event_name":"Upgrade Shrine","player_choice":"Upgraded","floor":7.0,"gold_loss":0.0,"damage_taken":0.0,"cards_upgraded":["Cold Snap"]},{"damage_healed":0.0,"max_hp_gain":0.0,"max_hp_loss":0.0,"gold_gain":0.0,"event_name":"Addict","player_choice":"Obtained Relic","floor":19.0,"gold_loss":85.0,"damage_taken":0.0,"relics_obtained":["WingedGreaves"]},{"damage_healed":0.0,"max_hp_gain":0.0,"max_hp_loss":0.0,"gold_gain":0.0,"event_name":"Cursed Tome","player_choice":"Ignored","floor":20.0,"gold_loss":0.0,"damage_taken":0.0},{"cards_removed":["Strike_B"],"damage_healed":0.0,"max_hp_gain":0.0,"max_hp_loss":0.0,"gold_gain":0.0,"event_name":"Beggar","player_choice":"Gave Gold","floor":21.0,"gold_loss":75.0,"damage_taken":0.0},{"damage_healed":0.0,"max_hp_gain":0.0,"max_hp_loss":0.0,"gold_gain":0.0,"event_name":"Forgotten Altar","player_choice":"Smashed Altar","floor":22.0,"gold_loss":0.0,"damage_taken":0.0,"cards_obtained":["Decay"]},{"cards_removed":["Strike_B"],"damage_healed":0.0,"max_hp_gain":0.0,"max_hp_loss":0.0,"gold_gain":0.0,"event_name":"Falling","player_choice":"Removed Attack","floor":39.0,"gold_loss":0.0,"damage_taken":0.0},{"damage_healed":0.0,"max_hp_gain":0.0,"max_hp_loss":0.0,"gold_gain":0.0,"event_name":"Tomb of Lord Red Mask","player_choice":"Paid","floor":46.0,"gold_loss":83.0,"damage_taken":0.0,"relics_obtained":["Red Mask"]}],"is_beta":false,"boss_relics":[{"not_picked":["Empty Cage","Black Star"],"picked":"Nuclear Battery"},{"not_picked":["Runic Dome","Sozu"],"picked":"Cursed Key"}],"items_purged_floors":[8,37],"is_endless":false,"potions_floor_spawned":[2,3,13,16,30,41,45],"ascension_level":20}