{"gold_per_floor":[367,381,59,71,71,71,83,116,116,147,147,174,174,185,185,263,263,280,300,175,191,202,236,0,0,73,108,120,138,138,148,148,220,220,232,82,100,120,133,133,133,145,145,165,191,191,245,18,18,18,18],"floor_reached":52,"playtime":5284,"items_purged":["Pain","Pain","Strike_R","Doubt"],"score":1917,"play_id":"6a7ebe10-876a-4ad0-b0f1-e027ab40bf37","local_time":"20190510195536","is_ascension_mode":true,"campfire_choices":[{"data":"Bash","floor":6.0,"key":"SMITH"},{"floor":11.0,"key":"REST"},{"floor":13.0,"key":"REST"},{"data":"Whirlwind","floor":15.0,"key":"SMITH"},{"data":"True Grit","floor":25.0,"key":"SMITH"},{"data":"Dark Embrace","floor":32.0,"key":"SMITH"},{"data":"Corruption","floor":40.0,"key":"SMITH"},{"data":"Corruption","floor":46.0,"key":"SMITH"},{"floor":49.0,"key":"REST"}],"neow_cost":"CURSE","seed_source_timestamp":520426006552027,"circlet_count":0,"master_deck":["AscendersBane","Strike_R","Strike_R","Strike_R","Strike_R","Defend_R","Defend_R","Defend_R","Defend_R","Bash+1","Rampage","Metallicize","Pommel Strike","Pommel Strike","Anger","Shockwave+1","Whirlwind+1","Armaments","Clothesline","Reaper","Burning Pact+1","Battle Trance","Shrug It Off","Headbutt+1","Dropkick","Dark Embrace+1","Disarm","True Grit+1","Warcry","Feel No Pain","Sword Boomerang","Disarm","Headbutt","Spot Weakness","Shrug It Off","Demon Form","Reaper","Iron Wave+1","Corruption+1","Shrug It Off","Seeing Red+1","Parasite","Armaments+1","Flame Barrier","Shockwave","Parasite","Spot Weakness","Corruption+1","Intimidate","Shrug It Off"],"special_seed":0,"relics":["Burning Blood","Anchor","WarpedTongs","Bronze Scales","Bottled Lightning","Prayer Wheel","Matryoshka","Cursed Key","War Paint","Sundial","Mercury Hourglass","Thread and Needle","Sozu","Pen Nib","Darkstone Periapt","Bag of Marbles","Girya","Strange Spoon"],"potions_floor_usage":[],"damage_taken":[{"damage":17.0,"enemies":"Cultist","floor":1.0,"turns":5.0},{"damage":14.0,"enemies":"Small Slimes","floor":2.0,"turns":6.0},{"damage":1.0,"enemies":"2 Louse","floor":4.0,"turns":3.0},{"damage":3.0,"enemies":"Large Slime","floor":7.0,"turns":4.0},{"damage":26.0,"enemies":"Lagavulin","floor":8.0,"turns":6.0},{"damage":34.0,"enemies":"3 Sentries","floor":10.0,"turns":7.0},{"damage":32.0,"enemies":"Gremlin Nob","floor":12.0,"turns":4.0},{"damage":1.0,"enemies":"Looter","floor":14.0,"turns":2.0},{"damage":32.0,"enemies":"The Guardian","floor":16.0,"turns":8.0},{"damage":0.0,"enemies":"3 Byrds","floor":18.0,"turns":2.0},{"damage":12.0,"enemies":"Spheric Guardian","floor":19.0,"turns":5.0},{"damage":21.0,"enemies":"Snecko","floor":21.0,"turns":5.0},{"damage":16.0,"enemies":"Centurion and Healer","floor":22.0,"turns":5.0},{"damage":36.0,"enemies":"Slavers","floor":23.0,"turns":5.0},{"damage":26.0,"enemies":"Gremlin Leader","floor":27.0,"turns":6.0},{"damage":2.0,"enemies":"Cultist and Chosen","floor":28.0,"turns":4.0},{"damage":0.0,"enemies":"Snake Plant","floor":29.0,"turns":3.0},{"damage":0.0,"enemies":"Centurion and Healer","floor":31.0,"turns":4.0},{"damage":65.0,"enemies":"Collector","floor":33.0,"turns":10.0},{"damage":25.0,"enemies":"3 Darklings","floor":35.0,"turns":4.0},{"damage":3.0,"enemies":"Orb Walker","floor":37.0,"turns":4.0},{"damage":18.0,"enemies":"3 Darklings","floor":38.0,"turns":3.0},{"damage":8.0,"enemies":"Writhing Mass","floor":39.0,"turns":6.0},{"damage":8.0,"enemies":"Maw","floor":42.0,"turns":7.0},{"damage":0.0,"enemies":"4 Shapes","floor":44.0,"turns":9.0},{"damage":19.0,"enemies":"Nemesis","floor":45.0,"turns":9.0},{"damage":30.0,"enemies":"2 Orb Walkers","floor":47.0,"turns":5.0},{"damage":52,"enemies":"Time Eater","floor":50,"turns":12},{"damage":89,"enemies":"Awakened One","floor":51,"turns":10}],"seed_played":"3932760724220409413","potions_obtained":[{"floor":1.0,"key":"PowerPotion"},{"floor":4.0,"key":"Fruit Juice"},{"floor":14.0,"key":"AttackPotion"},{"floor":16.0,"key":"Block Potion"},{"floor":23.0,"key":"SkillPotion"},{"floor":27.0,"key":"SteroidPotion"},{"floor":28.0,"key":"GamblersBrew"},{"floor":33.0,"key":"SpeedPotion"}],"is_trial":false,"path_per_floor":["M","M","$","M","?","R","M","E","T","E","R","E","R","M","R","B",null,"M","M","$","M","M","E","$","R","T","E","M","M","?","M","R","B",null,"M","$","M","M","M","R","?","M","T","M","E","R","?","$","R","B","B",null],"character_chosen":"IRONCLAD","items_purchased":["Anchor","Metallicize","Shrug It Off","Disarm","True Grit","Strange Spoon"],"campfire_rested":3,"item_purchase_floors":[3,3,20,24,24,48],"current_hp_per_floor":[57,49,49,54,54,54,62,42,42,14,38,12,36,41,41,15,64,70,64,64,55,55,40,40,40,40,32,61,67,67,80,80,21,65,64,64,70,68,74,74,74,80,80,80,68,68,68,68,80,78,40],"gold":18,"neow_bonus":"TWO_FIFTY_GOLD","is_prod":false,"is_daily":false,"chose_seed":false,"campfire_upgraded":6,"win_rate":0,"timestamp":1557532536,"path_taken":["M","M","$","M","?","R","?","E","T","E","R","E","R","M","R","BOSS","M","M","$","M","M","E","$","R","T","E","M","M","?","M","R","BOSS","M","$","M","M","M","R","?","M","T","M","E","R","?","$","R","BOSS","BOSS"],"build_version":"2019-01-23","purchased_purges":4,"victory":true,"max_hp_per_floor":[75,75,75,75,75,75,80,80,80,80,80,80,80,80,80,80,80,80,80,80,80,80,80,80,80,80,80,80,80,80,80,80,80,80,80,80,80,80,80,80,80,80,80,80,80,80,80,80,80,80,80],"card_choices":[{"not_picked":["Perfected Strike","Warcry","Heavy Blade"],"picked":"SKIP","floor":1.0},{"not_picked":["Warcry","Thunderclap"],"picked":"Rampage","floor":2.0},{"not_picked":["Flame Barrier","Shrug It Off"],"picked":"Pommel Strike","floor":4.0},{"not_picked":["Seeing Red","Body Slam"],"picked":"Pommel Strike","floor":7.0},{"not_picked":["Wild Strike","Combust"],"picked":"Anger","floor":8.0},{"not_picked":["Rupture","Reaper"],"picked":"Shockwave","floor":10.0},{"not_picked":["Clash","Anger"],"picked":"Whirlwind","floor":12.0},{"not_picked":["Anger","Wild Strike"],"picked":"Armaments","floor":14.0},{"not_picked":["Whirlwind","Clash"],"picked":"Clothesline","floor":14.0},{"not_picked":["Double Tap","Juggernaut"],"picked":"Reaper","floor":16.0},{"not_picked":["Fire Breathing","Body Slam"],"picked":"Burning Pact","floor":18.0},{"not_picked":["Havoc","Cleave","Iron Wave"],"picked":"SKIP","floor":18.0},{"not_picked":["Hemokinesis","Clash"],"picked":"Battle Trance","floor":19.0},{"not_picked":["Power Through+1","Thunderclap","Berserk"],"picked":"SKIP","floor":19.0},{"not_picked":["Perfected Strike","Seeing Red"],"picked":"Headbutt+1","floor":21.0},{"not_picked":["Flex","Perfected Strike"],"picked":"Dropkick","floor":21.0},{"not_picked":["Anger","Corruption"],"picked":"Dark Embrace","floor":22.0},{"not_picked":["Thunderclap+1","Clothesline","Iron Wave"],"picked":"SKIP","floor":22.0},{"not_picked":["Anger","Pommel Strike","Body Slam"],"picked":"SKIP","floor":23.0},{"not_picked":["Pommel Strike","Havoc"],"picked":"Warcry","floor":27.0},{"not_picked":["Clothesline","Blood for Blood"],"picked":"Feel No Pain","floor":28.0},{"not_picked":["Dual Wield","Warcry"],"picked":"Sword Boomerang","floor":28.0},{"not_picked":["True Grit","Combust"],"picked":"Disarm","floor":29.0},{"not_picked":["Blood for Blood","Twin Strike"],"picked":"Headbutt","floor":29.0},{"not_picked":["Intimidate","Body Slam"],"picked":"Shrug It Off","floor":31.0},{"not_picked":["Wild Strike","Cleave"],"picked":"Demon Form","floor":31.0},{"not_picked":["Brutality","Fiend Fire"],"picked":"Reaper","floor":33.0},{"not_picked":["Thunderclap","Perfected Strike+1"],"picked":"Iron Wave+1","floor":35.0},{"not_picked":["Cleave","Perfected Strike+1","Sword Boomerang"],"picked":"SKIP","floor":35.0},{"not_picked":["Ghostly Armor","Body Slam"],"picked":"Corruption","floor":37.0},{"not_picked":["Thunderclap+1","Headbutt+1","Cleave+1"],"picked":"SKIP","floor":37.0},{"not_picked":["Clothesline","Warcry+1"],"picked":"Shrug It Off","floor":38.0},{"not_picked":["Burning Pact","Barricade"],"picked":"Seeing Red+1","floor":38.0},{"not_picked":["Combust","Wild Strike"],"picked":"Armaments+1","floor":39.0},{"not_picked":["Rampage","Flex","Anger"],"picked":"SKIP","floor":39.0},{"not_picked":["Perfected Strike","Clothesline"],"picked":"Flame Barrier","floor":42.0},{"not_picked":["Hemokinesis","Pummel"],"picked":"Shockwave","floor":42.0},{"not_picked":["Double Tap","Pommel Strike"],"picked":"Spot Weakness","floor":44.0},{"not_picked":["Armaments+1","Flex+1"],"picked":"Corruption","floor":44.0},{"not_picked":["Fiend Fire","Rage"],"picked":"Intimidate","floor":45.0},{"not_picked":["Evolve","Perfected Strike"],"picked":"Shrug It Off","floor":47.0}],"player_experience":512424,"relics_obtained":[{"floor":8.0,"key":"Bronze Scales"},{"floor":9.0,"key":"Bottled Lightning"},{"floor":10.0,"key":"Prayer Wheel"},{"floor":12.0,"key":"Matryoshka"},{"floor":23.0,"key":"War Paint"},{"floor":26.0,"key":"Sundial"},{"floor":26.0,"key":"Mercury Hourglass"},{"floor":27.0,"key":"Thread and Needle"},{"floor":43.0,"key":"Pen Nib"},{"floor":43.0,"key":"Darkstone Periapt"},{"floor":45.0,"key":"Bag of Marbles"},{"floor":47.0,"key":"Girya"}],"event_choices":[{"damage_healed":0.0,"max_hp_gain":0.0,"max_hp_loss":0.0,"gold_gain":0.0,"event_name":"Accursed Blacksmith","player_choice":"Rummage","floor":5.0,"gold_loss":0.0,"damage_taken":0.0,"relics_obtained":["WarpedTongs"],"cards_obtained":["Pain"]},{"damage_healed":0.0,"max_hp_gain":0.0,"max_hp_loss":0.0,"gold_gain":0.0,"event_name":"The Library","player_choice":"Read","floor":30.0,"gold_loss":0.0,"damage_taken":0.0,"cards_obtained":["Spot Weakness"]},{"damage_healed":0.0,"max_hp_gain":0.0,"max_hp_loss":0.0,"gold_gain":0.0,"event_name":"Tomb of Lord Red Mask","player_choice":"Ignored","floor":41.0,"gold_loss":0.0,"damage_taken":0.0},{"damage_healed":0.0,"max_hp_gain":0.0,"max_hp_loss":0.0,"gold_gain":0.0,"event_name":"Mysterious Sphere","player_choice":"Fight","floor":47.0,"gold_loss":0.0,"damage_taken":0.0}],"is_beta":false,"boss_relics":[{"not_picked":["Calling Bell","Philosopher\u0027s Stone"],"picked":"Cursed Key"},{"not_picked":["Black Star","Fusion Hammer"],"picked":"Sozu"}],"items_purged_floors":[3,20,24,36],"is_endless":false,"potions_floor_spawned":[1,4,14,16,23,27,28,33,38,42,44,45],"ascension_level":20}