{"gold_per_floor":[112,53,128,142,160,160,160,160,160,160,160,0,30,44,44,121,121,140,140,150,166,179,179,94,94,94,110,125,125,138,151,151,229,229,245,260,270,270,27,27,59,59,83,130,130,140,154,168,168,168],"floor_reached":51,"playtime":2628,"items_purged":["Defend_G"],"score":1256,"play_id":"9db57a30-bb60-42bf-aea0-9e50455828a1","local_time":"20190527224227","is_ascension_mode":true,"campfire_choices":[{"data":"Neutralize","floor":6.0,"key":"SMITH"},{"data":"Cloak And Dagger","floor":8,"key":"SMITH"},{"floor":10,"key":"REST"},{"floor":15,"key":"REST"},{"data":"Noxious Fumes","floor":23,"key":"SMITH"},{"data":"Noxious Fumes","floor":25,"key":"SMITH"},{"data":"Well Laid Plans","floor":32,"key":"SMITH"},{"floor":40,"key":"REST"},{"floor":49,"key":"REST"}],"neow_cost":"NONE","seed_source_timestamp":984007835428068,"circlet_count":0,"master_deck":["AscendersBane","Defend_G","Defend_G","Defend_G","Strike_G","Strike_G","Strike_G","Survivor","Neutralize+1","PiercingWail","Backflip","Cloak And Dagger+1","Well Laid Plans+1","Die Die Die","Infinite Blades","After Image","Cloak And Dagger","Noxious Fumes+1","Cloak And Dagger","Noxious Fumes+1","Adrenaline","Die Die Die","Neutralize","Cloak And Dagger","Envenom","PiercingWail","Backflip+1","Footwork","Madness","Madness","Crippling Poison","Corpse Explosion","Terror"],"special_seed":0,"relics":["Ring of the Snake","Sundial","Mercury Hourglass","Lantern","White Beast Statue","Incense Burner","Pantograph","Empty Cage","Strawberry","Mango","Ancient Tea Set","Orichalcum"],"potions_floor_usage":[16,21,22,27,28,30,33,33,36,46,47,50,50],"damage_taken":[{"damage":0.0,"enemies":"2 Louse","floor":1.0,"turns":2.0},{"damage":2.0,"enemies":"Small Slimes","floor":4.0,"turns":9.0},{"damage":3.0,"enemies":"Cultist","floor":5.0,"turns":5.0},{"damage":46,"enemies":"Gremlin Nob","floor":13,"turns":6},{"damage":0,"enemies":"Gremlin Gang","floor":14,"turns":1},{"damage":9,"enemies":"The Guardian","floor":16,"turns":12},{"damage":1,"enemies":"3 Byrds","floor":18,"turns":5},{"damage":0,"enemies":"Chosen","floor":20,"turns":7},{"damage":16,"enemies":"Shelled Parasite and Fungi","floor":21,"turns":7},{"damage":4,"enemies":"Chosen and Byrds","floor":22,"turns":7},{"damage":0,"enemies":"Cultist and Chosen","floor":27,"turns":7},{"damage":0,"enemies":"Snecko","floor":28,"turns":5},{"damage":0,"enemies":"Centurion and Healer","floor":30,"turns":6},{"damage":8,"enemies":"Shelled Parasite and Fungi","floor":31,"turns":5},{"damage":24,"enemies":"Champ","floor":33,"turns":13},{"damage":23,"enemies":"3 Darklings","floor":35,"turns":5},{"damage":2,"enemies":"Orb Walker","floor":36,"turns":6},{"damage":19,"enemies":"Sphere and 2 Shapes","floor":37,"turns":6},{"damage":26,"enemies":"Giant Head","floor":41,"turns":10},{"damage":5,"enemies":"Jaw Worm Horde","floor":46,"turns":6},{"damage":4,"enemies":"4 Shapes","floor":47,"turns":5},{"damage":45,"enemies":"Transient","floor":48,"turns":5},{"damage":62,"enemies":"Donu and Deca","floor":50,"turns":7}],"seed_played":"-6854870537172188884","potions_obtained":[{"floor":13,"key":"Strength Potion"},{"floor":16,"key":"Weak Potion"},{"floor":18,"key":"EssenceOfSteel"},{"floor":20,"key":"Regen Potion"},{"floor":21,"key":"Dexterity Potion"},{"floor":22,"key":"Dexterity Potion"},{"floor":27,"key":"Poison Potion"},{"floor":28,"key":"EssenceOfSteel"},{"floor":30,"key":"Regen Potion"},{"floor":33,"key":"GhostInAJar"},{"floor":35,"key":"GamblersBrew"},{"floor":36,"key":"Poison Potion"},{"floor":37,"key":"GhostInAJar"},{"floor":46,"key":"Explosive Potion"},{"floor":47,"key":"SneckoOil"},{"floor":48,"key":"Poison Potion"}],"is_trial":false,"path_per_floor":["M","$","?","M","M","R","?","R","T","R","?","$","E","M","R","B",null,"M","?","M","M","M","R","$","R","T","M","M","?","M","M","R","B",null,"M","M","M","?","$","R","E","?","T","T","?","M","M","M","R","B",null],"character_chosen":"THE_SILENT","items_purchased":["Backflip","Well Laid Plans","Noxious Fumes","Footwork","Strawberry"],"campfire_rested":4,"item_purchase_floors":[2,12,24,39,39],"current_hp_per_floor":[59,59,48,46,43,43,43,43,43,62,67,67,21,21,42,33,62,61,61,61,60,56,56,56,56,56,56,56,56,56,48,48,57,68,45,43,24,24,31,54,42,25,25,25,75,70,66,21,43,6],"gold":168,"neow_bonus":"REMOVE_CARD","is_prod":false,"is_daily":false,"chose_seed":false,"campfire_upgraded":5,"win_rate":0,"timestamp":1558968147,"path_taken":["M","$","?","M","M","R","?","R","T","R","?","$","E","M","R","BOSS","M","?","M","?","M","R","$","R","T","?","?","?","M","M","R","BOSS","M","?","M","?","$","R","E","?","T","?","?","M","M","M","R","BOSS"],"build_version":"2019-01-23","purchased_purges":1,"victory":true,"max_hp_per_floor":[66,66,66,66,66,66,66,66,66,66,71,71,71,71,71,71,71,71,71,71,71,71,71,71,71,71,71,71,71,71,71,71,71,71,71,71,71,71,78,78,92,92,92,92,75,75,75,75,75,75],"card_choices":[{"not_picked":["Dagger Spray","Blade Dance"],"picked":"PiercingWail","floor":1.0},{"not_picked":["Slice","Skewer","Reflex"],"picked":"SKIP","floor":4.0},{"not_picked":["Slice","Poisoned Stab"],"picked":"Cloak And Dagger","floor":5.0},{"not_picked":["Dagger Throw","Cloak And Dagger"],"picked":"Die Die Die","floor":13},{"not_picked":["Outmaneuver","Deflect"],"picked":"Infinite Blades","floor":14},{"not_picked":["Adrenaline","Burst"],"picked":"After Image","floor":16},{"not_picked":["Flying Knee","Dagger Throw"],"picked":"Cloak And Dagger","floor":18},{"not_picked":["Slice+1","Calculated Gamble"],"picked":"Noxious Fumes","floor":20},{"not_picked":["Slice","Bane+1"],"picked":"Cloak And Dagger","floor":21},{"not_picked":["Distraction","Tactician","Riddle With Holes"],"picked":"SKIP","floor":22},{"not_picked":["Calculated Gamble","Deflect"],"picked":"Adrenaline","floor":27},{"not_picked":["Flying Knee","Deflect","Sucker Punch"],"picked":"SKIP","floor":28},{"not_picked":["Setup","Deadly Poison"],"picked":"Cloak And Dagger","floor":30},{"not_picked":["Reflex","Dagger Spray","Slice"],"picked":"SKIP","floor":31},{"not_picked":["Grand Finale","Glass Knife"],"picked":"Envenom","floor":33},{"not_picked":["Slice","Distraction"],"picked":"PiercingWail","floor":35},{"not_picked":["Flying Knee","Dodge and Roll"],"picked":"PiercingWail","floor":36},{"not_picked":["Flying Knee","Terror"],"picked":"Backflip+1","floor":37},{"not_picked":["Acrobatics","Distraction","Underhanded Strike"],"picked":"SKIP","floor":41},{"not_picked":["Acrobatics","Calculated Gamble"],"picked":"Crippling Poison","floor":46},{"not_picked":["Sucker Punch","Well Laid Plans"],"picked":"Corpse Explosion","floor":47},{"not_picked":["Calculated Gamble","Bane"],"picked":"Terror","floor":48}],"player_experience":610565,"relics_obtained":[{"floor":9,"key":"Mercury Hourglass"},{"floor":13,"key":"Lantern"},{"floor":26,"key":"Pantograph"},{"floor":41,"key":"Mango"},{"floor":43,"key":"Ancient Tea Set"},{"floor":44,"key":"Orichalcum"}],"event_choices":[{"damage_healed":0.0,"max_hp_gain":0.0,"max_hp_loss":0.0,"gold_gain":75.0,"event_name":"World of Goop","player_choice":"Gather Gold","floor":3.0,"gold_loss":0.0,"damage_taken":11.0},{"damage_healed":0,"gold_gain":0,"player_choice":"Searched \u00271\u0027 times","damage_taken":0,"relics_obtained":["Sundial"],"max_hp_gain":0,"max_hp_loss":0,"event_name":"Dead Adventurer","floor":7,"gold_loss":0},{"damage_healed":0,"gold_gain":0,"player_choice":"Donut","damage_taken":0,"max_hp_gain":5,"max_hp_loss":0,"event_name":"Big Fish","floor":11,"gold_loss":0},{"damage_healed":0,"gold_gain":0,"player_choice":"Gave Potion","damage_taken":0,"relics_obtained":["Incense Burner"],"max_hp_gain":0,"max_hp_loss":0,"event_name":"WeMeetAgain","floor":19,"gold_loss":0},{"damage_healed":0,"gold_gain":0,"player_choice":"2 cards matched","damage_taken":0,"max_hp_gain":0,"max_hp_loss":0,"event_name":"Match and Keep!","floor":29,"gold_loss":0,"cards_obtained":["Die Die Die","Neutralize"]},{"cards_removed":["PiercingWail"],"damage_healed":0,"gold_gain":0,"player_choice":"Removed Skill","damage_taken":0,"max_hp_gain":0,"max_hp_loss":0,"event_name":"Falling","floor":38,"gold_loss":0},{"damage_healed":0,"gold_gain":0,"player_choice":"Embrace Madness","damage_taken":17,"max_hp_gain":0,"max_hp_loss":0,"event_name":"Winding Halls","floor":42,"gold_loss":0,"cards_obtained":["Madness","Madness"]},{"damage_healed":75,"gold_gain":0,"player_choice":"Heal","damage_taken":0,"max_hp_gain":0,"max_hp_loss":17,"event_name":"The Moai Head","floor":45,"gold_loss":0}],"is_beta":false,"boss_relics":[{"not_picked":["Velvet Choker","Eternal Feather"],"picked":"White Beast Statue"},{"not_picked":["Cursed Key","Runic Dome"],"picked":"Empty Cage"}],"items_purged_floors":[12],"is_endless":false,"potions_floor_spawned":[13,16,18,20,21,22,27,28,30,31,33,35,36,37,41,46,47,48],"ascension_level":16}