{"gold_per_floor":[110,129,129,129,129,129,142,157,157,43,72,72,84,99,99,176,176,187,204,48,48,48,48,48],"floor_reached":24,"playtime":1406,"items_purged":["Strike_G"],"score":372,"play_id":"5128ae7b-b040-43df-8cfd-13c5488fc8d6","local_time":"20190505230925","is_ascension_mode":true,"campfire_choices":[{"data":"Neutralize","floor":6,"key":"SMITH"},{"data":"Survivor","floor":12,"key":"SMITH"},{"data":"Sucker Punch","floor":15,"key":"SMITH"},{"data":"Cloak And Dagger","floor":23,"key":"SMITH"}],"neow_cost":"NONE","seed_source_timestamp":104614005180869,"circlet_count":0,"master_deck":["AscendersBane","Defend_G","Defend_G","Defend_G","Defend_G","Defend_G","Strike_G","Strike_G+1","Strike_G","Survivor+1","Neutralize+1","Sucker Punch+1","Noxious Fumes","Backflip","Heel Hook","Predator+1","Blur","Flying Knee","Dagger Spray","Phantasmal Killer","Terror","Masterful Stab","Cloak And Dagger+1","Bandage Up"],"relics":["Ring of the Snake","Pear","Dodecahedron","Whetstone","Sozu"],"potions_floor_usage":[8,11,16,16],"damage_taken":[{"damage":8,"enemies":"Cultist","floor":1,"turns":5},{"damage":4,"enemies":"Jaw Worm","floor":2,"turns":6},{"damage":0,"enemies":"2 Louse","floor":7,"turns":4},{"damage":0,"enemies":"Gremlin Gang","floor":8,"turns":7},{"damage":12,"enemies":"3 Sentries","floor":11,"turns":7},{"damage":0,"enemies":"Blue Slaver","floor":13,"turns":6},{"damage":0,"enemies":"Large Slime","floor":14,"turns":4},{"damage":4,"enemies":"The Guardian","floor":16,"turns":11},{"damage":11,"enemies":"2 Thieves","floor":18,"turns":4},{"damage":2,"enemies":"Chosen","floor":19,"turns":5},{"damage":67,"enemies":"Book of Stabbing","floor":24,"turns":7}],"seed_played":"7229596639474309036","potions_obtained":[{"floor":1,"key":"Poison Potion"},{"floor":7,"key":"AttackPotion"},{"floor":11,"key":"Ancient Potion"},{"floor":13,"key":"Dexterity Potion"},{"floor":14,"key":"PowerPotion"}],"is_trial":false,"path_per_floor":["M","M","?","?","T","R","M","M","T","$","E","R","M","M","R","B",null,"M","M","$","?","?","R","E"],"character_chosen":"THE_SILENT","items_purchased":["Predator","Cloak And Dagger","Bandage Up"],"campfire_rested":0,"item_purchase_floors":[10,20,20],"current_hp_per_floor":[57,53,53,46,56,56,56,56,56,56,44,44,44,44,44,40,72,61,59,59,59,59,59,0],"gold":48,"neow_bonus":"TEN_PERCENT_HP_BONUS","is_prod":false,"is_daily":false,"chose_seed":false,"campfire_upgraded":4,"win_rate":0,"timestamp":1557112165,"path_taken":["M","M","?","?","?","R","M","M","T","$","E","R","M","M","R","BOSS","M","M","$","?","?","R","E"],"build_version":"2019-01-23","purchased_purges":1,"victory":false,"max_hp_per_floor":[72,72,72,72,82,82,82,82,82,82,82,82,82,82,82,82,82,82,82,82,82,82,82,82],"card_choices":[{"not_picked":["All Out Attack","Choke"],"picked":"Sucker Punch","floor":1},{"not_picked":["Quick Slash","Flechettes"],"picked":"Noxious Fumes","floor":2},{"not_picked":["Blur","Catalyst"],"picked":"Backflip","floor":7},{"not_picked":["Underhanded Strike","Riddle With Holes"],"picked":"Heel Hook","floor":8},{"not_picked":["Sucker Punch","Storm of Steel"],"picked":"Blur","floor":11},{"not_picked":["Predator","Cloak And Dagger"],"picked":"Flying Knee","floor":13},{"not_picked":["Predator","Cloak And Dagger"],"picked":"Dagger Spray","floor":14},{"not_picked":["Storm of Steel","Envenom"],"picked":"Phantasmal Killer","floor":16},{"not_picked":["Calculated Gamble","Escape Plan"],"picked":"Terror","floor":18},{"not_picked":["Underhanded Strike","Catalyst"],"picked":"Masterful Stab","floor":19}],"player_experience":357354,"relics_obtained":[{"floor":5,"key":"Pear"},{"floor":9,"key":"Dodecahedron"},{"floor":11,"key":"Whetstone"}],"event_choices":[{"damage_healed":0,"gold_gain":0,"player_choice":"Fled","damage_taken":0,"max_hp_gain":0,"max_hp_loss":0,"event_name":"Scrap Ooze","floor":3,"gold_loss":0},{"cards_removed":["Strike_G"],"damage_healed":0,"gold_gain":0,"player_choice":"Card Removal","damage_taken":7,"max_hp_gain":0,"max_hp_loss":0,"event_name":"Golden Wing","floor":4,"gold_loss":0},{"damage_healed":0,"gold_gain":0,"player_choice":"Ignored","damage_taken":0,"max_hp_gain":0,"max_hp_loss":0,"event_name":"Ghosts","floor":21,"gold_loss":0}],"is_beta":false,"boss_relics":[{"not_picked":["Runic Dome","Ring of the Serpent"],"picked":"Sozu"}],"items_purged_floors":[10],"is_endless":false,"potions_floor_spawned":[1,7,11,13,14,18],"killed_by":"Book of Stabbing","ascension_level":18}