{"gold_per_floor":[114,35,50,65,80,80,95,95,145,160,190,190,205,220,220,320,320,335,350,365,290,94,94,109,109,109,109,124,124,139,154,154,254,254,269,284,284,299,314,344,344,374,374,389,404,419,419,434,434,434],"floor_reached":51,"playtime":3827,"items_purged":["Doubt"],"score":846,"play_id":"c936823e-9644-4a25-b8cb-a3760d6de5a7","local_time":"20190209231349","daily_mods":["Cursed Run","Blue Cards","DeadlyEvents"],"is_ascension_mode":false,"campfire_choices":[{"data":"Whirlwind","floor":6,"key":"SMITH"},{"floor":12,"key":"REST"},{"floor":15,"key":"REST"},{"data":"Uppercut","floor":23,"key":"SMITH"},{"data":"Hello World","floor":25,"key":"SMITH"},{"floor":27,"key":"REST"},{"floor":32,"key":"REST"},{"floor":41,"key":"REST"},{"floor":47,"key":"REST"},{"floor":49,"key":"REST"}],"neow_cost":"","seed_source_timestamp":0,"circlet_count":0,"master_deck":["Strike_R","Strike_R","Strike_R","Strike_R","Strike_R","Defend_R","Defend_R+1","Defend_R","Bash","Sword Boomerang","Whirlwind+1","Combust","Exhume","Rebound","Injury","Metallicize","Shrug It Off","Meteor Strike","Darkness","Multi-Cast","Hello World+1","Stack+1","Rebound","Uppercut+1","Dramatic Entrance","Coolheaded+1","Writhe","Shame","Glacier+1","Shame","Meteor Strike","Shrug It Off+1","Anger+1","Transmutation+1","Self Repair+1","Blood for Blood+1","Disarm+1","Regret","Rip and Tear+1","Skim","Normality"],"special_seed":17937,"relics":["Cursed Key","Darkstone Periapt","Du-Vu Doll","Dodecahedron","Bronze Scales","Potion Belt","Busted Crown","FossilizedHelix","Pocketwatch","Fusion Hammer","Red Skull","Regal Pillow","War Paint"],"potions_floor_usage":[40,40,40,40,40,40,40,40,50,50,50],"damage_taken":[{"damage":0,"enemies":"Small Slimes","floor":1,"turns":3},{"damage":1,"enemies":"Cultist","floor":3,"turns":3},{"damage":5,"enemies":"2 Louse","floor":4,"turns":2},{"damage":12,"enemies":"Large Slime","floor":5,"turns":4},{"damage":7,"enemies":"Exordium Wildlife","floor":7,"turns":3},{"damage":5,"enemies":"Looter","floor":10,"turns":2},{"damage":31,"enemies":"Lagavulin","floor":11,"turns":5},{"damage":0,"enemies":"2 Fungi Beasts","floor":13,"turns":2},{"damage":7,"enemies":"Exordium Wildlife","floor":14,"turns":3},{"damage":30,"enemies":"Slime Boss","floor":16,"turns":7},{"damage":0,"enemies":"Chosen","floor":18,"turns":3},{"damage":26,"enemies":"2 Thieves","floor":19,"turns":3},{"damage":8,"enemies":"Centurion and Healer","floor":20,"turns":4},{"damage":4,"enemies":"Snecko","floor":24,"turns":4},{"damage":3,"enemies":"3 Cultists","floor":28,"turns":3},{"damage":5,"enemies":"Chosen and Byrds","floor":30,"turns":3},{"damage":0,"enemies":"Snecko","floor":31,"turns":2},{"damage":40,"enemies":"Collector","floor":33,"turns":9},{"damage":46,"enemies":"3 Shapes","floor":35,"turns":3},{"damage":20,"enemies":"3 Darklings","floor":36,"turns":5},{"damage":0,"enemies":"Jaw Worm Horde","floor":38,"turns":3},{"damage":18,"enemies":"Spire Growth","floor":39,"turns":4},{"damage":39,"enemies":"Giant Head","floor":40,"turns":8},{"damage":12,"enemies":"Nemesis","floor":42,"turns":5},{"damage":5,"enemies":"Sphere and 2 Shapes","floor":44,"turns":3},{"damage":2,"enemies":"Maw","floor":45,"turns":5},{"damage":28,"enemies":"Jaw Worm Horde","floor":46,"turns":2},{"damage":17,"enemies":"Transient","floor":48,"turns":5},{"damage":27,"enemies":"Time Eater","floor":50,"turns":8}],"seed_played":"-8803609640175454799","potions_obtained":[{"floor":3,"key":"Dexterity Potion"},{"floor":4,"key":"AttackPotion"},{"floor":5,"key":"Fire Potion"},{"floor":16,"key":"Dexterity Potion"},{"floor":19,"key":"PowerPotion"},{"floor":28,"key":"EntropicBrew"},{"floor":31,"key":"FairyPotion"},{"floor":35,"key":"Weak Potion"},{"floor":40,"key":"AttackPotion"},{"floor":44,"key":"Swift Potion"},{"floor":46,"key":"Regen Potion"}],"is_trial":false,"path_per_floor":["M","$","M","M","M","R","M","?","T","M","E","R","M","M","R","B",null,"M","M","M","?","$","R","M","R","T","R","M","?","M","M","R","B",null,"M","M","?","M","M","E","R","E","T","M","M","M","R","M","R","B",null],"character_chosen":"IRONCLAD","items_purchased":["Whirlwind","Uppercut","Dramatic Entrance"],"campfire_rested":7,"item_purchase_floors":[2,22,22],"current_hp_per_floor":[80,80,79,74,62,62,55,55,61,56,25,50,50,43,68,44,92,92,66,58,58,58,58,54,54,60,89,86,92,87,87,104,70,110,64,44,44,44,26,20,53,51,57,52,60,32,81,74,116,105],"gold":434,"neow_bonus":"","is_prod":false,"is_daily":true,"chose_seed":false,"campfire_upgraded":3,"win_rate":0,"timestamp":1549775629,"path_taken":["M","$","M","M","M","R","M","?","T","M","?","R","M","M","R","BOSS","M","M","M","?","$","R","M","R","T","R","M","?","?","M","R","BOSS","M","M","?","M","M","E","R","E","T","M","M","M","R","?","R","BOSS"],"build_version":"2019-01-23","purchased_purges":1,"victory":true,"max_hp_per_floor":[80,80,80,80,80,80,80,80,86,86,86,86,86,86,86,92,92,92,92,92,92,92,92,92,92,98,98,98,104,104,104,104,110,110,110,110,110,110,110,110,110,110,116,116,116,116,116,116,116,122],"card_choices":[{"not_picked":["Redo","Conserve Battery"],"picked":"Sword Boomerang","floor":1},{"not_picked":["Sword Boomerang","Armaments"],"picked":"Combust","floor":3},{"not_picked":["Twin Strike","Cleave"],"picked":"Exhume","floor":4},{"not_picked":["Conserve Battery","Iron Wave","Thunderclap"],"picked":"SKIP","floor":5},{"not_picked":["Cleave","Entrench"],"picked":"Rebound","floor":7},{"not_picked":["Twin Strike","Leap"],"picked":"Metallicize","floor":10},{"not_picked":["Cleave","Go for the Eyes"],"picked":"Shrug It Off","floor":11},{"not_picked":["Pommel Strike","Body Slam"],"picked":"Meteor Strike","floor":13},{"not_picked":["Bloodletting","Stack"],"picked":"Darkness","floor":14},{"not_picked":["Demon Form","Thunder Strike"],"picked":"Multi-Cast","floor":16},{"not_picked":[],"picked":"Hello World","floor":18},{"not_picked":[],"picked":"Stack+1","floor":19},{"not_picked":[],"picked":"Rebound","floor":20},{"not_picked":[],"picked":"Coolheaded+1","floor":24},{"not_picked":["Wild Strike"],"picked":"SKIP","floor":28},{"not_picked":["Scrape+1"],"picked":"SKIP","floor":30},{"not_picked":[],"picked":"Glacier+1","floor":31},{"not_picked":[],"picked":"Meteor Strike","floor":33},{"not_picked":[],"picked":"Shrug It Off+1","floor":35},{"not_picked":[],"picked":"Anger+1","floor":36},{"not_picked":[],"picked":"Transmutation","floor":37},{"not_picked":["Body Slam"],"picked":"SKIP","floor":38},{"not_picked":[],"picked":"Self Repair+1","floor":39},{"not_picked":[],"picked":"Blood for Blood+1","floor":40},{"not_picked":[],"picked":"Disarm+1","floor":42},{"not_picked":["Headbutt"],"picked":"SKIP","floor":44},{"not_picked":[],"picked":"Rip and Tear+1","floor":45},{"not_picked":["Rip and Tear"],"picked":"SKIP","floor":46},{"not_picked":[],"picked":"Skim","floor":48}],"player_experience":33157,"relics_obtained":[{"floor":9,"key":"Bronze Scales"},{"floor":11,"key":"Potion Belt"},{"floor":26,"key":"FossilizedHelix"},{"floor":40,"key":"Red Skull"},{"floor":42,"key":"Regal Pillow"},{"floor":43,"key":"War Paint"}],"event_choices":[{"damage_healed":0,"gold_gain":0,"player_choice":"Gave Potion","damage_taken":0,"relics_obtained":["Dodecahedron"],"max_hp_gain":0,"max_hp_loss":0,"event_name":"WeMeetAgain","floor":8,"gold_loss":0},{"cards_removed":["Defend_R"],"damage_healed":0,"gold_gain":0,"player_choice":"Gave Gold","damage_taken":0,"max_hp_gain":0,"max_hp_loss":0,"event_name":"Beggar","floor":21,"gold_loss":75},{"damage_healed":0,"gold_gain":0,"player_choice":"Stole Relic","damage_taken":0,"relics_obtained":["Pocketwatch"],"max_hp_gain":0,"max_hp_loss":0,"event_name":"Addict","floor":29,"gold_loss":0,"cards_obtained":["Shame"]},{"damage_healed":0,"gold_gain":0,"player_choice":"Memory 1","damage_taken":0,"max_hp_gain":0,"max_hp_loss":0,"event_name":"SensoryStone","floor":37,"gold_loss":0}],"is_beta":false,"boss_relics":[{"not_picked":["Coffee Dripper","Sozu"],"picked":"Busted Crown"},{"not_picked":["Velvet Choker","Astrolabe"],"picked":"Fusion Hammer"}],"items_purged_floors":[22],"is_endless":false,"potions_floor_spawned":[3,4,5,16,19,28,31,35,38,40,44,46],"ascension_level":0}