{"gold_per_floor":[116,41,41,41,51,78,98,113,113,13,44,44,57,69,69,169,169,185,198,198,209,209,209,244,244,271,300,331,93,93,93,93,188,188,207,307,321,58,0,0,52,62,62,62,74,105,55,69,69,69],"floor_reached":51,"playtime":4429,"items_purged":["Strike_R","Regret","Impatience","Dark Embrace","Parasite"],"score":734,"play_id":"a861ad43-ef1b-482e-843a-04d05b20b2cc","local_time":"20190302163254","is_ascension_mode":false,"campfire_choices":[{"data":"Inflame","floor":12,"key":"SMITH"},{"data":"Bloodletting","floor":15,"key":"SMITH"},{"data":"Limit Break","floor":23,"key":"SMITH"},{"data":"Whirlwind","floor":30,"key":"SMITH"},{"data":"Inflame","floor":32,"key":"SMITH"},{"data":"Heavy Blade","floor":40,"key":"SMITH"},{"data":"Heavy Blade","floor":44,"key":"SMITH"},{"data":"Rupture","floor":49,"key":"PURGE"}],"neow_cost":"TEN_PERCENT_HP_LOSS","seed_source_timestamp":1178014280366600,"circlet_count":0,"master_deck":["Bash","Good Instincts","Shrug It Off","Dropkick","Feed","Second Wind","Inflame+1","Clash","Bloodletting+1","Inflame+1","Reaper","Limit Break+1","Combust","Uppercut","Whirlwind+1","Anger","Clothesline","Thunderclap","Shockwave+1","Shrug It Off+1","Infernal Blade+1","Rampage","Flex+1","Pommel Strike+1","Exhume","Infernal Blade","Heavy Blade+1","Pummel","Inflame","Inflame","Pummel+1","Heavy Blade+1","Twin Strike","Heavy Blade+1"],"relics":["Burning Blood","Meat on the Bone","Bag of Preparation","Pear","Ornamental Fan","The Courier","Pandora\u0027s Box","Pantograph","MawBank","Happy Flower","Sozu","Champion Belt","Red Mask","Peace Pipe","Smiling Mask","PreservedInsect"],"potions_floor_usage":[21,31,35,50,50],"damage_taken":[{"damage":1,"enemies":"Jaw Worm","floor":1,"turns":3},{"damage":5,"enemies":"Small Slimes","floor":5,"turns":3},{"damage":46,"enemies":"Gremlin Nob","floor":6,"turns":5},{"damage":13,"enemies":"2 Louse","floor":7,"turns":3},{"damage":8,"enemies":"Red Slaver","floor":8,"turns":4},{"damage":26,"enemies":"3 Sentries","floor":11,"turns":10},{"damage":12,"enemies":"Large Slime","floor":13,"turns":7},{"damage":2,"enemies":"Looter","floor":14,"turns":3},{"damage":48,"enemies":"Hexaghost","floor":16,"turns":10},{"damage":26,"enemies":"2 Thieves","floor":18,"turns":4},{"damage":18,"enemies":"Chosen","floor":19,"turns":5},{"damage":33,"enemies":"Sentry and Sphere","floor":21,"turns":4},{"damage":28,"enemies":"Gremlin Leader","floor":24,"turns":6},{"damage":8,"enemies":"Cultist and Chosen","floor":27,"turns":4},{"damage":26,"enemies":"Centurion and Healer","floor":28,"turns":6},{"damage":0,"enemies":"Snecko","floor":31,"turns":2},{"damage":49,"enemies":"Champ","floor":33,"turns":8},{"damage":22,"enemies":"3 Darklings","floor":35,"turns":3},{"damage":1,"enemies":"Mind Bloom Boss Battle","floor":36,"turns":3},{"damage":11,"enemies":"Orb Walker","floor":37,"turns":3},{"damage":3,"enemies":"2 Orb Walkers","floor":41,"turns":2},{"damage":25,"enemies":"Spire Growth","floor":42,"turns":3},{"damage":24,"enemies":"Writhing Mass","floor":45,"turns":3},{"damage":46,"enemies":"Nemesis","floor":46,"turns":5},{"damage":3,"enemies":"Transient","floor":48,"turns":5},{"damage":37,"enemies":"Time Eater","floor":50,"turns":5}],"seed_played":"-3925108639759913000","potions_obtained":[{"floor":6,"key":"Block Potion"},{"floor":7,"key":"Fire Potion"},{"floor":8,"key":"SteroidPotion"},{"floor":14,"key":"SmokeBomb"},{"floor":24,"key":"Fire Potion"},{"floor":33,"key":"GamblersBrew"}],"is_trial":false,"path_per_floor":["M","$","?","T","M","E","M","M","T","$","E","R","M","M","R","B",null,"M","M","$","M","?","R","E","?","T","M","M","$","R","M","R","B",null,"M","?","M","$","?","R","?","M","T","R","M","E","$","M","R","B",null],"character_chosen":"IRONCLAD","items_purchased":["Rupture","Happy Flower","Pummel","Inflame","Inflame"],"campfire_rested":0,"item_purchase_floors":[29,29,38,38,38],"current_hp_per_floor":[72,72,72,72,72,54,50,60,60,60,55,55,61,68,68,38,91,74,62,62,51,51,51,62,62,62,63,59,59,59,73,73,72,97,81,97,95,95,95,95,97,81,81,81,79,61,61,97,97,66],"gold":69,"neow_bonus":"RANDOM_COLORLESS_2","is_prod":false,"is_daily":false,"chose_seed":false,"campfire_upgraded":7,"win_rate":0,"timestamp":1551565974,"path_taken":["M","$","?","?","M","E","M","M","T","$","E","R","M","M","R","BOSS","M","M","$","M","?","R","E","?","T","M","?","$","R","M","R","BOSS","M","?","M","$","?","R","?","M","T","R","M","E","$","M","R","BOSS"],"build_version":"2019-01-23","purchased_purges":5,"victory":true,"max_hp_per_floor":[72,72,72,72,72,82,85,85,85,85,88,88,88,91,91,91,91,94,94,94,94,94,94,94,94,94,97,97,97,97,97,97,97,97,97,97,97,97,97,97,97,100,100,100,100,100,97,97,97,97],"card_choices":[{"not_picked":["Pommel Strike","Heavy Blade"],"picked":"Shrug It Off","floor":1},{"not_picked":["Evolve","Fire Breathing"],"picked":"Dropkick","floor":5},{"not_picked":["Headbutt","Shrug It Off"],"picked":"Feed","floor":6},{"not_picked":["Pommel Strike","Wild Strike"],"picked":"Second Wind","floor":7},{"not_picked":["Perfected Strike","Sword Boomerang"],"picked":"Inflame","floor":8},{"not_picked":["Headbutt","Armaments"],"picked":"Clash","floor":11},{"not_picked":["Headbutt","True Grit"],"picked":"Bloodletting","floor":13},{"not_picked":["Intimidate","Dual Wield"],"picked":"Inflame","floor":14},{"not_picked":["Exhume","Bludgeon"],"picked":"Reaper","floor":16},{"not_picked":["Dropkick+1","True Grit+1"],"picked":"Shockwave+1","floor":18},{"not_picked":["Thunderclap+1","Shockwave"],"picked":"Shrug It Off+1","floor":19},{"not_picked":["Perfected Strike+1","Thunderclap+1"],"picked":"Infernal Blade+1","floor":21},{"not_picked":["Thunderclap+1","Fire Breathing"],"picked":"Rampage","floor":24},{"not_picked":["Thunderclap","Havoc"],"picked":"Flex+1","floor":27},{"not_picked":["Twin Strike","Impervious"],"picked":"Pommel Strike+1","floor":28},{"not_picked":["Bludgeon","Impervious"],"picked":"Exhume","floor":33},{"not_picked":["Armaments+1","Entrench","Sword Boomerang"],"picked":"SKIP","floor":35},{"not_picked":["Corruption+1","Rupture+1"],"picked":"Infernal Blade","floor":36},{"not_picked":["True Grit","Thunderclap"],"picked":"Heavy Blade","floor":37},{"not_picked":["Searing Blow+1","Clothesline"],"picked":"Pummel+1","floor":41},{"not_picked":["Cleave","Fire Breathing+1"],"picked":"Heavy Blade","floor":42},{"not_picked":["Bloodletting+1","Impervious"],"picked":"Twin Strike","floor":45},{"not_picked":["Thunderclap","True Grit+1","Shrug It Off"],"picked":"SKIP","floor":46},{"not_picked":["Inflame","Twin Strike"],"picked":"Heavy Blade+1","floor":48}],"player_experience":81562,"relics_obtained":[{"floor":4,"key":"Bag of Preparation"},{"floor":6,"key":"Pear"},{"floor":9,"key":"Ornamental Fan"},{"floor":11,"key":"The Courier"},{"floor":24,"key":"Pantograph"},{"floor":26,"key":"MawBank"},{"floor":36,"key":"Champion Belt"},{"floor":41,"key":"Peace Pipe"},{"floor":43,"key":"Smiling Mask"},{"floor":46,"key":"PreservedInsect"}],"event_choices":[{"damage_healed":0,"gold_gain":0,"player_choice":"Box","damage_taken":0,"relics_obtained":["Meat on the Bone"],"max_hp_gain":0,"max_hp_loss":0,"event_name":"Big Fish","floor":3,"gold_loss":0,"cards_obtained":["Regret"]},{"damage_healed":0,"gold_gain":0,"player_choice":"Smashed Altar","damage_taken":0,"max_hp_gain":0,"max_hp_loss":0,"event_name":"Forgotten Altar","floor":22,"gold_loss":0,"cards_obtained":["Decay"]},{"cards_removed":["Decay"],"damage_healed":0,"gold_gain":0,"player_choice":"Purged","damage_taken":0,"max_hp_gain":0,"max_hp_loss":0,"event_name":"Purifier","floor":25,"gold_loss":0},{"damage_healed":0,"gold_gain":0,"player_choice":"Fight","damage_taken":0,"max_hp_gain":0,"max_hp_loss":0,"event_name":"MindBloom","floor":36,"gold_loss":0},{"damage_healed":0,"gold_gain":0,"player_choice":"Paid","damage_taken":0,"relics_obtained":["Red Mask"],"max_hp_gain":0,"max_hp_loss":0,"event_name":"Tomb of Lord Red Mask","floor":39,"gold_loss":58},{"damage_healed":0,"gold_gain":0,"player_choice":"Fight","damage_taken":0,"max_hp_gain":0,"max_hp_loss":0,"event_name":"Mysterious Sphere","floor":41,"gold_loss":0}],"is_beta":false,"boss_relics":[{"not_picked":["Tiny House","Black Blood"],"picked":"Pandora\u0027s Box"},{"not_picked":["Fusion Hammer","Black Star"],"picked":"Sozu"}],"items_purged_floors":[2,10,29,38,47],"is_endless":false,"potions_floor_spawned":[6,7,8,14,16,19,24,31,33,37,42,46,48],"ascension_level":0}