{"gold_per_floor":[119,294,53,73,87,116,144,156,191,203,165,77,77,94,94,194,244,259,244,36,36,46,46,46],"floor_reached":24,"playtime":1684,"items_purged":["Doubt","Strike_R","Defend_R"],"score":196,"play_id":"72f99f3c-28bc-4719-9476-b06c5dfc5fd7","local_time":"20190407184127","is_ascension_mode":false,"campfire_choices":[{"data":"Blood for Blood","floor":8,"key":"SMITH"},{"data":"Flex","floor":10,"key":"SMITH"},{"data":"Flame Barrier","floor":15,"key":"SMITH"},{"floor":23,"key":"REST"}],"neow_cost":"PERCENT_DAMAGE","seed_source_timestamp":2870510728124042,"circlet_count":0,"master_deck":["Strike_R+1","Strike_R","Strike_R","Defend_R","Defend_R","Defend_R+1","Bash","Panacea+1","Impatience","Pummel","Flame Barrier+1","Dropkick","Iron Wave","Flex+1","Body Slam","Uppercut","Blood for Blood+1","Demon Form","Armaments","Bandage Up","RitualDagger","Rampage"],"relics":["Burning Blood","MawBank","Potion Belt","Tiny House"],"potions_floor_usage":[18],"damage_taken":[{"damage":1,"enemies":"2 Louse","floor":1,"turns":3},{"damage":2,"enemies":"Small Slimes","floor":4,"turns":5},{"damage":6,"enemies":"Jaw Worm","floor":5,"turns":4},{"damage":25,"enemies":"Gremlin Nob","floor":6,"turns":5},{"damage":3,"enemies":"3 Louse","floor":7,"turns":4},{"damage":7,"enemies":"Blue Slaver","floor":14,"turns":2},{"damage":6,"enemies":"Slime Boss","floor":16,"turns":9},{"damage":15,"enemies":"Spheric Guardian","floor":18,"turns":4},{"damage":39,"enemies":"2 Thieves","floor":19,"turns":4},{"damage":37,"enemies":"Shelled Parasite and Fungi","floor":22,"turns":7},{"damage":0,"enemies":"Snake Plant","floor":24,"turns":1}],"seed_played":"-8970227702373577455","potions_obtained":[{"floor":7,"key":"PowerPotion"},{"floor":14,"key":"Block Potion"},{"floor":16,"key":"LiquidBronze"},{"floor":17,"key":"Block Potion"}],"is_trial":false,"path_per_floor":["M","?","$","M","M","E","M","R","T","R","?","$","?","M","R","B",null,"M","M","$","?","M","R","M"],"character_chosen":"IRONCLAD","items_purchased":["Flame Barrier","Dropkick","Iron Wave","Bandage Up"],"campfire_rested":1,"item_purchase_floors":[3,3,3,20],"current_hp_per_floor":[61,61,61,65,65,46,49,49,49,49,49,49,33,32,32,32,85,76,43,43,37,10,35,35],"gold":46,"neow_bonus":"RANDOM_COLORLESS_2","is_prod":false,"is_daily":false,"chose_seed":false,"campfire_upgraded":3,"win_rate":0.0,"timestamp":1554676887,"path_taken":["M","?","$","M","M","E","M","R","T","R","?","$","?","M","R","BOSS","M","M","$","?","M","R","M"],"build_version":"2019-01-23","purchased_purges":3,"victory":false,"max_hp_per_floor":[80,80,80,80,80,80,80,80,80,80,80,80,80,80,80,80,85,85,85,85,85,85,85,85],"card_choices":[{"not_picked":["Flex","Armaments"],"picked":"Pummel","floor":1},{"not_picked":["Seeing Red","Clash"],"picked":"Flex","floor":4},{"not_picked":["Anger","Rupture"],"picked":"Body Slam","floor":5},{"not_picked":["Pommel Strike","Juggernaut"],"picked":"Uppercut","floor":6},{"not_picked":["Thunderclap","Iron Wave"],"picked":"Blood for Blood","floor":7},{"not_picked":["Anger","Headbutt","Body Slam"],"picked":"SKIP","floor":14},{"not_picked":["Dark Embrace","Impervious"],"picked":"Demon Form","floor":16},{"not_picked":["Heavy Blade","Hemokinesis"],"picked":"Armaments","floor":17},{"not_picked":["Sever Soul","Body Slam","Cleave"],"picked":"SKIP","floor":18},{"not_picked":["Warcry+1","Thunderclap+1","True Grit"],"picked":"SKIP","floor":19},{"not_picked":["Headbutt","Thunderclap"],"picked":"Rampage","floor":22}],"player_experience":22419,"relics_obtained":[{"floor":6,"key":"MawBank"},{"floor":9,"key":"Potion Belt"}],"event_choices":[{"damage_healed":0,"gold_gain":175,"player_choice":"AGREE","damage_taken":0,"max_hp_gain":0,"max_hp_loss":0,"event_name":"Liars Game","floor":2,"gold_loss":0,"cards_obtained":["Doubt"]},{"cards_removed":["Strike_R"],"damage_healed":0,"gold_gain":0,"player_choice":"Card Removal","damage_taken":0,"max_hp_gain":0,"max_hp_loss":0,"event_name":"The Cleric","floor":11,"gold_loss":50},{"damage_healed":0,"gold_gain":0,"player_choice":"Entered Light","damage_taken":16,"max_hp_gain":0,"max_hp_loss":0,"event_name":"Shining Light","floor":13,"gold_loss":0,"cards_upgraded":["Defend_R","Panacea"]},{"damage_healed":0,"gold_gain":0,"player_choice":"Joined the Cult","damage_taken":6,"max_hp_gain":0,"max_hp_loss":0,"event_name":"Nest","floor":21,"gold_loss":0,"cards_obtained":["RitualDagger"]}],"is_beta":false,"boss_relics":[{"not_picked":["Eternal Feather","Coffee Dripper"],"picked":"Tiny House"}],"items_purged_floors":[3,12,20],"is_endless":false,"potions_floor_spawned":[7,14,16],"killed_by":"Snake Plant","ascension_level":0}