{"gold_per_floor":[112,112,112,112,126,154,171,183,228,260,273,273,286,306,306,405,405,421,108,118,118,128,158,172,184,232,273,87,102,116,126,126,126],"floor_reached":33,"playtime":1881,"items_purged":["Strike_R"],"score":462,"play_id":"da93f2f8-526e-4562-89d6-f514eb12257e","local_time":"20190520213103","is_ascension_mode":true,"campfire_choices":[{"data":"Armaments","floor":12.0,"key":"SMITH"},{"data":"Body Slam","floor":15.0,"key":"SMITH"},{"floor":32,"key":"REST"}],"neow_cost":"NONE","seed_source_timestamp":303253008757600,"circlet_count":0,"master_deck":["Strike_R","Strike_R","Strike_R","Strike_R","Defend_R","Defend_R","Defend_R","Bash","Impervious","Armaments+1","Body Slam+1","Battle Trance","Flame Barrier","Offering","Shrug It Off","Impervious","Ghostly Armor+1"],"special_seed":0,"relics":["Burning Blood","Darkstone Periapt","Red Skull","Orichalcum","Sozu","Gremlin Horn","Bronze Scales","MawBank","Bag of Marbles","DollysMirror"],"potions_floor_usage":[],"damage_taken":[{"damage":2.0,"enemies":"Jaw Worm","floor":1.0,"turns":5.0},{"damage":0.0,"enemies":"Small Slimes","floor":5.0,"turns":4.0},{"damage":10.0,"enemies":"Gremlin Nob","floor":6.0,"turns":4.0},{"damage":1.0,"enemies":"Cultist","floor":7.0,"turns":4.0},{"damage":1.0,"enemies":"2 Fungi Beasts","floor":8.0,"turns":3.0},{"damage":12.0,"enemies":"3 Sentries","floor":10.0,"turns":9.0},{"damage":11.0,"enemies":"Lots of Slimes","floor":11.0,"turns":7.0},{"damage":27.0,"enemies":"Gremlin Gang","floor":13.0,"turns":8.0},{"damage":0.0,"enemies":"3 Louse","floor":14.0,"turns":4.0},{"damage":30.0,"enemies":"Slime Boss","floor":16.0,"turns":10.0},{"damage":2.0,"enemies":"Chosen","floor":18.0,"turns":3.0},{"damage":6.0,"enemies":"2 Thieves","floor":20.0,"turns":3.0},{"damage":35.0,"enemies":"3 Cultists","floor":22.0,"turns":7.0},{"damage":15.0,"enemies":"Slavers","floor":23.0,"turns":5.0},{"damage":6.0,"enemies":"Centurion and Healer","floor":24.0,"turns":4.0},{"damage":19.0,"enemies":"Sentry and Sphere","floor":25.0,"turns":4.0},{"damage":33.0,"enemies":"Gremlin Leader","floor":27.0,"turns":3.0},{"damage":0.0,"enemies":"Chosen and Byrds","floor":29.0,"turns":3.0},{"damage":0.0,"enemies":"Snake Plant","floor":30.0,"turns":3.0},{"damage":7,"enemies":"Snecko","floor":31,"turns":4},{"damage":49,"enemies":"Collector","floor":33,"turns":5}],"seed_played":"-2282449997349134675","potions_obtained":[{"floor":4.0,"key":"Explosive Potion"},{"floor":4.0,"key":"SneckoOil"},{"floor":4.0,"key":"BloodPotion"},{"floor":5.0,"key":"PowerPotion"},{"floor":6.0,"key":"Energy Potion"},{"floor":11.0,"key":"Swift Potion"}],"is_trial":false,"path_per_floor":["M","?","?","?","M","E","M","M","T","E","M","R","M","M","R","B",null,"M","$","M","?","M","E","M","M","T","E","$","M","M","M","R","B"],"character_chosen":"IRONCLAD","items_purchased":["Gremlin Horn","DollysMirror"],"campfire_rested":1,"item_purchase_floors":[19,28],"current_hp_per_floor":[76,81,74,74,80,76,81,85,85,79,74,74,53,59,59,35,73,77,77,77,77,56,47,47,34,34,7,7,13,19,18,43,0],"gold":126,"neow_bonus":"ONE_RANDOM_RARE_CARD","is_prod":false,"is_daily":false,"chose_seed":false,"campfire_upgraded":2,"win_rate":0,"timestamp":1558413063,"path_taken":["M","?","?","?","M","E","M","M","T","E","M","R","?","M","R","BOSS","M","$","M","?","?","E","M","M","T","E","$","M","M","M","R","BOSS"],"build_version":"2019-01-23","purchased_purges":1,"victory":false,"max_hp_per_floor":[80,85,85,85,85,85,85,85,85,85,85,85,85,85,85,85,85,85,85,85,85,85,85,85,85,85,85,85,85,85,85,85,85],"card_choices":[{"not_picked":["True Grit","Warcry","Perfected Strike"],"picked":"SKIP","floor":1.0},{"not_picked":["Wild Strike","Pommel Strike"],"picked":"Armaments","floor":5.0},{"not_picked":["Iron Wave","Limit Break"],"picked":"Body Slam","floor":6.0},{"not_picked":["Flex","Reckless Charge"],"picked":"Battle Trance","floor":7.0},{"not_picked":["Armaments","Heavy Blade","Headbutt"],"picked":"SKIP","floor":8.0},{"not_picked":["Pommel Strike","Rampage","Whirlwind"],"picked":"SKIP","floor":10.0},{"not_picked":["Clash","Intimidate","Fire Breathing"],"picked":"SKIP","floor":11.0},{"not_picked":["Anger","Headbutt","Body Slam"],"picked":"SKIP","floor":13.0},{"not_picked":["Evolve","Sword Boomerang"],"picked":"Flame Barrier","floor":14.0},{"not_picked":["Exhume","Reaper"],"picked":"Offering","floor":16.0},{"not_picked":["Iron Wave","Thunderclap","Heavy Blade+1"],"picked":"SKIP","floor":18.0},{"not_picked":["Perfected Strike","Anger","Dual Wield"],"picked":"SKIP","floor":20.0},{"not_picked":["Perfected Strike","Flex+1","Burning Pact"],"picked":"SKIP","floor":22.0},{"not_picked":["Anger+1","Clothesline"],"picked":"Shrug It Off","floor":23.0},{"not_picked":["Clothesline","Ghostly Armor","Searing Blow"],"picked":"SKIP","floor":24.0},{"not_picked":["Cleave","Pummel","Perfected Strike+1"],"picked":"SKIP","floor":25.0},{"not_picked":["Intimidate","Iron Wave","Pommel Strike+1"],"picked":"SKIP","floor":27.0},{"not_picked":["Battle Trance","Flex+1"],"picked":"Ghostly Armor+1","floor":29.0},{"not_picked":["Thunderclap+1","Clash+1","Combust"],"picked":"SKIP","floor":30.0},{"not_picked":["Dropkick","Shockwave","Body Slam"],"picked":"SKIP","floor":31}],"player_experience":249626,"relics_obtained":[{"floor":6.0,"key":"Darkstone Periapt"},{"floor":9.0,"key":"Red Skull"},{"floor":10.0,"key":"Orichalcum"},{"floor":23.0,"key":"Bronze Scales"},{"floor":26.0,"key":"MawBank"},{"floor":27.0,"key":"Bag of Marbles"}],"event_choices":[{"damage_healed":0.0,"max_hp_gain":5.0,"max_hp_loss":0.0,"gold_gain":0.0,"event_name":"Big Fish","player_choice":"Donut","floor":2.0,"gold_loss":0.0,"damage_taken":0.0},{"cards_removed":["Defend_R"],"damage_healed":0.0,"max_hp_gain":0.0,"max_hp_loss":0.0,"gold_gain":0.0,"event_name":"Golden Wing","player_choice":"Card Removal","floor":3.0,"gold_loss":0.0,"damage_taken":7.0},{"damage_healed":0.0,"max_hp_gain":0.0,"max_hp_loss":0.0,"gold_gain":0.0,"event_name":"Lab","player_choice":"Got Potions","floor":4.0,"gold_loss":0.0,"damage_taken":0.0},{"damage_healed":0.0,"max_hp_gain":0.0,"max_hp_loss":0.0,"gold_gain":0.0,"event_name":"The Woman in Blue","player_choice":"Bought 0 Potions","floor":21.0,"gold_loss":0.0,"damage_taken":0.0}],"is_beta":false,"boss_relics":[{"not_picked":["Orrery","Eternal Feather"],"picked":"Sozu"}],"items_purged_floors":[19],"is_endless":false,"potions_floor_spawned":[5,6,11,13,14,22,23,25,27,30],"killed_by":"Collector","ascension_level":8}