{"gold_per_floor":[114,39,54,69,84,99,114,189,264,294,294,309,309,309,309,309],"floor_reached":16,"playtime":946,"items_purged":["Strike_B"],"score":104,"play_id":"110e6df4-50c3-4bbc-9372-5e3942a46a15","local_time":"20190426201444","daily_mods":["Chimera","Uncertain Future","Night Terrors"],"is_ascension_mode":false,"campfire_choices":[{"data":"Defragment","floor":11,"key":"SMITH"},{"data":"Conserve Battery","floor":13,"key":"SMITH"},{"data":"Redo","floor":15,"key":"SMITH"}],"neow_cost":"","seed_source_timestamp":4510164626593701,"circlet_count":0,"master_deck":["Bash","Survivor","Zap","Strike_R","Strike_G","Defend_R","Defend_G","Ball Lightning","Static Discharge","Defragment+1","Redo+1","Conserve Battery+1"],"special_seed":18012,"relics":["Cracked Core","Blue Candle","Ornamental Fan"],"potions_floor_usage":[10,10,10],"damage_taken":[{"damage":0,"enemies":"Cultist","floor":1,"turns":3},{"damage":3,"enemies":"Jaw Worm","floor":3,"turns":2},{"damage":1,"enemies":"2 Louse","floor":4,"turns":3},{"damage":8,"enemies":"Large Slime","floor":5,"turns":5},{"damage":7,"enemies":"Exordium Wildlife","floor":6,"turns":3},{"damage":7,"enemies":"Looter","floor":7,"turns":3},{"damage":11,"enemies":"Lagavulin","floor":10,"turns":5},{"damage":16,"enemies":"Lots of Slimes","floor":12,"turns":4},{"damage":33,"enemies":"Hexaghost","floor":16,"turns":7}],"seed_played":"1936740419660225574","potions_obtained":[{"floor":4,"key":"EssenceOfSteel"},{"floor":5,"key":"Strength Potion"},{"floor":6,"key":"FocusPotion"},{"floor":7,"key":"Regen Potion"}],"is_trial":false,"path_per_floor":["M","$","M","M","M","M","M","?","T","E","R","M","R","?","R","B"],"character_chosen":"DEFECT","items_purchased":[],"campfire_rested":0,"item_purchase_floors":[],"current_hp_per_floor":[75,75,72,71,63,56,49,42,42,43,43,27,27,27,27,0],"gold":309,"neow_bonus":"","is_prod":false,"is_daily":true,"chose_seed":false,"campfire_upgraded":3,"win_rate":0,"timestamp":1556324084,"path_taken":["M","$","M","M","M","M","M","?","T","E","R","?","R","?","R","BOSS"],"build_version":"2019-01-23","purchased_purges":1,"victory":false,"max_hp_per_floor":[75,75,75,75,75,75,75,75,75,75,75,75,75,75,75,75],"card_choices":[{"not_picked":["Gash","Barrage"],"picked":"Ball Lightning","floor":1},{"not_picked":["Chaos","Hologram"],"picked":"Static Discharge","floor":3},{"not_picked":["Conserve Battery","Coolheaded"],"picked":"Defragment","floor":4},{"not_picked":["Hello World","Melter"],"picked":"Redo","floor":5},{"not_picked":["Rebound","Static Discharge","Stack"],"picked":"SKIP","floor":6},{"not_picked":["Steam","Double Energy","Hologram"],"picked":"SKIP","floor":7},{"not_picked":["Stack","Steam","Aggregate"],"picked":"SKIP","floor":10},{"not_picked":["Steam Power","BootSequence"],"picked":"Conserve Battery","floor":12}],"player_experience":172026,"relics_obtained":[{"floor":9,"key":"Blue Candle"},{"floor":10,"key":"Ornamental Fan"}],"event_choices":[{"damage_healed":0,"gold_gain":75,"player_choice":"Touch","damage_taken":7,"max_hp_gain":0,"max_hp_loss":0,"event_name":"FaceTrader","floor":8,"gold_loss":0},{"cards_removed":["Defend_B"],"damage_healed":0,"gold_gain":0,"player_choice":"Forget","damage_taken":0,"max_hp_gain":0,"max_hp_loss":0,"event_name":"Living Wall","floor":14,"gold_loss":0}],"is_beta":false,"boss_relics":[],"items_purged_floors":[2],"is_endless":false,"potions_floor_spawned":[4,5,6,7],"killed_by":"Hexaghost","ascension_level":0}