{"gold_per_floor":[119,138,138,313,326,326,357,357,380,380,393,100,100,110,110,187,187,206,221,221],"floor_reached":20,"playtime":1047,"items_purged":["Strike_R"],"score":295,"play_id":"c70f7309-165d-47f8-82bf-376147742f42","local_time":"20190508231002","is_ascension_mode":true,"campfire_choices":[{"data":"Bash","floor":6,"key":"SMITH"},{"data":"Disarm","floor":8,"key":"SMITH"},{"data":"Shrug It Off","floor":13,"key":"SMITH"},{"floor":15,"key":"REST"}],"neow_cost":"NONE","seed_source_timestamp":364202790651391,"circlet_count":0,"master_deck":["AscendersBane","Strike_R","Strike_R+1","Strike_R","Strike_R","Defend_R","Defend_R","Defend_R","Defend_R","Bash+1","Juggernaut","Cleave+1","Anger","Wild Strike","Disarm+1","Iron Wave","Shrug It Off+1","Metallicize","True Grit","Barricade","Shrug It Off+1","Metallicize"],"relics":["Burning Blood","Art of War","Smiling Mask","Spirit Poop","Vajra","Mark of Pain"],"potions_floor_usage":[7,16,16],"damage_taken":[{"damage":11,"enemies":"Small Slimes","floor":1,"turns":5},{"damage":6,"enemies":"Cultist","floor":2,"turns":4},{"damage":0,"enemies":"2 Louse","floor":5,"turns":3},{"damage":24,"enemies":"Gremlin Nob","floor":7,"turns":4},{"damage":18,"enemies":"Red Slaver","floor":11,"turns":5},{"damage":13,"enemies":"Lots of Slimes","floor":14,"turns":3},{"damage":16,"enemies":"The Guardian","floor":16,"turns":10},{"damage":27,"enemies":"Spheric Guardian","floor":18,"turns":5},{"damage":23,"enemies":"Chosen","floor":19,"turns":6},{"damage":30,"enemies":"Snake Plant","floor":20,"turns":6}],"seed_played":"5555480343385256194","potions_obtained":[{"floor":5,"key":"Energy Potion"},{"floor":7,"key":"LiquidBronze"},{"floor":14,"key":"Energy Potion"},{"floor":16,"key":"FearPotion"}],"is_trial":false,"path_per_floor":["M","M","?","?","M","R","E","R","T","?","M","$","R","M","R","B",null,"M","M","M"],"character_chosen":"IRONCLAD","items_purchased":["Shrug It Off","Metallicize","Vajra"],"campfire_rested":1,"item_purchase_floors":[12,12,12],"current_hp_per_floor":[63,63,48,48,54,54,36,36,36,36,24,24,24,17,39,29,64,43,26,0],"gold":221,"neow_bonus":"ONE_RANDOM_RARE_CARD","is_prod":false,"is_daily":false,"chose_seed":false,"campfire_upgraded":3,"win_rate":0,"timestamp":1557371402,"path_taken":["M","M","?","?","M","R","E","R","T","?","M","$","R","M","R","BOSS","M","?","M"],"build_version":"2019-01-23","purchased_purges":1,"victory":false,"max_hp_per_floor":[75,75,75,75,75,75,75,75,75,75,75,75,75,75,75,75,75,75,75,75],"card_choices":[{"not_picked":["True Grit","Sword Boomerang"],"picked":"Cleave","floor":1},{"not_picked":["Twin Strike","Whirlwind"],"picked":"Anger","floor":2},{"not_picked":["Heavy Blade","Cleave"],"picked":"Wild Strike","floor":5},{"not_picked":["Heavy Blade","Demon Form"],"picked":"Disarm","floor":7},{"not_picked":["Twin Strike","Wild Strike"],"picked":"Iron Wave","floor":11},{"not_picked":["Infernal Blade","Pommel Strike"],"picked":"True Grit","floor":14},{"not_picked":["Offering","Exhume"],"picked":"Barricade","floor":16},{"not_picked":["Dual Wield","Anger"],"picked":"Shrug It Off+1","floor":18},{"not_picked":["Sentinel","Iron Wave"],"picked":"Metallicize","floor":19}],"player_experience":438614,"relics_obtained":[{"floor":7,"key":"Art of War"},{"floor":9,"key":"Smiling Mask"}],"event_choices":[{"damage_healed":0,"gold_gain":0,"player_choice":"Entered Light","damage_taken":15,"max_hp_gain":0,"max_hp_loss":0,"event_name":"Shining Light","floor":3,"gold_loss":0,"cards_upgraded":["Cleave","Strike_R"]},{"damage_healed":0,"gold_gain":175,"player_choice":"AGREE","damage_taken":0,"max_hp_gain":0,"max_hp_loss":0,"event_name":"Liars Game","floor":4,"gold_loss":0,"cards_obtained":["Doubt"]},{"cards_removed":["Doubt"],"damage_healed":0,"gold_gain":0,"player_choice":"Offered Curse","damage_taken":0,"relics_obtained":["Spirit Poop"],"max_hp_gain":0,"max_hp_loss":0,"event_name":"Bonfire Elementals","floor":10,"gold_loss":0}],"is_beta":false,"boss_relics":[{"not_picked":["Philosopher\u0027s Stone","White Beast Statue"],"picked":"Mark of Pain"}],"items_purged_floors":[12],"is_endless":false,"potions_floor_spawned":[5,7,14,16],"killed_by":"Snake Plant","ascension_level":14}