{"gold_per_floor":[15,15,90,110,60,91,105,69,94,105,133,143,163,186,186,186],"floor_reached":16,"playtime":1488,"items_purged":[],"score":112,"play_id":"d17fc3d6-4c53-4482-a6d6-33547223ccb8","local_time":"20181229101742","is_ascension_mode":false,"campfire_choices":[{"floor":15,"key":"REST"}],"neow_cost":"NO_GOLD","seed_source_timestamp":720723438750700,"circlet_count":0,"master_deck":["Defend_G","Defend_G","Defend_G","Strike_G+1","Strike_G","Strike_G","Survivor","Neutralize","Dash+1","Quick Slash","Well Laid Plans","Dagger Throw","Noxious Fumes","Tactician","Predator","Die Die Die","Acrobatics","Finisher"],"relics":["Ring of the Snake","Snake Skull","Whetstone","Pen Nib","Odd Mushroom"],"potions_floor_usage":[14,16,16],"damage_taken":[{"damage":0,"enemies":"Jaw Worm","floor":1,"turns":5},{"damage":0,"enemies":"Small Slimes","floor":4,"turns":3},{"damage":12,"enemies":"Gremlin Nob","floor":6,"turns":5},{"damage":0,"enemies":"2 Louse","floor":7,"turns":3},{"damage":0,"enemies":"Gremlin Gang","floor":10,"turns":5},{"damage":2,"enemies":"3 Sentries","floor":11,"turns":7},{"damage":5,"enemies":"Blue Slaver","floor":12,"turns":4},{"damage":0,"enemies":"Looter","floor":13,"turns":2},{"damage":13,"enemies":"The Mushroom Lair","floor":14,"turns":3},{"damage":48,"enemies":"The Guardian","floor":16,"turns":7}],"seed_played":"6162344449703245677","potions_obtained":[{"floor":1,"key":"Swift Potion"},{"floor":6,"key":"Fire Potion"},{"floor":10,"key":"Fire Potion"}],"is_trial":false,"path_per_floor":["M","?","?","M","?","E","M","$","T","M","E","M","M","?","R","B"],"character_chosen":"THE_SILENT","items_purchased":["Noxious Fumes"],"campfire_rested":1,"item_purchase_floors":[8],"current_hp_per_floor":[70,70,59,59,59,47,47,47,47,47,45,40,40,27,48,0],"gold":186,"neow_bonus":"REMOVE_TWO","is_prod":false,"is_daily":false,"chose_seed":false,"campfire_upgraded":0,"win_rate":0.0,"timestamp":1546100262,"path_taken":["M","?","?","M","?","E","M","$","T","M","E","M","?","?","R","BOSS"],"build_version":"2018-12-20","purchased_purges":0,"victory":false,"max_hp_per_floor":[70,70,70,70,70,70,70,70,70,70,70,70,70,70,70,70],"card_choices":[{"not_picked":["Distraction","Outmaneuver"],"picked":"Dash","floor":1},{"not_picked":["Sucker Punch","PiercingWail"],"picked":"Quick Slash","floor":4},{"not_picked":["Dash","Outmaneuver"],"picked":"Well Laid Plans","floor":6},{"not_picked":["Poisoned Stab","Deadly Poison"],"picked":"Dagger Throw","floor":7},{"not_picked":["Calculated Gamble","Prepared"],"picked":"Tactician","floor":10},{"not_picked":["Sucker Punch","Quick Slash"],"picked":"Predator","floor":11},{"not_picked":["Predator","Calculated Gamble"],"picked":"Die Die Die","floor":12},{"not_picked":["Deflect","Eviscerate"],"picked":"Acrobatics","floor":13},{"not_picked":["Backstab","Backflip"],"picked":"Finisher","floor":14}],"player_experience":19070,"relics_obtained":[{"floor":6,"key":"Snake Skull"},{"floor":9,"key":"Whetstone"},{"floor":11,"key":"Pen Nib"},{"floor":14,"key":"Odd Mushroom"}],"event_choices":[{"cards_removed":["Defend_G"],"damage_healed":0,"gold_gain":0,"player_choice":"Forget","damage_taken":0,"max_hp_gain":0,"max_hp_loss":0,"event_name":"Living Wall","floor":2,"gold_loss":0},{"damage_healed":0,"gold_gain":75,"player_choice":"Gather Gold","damage_taken":11,"max_hp_gain":0,"max_hp_loss":0,"event_name":"World of Goop","floor":3,"gold_loss":0},{"cards_removed":["Strike_G"],"damage_healed":0,"gold_gain":0,"player_choice":"Card Removal","damage_taken":0,"max_hp_gain":0,"max_hp_loss":0,"event_name":"The Cleric","floor":5,"gold_loss":50},{"damage_healed":0,"gold_gain":0,"player_choice":"Fought Mushrooms","damage_taken":0,"max_hp_gain":0,"max_hp_loss":0,"event_name":"Mushrooms","floor":14,"gold_loss":0}],"is_beta":false,"boss_relics":[],"items_purged_floors":[],"is_endless":false,"potions_floor_spawned":[1,6,10,11],"killed_by":"The Guardian","ascension_level":0}