{"gold_per_floor":[110,110,185,185,205,237,237,263,290,290,302,319,353,84,84,180,180,197,297,297,313,70,70,99,99,99,127,127,178,178,212,212,308,308,320,339,356,356,62,91,91,143,143,171,171,206,239,250,250,250,250,250,18,50,50],"floor_reached":56,"playtime":4138,"items_purged":["Strike_G","Strike_G"],"score":1619,"play_id":"908e9799-3338-4ebe-b19c-b796e770ac30","local_time":"20190526171435","is_ascension_mode":true,"campfire_choices":[{"data":"Crippling Poison","floor":7,"key":"SMITH"},{"floor":10,"key":"REST"},{"data":"A Thousand Cuts","floor":15,"key":"SMITH"},{"floor":23,"key":"REST"},{"floor":25,"key":"REST"},{"floor":32,"key":"REST"},{"floor":41,"key":"RECALL"},{"floor":45,"key":"REST"},{"data":"After Image","floor":49,"key":"SMITH"},{"data":"Catalyst","floor":52,"key":"SMITH"}],"neow_cost":"NONE","seed_source_timestamp":379604431556256,"circlet_count":0,"master_deck":["Defend_G","Defend_G","Defend_G+1","Defend_G+1","Strike_G+1","Strike_G","Strike_G","Survivor","Neutralize+1","Cloak And Dagger","Dash","Crippling Poison+1","Endless Agony+1","A Thousand Cuts+1","Dodge and Roll","Storm of Steel","Terror","After Image+1","Noxious Fumes","Sucker Punch+1","Footwork","Dash+1","Writhe","RitualDagger","Backstab","Tools of the Trade","Acrobatics+1","Catalyst+1","Footwork","Dodge and Roll","Finisher","PiercingWail","Leg Sweep+1","Crippling Poison","Finisher+1","Noxious Fumes","Infinite Blades","Deadly Poison"],"relics":["Ring of the Snake","NeowsBlessing","Boot","Centennial Puzzle","War Paint","Art of War","Tiny Chest","Black Star","FossilizedHelix","Ninja Scroll","Snake Skull","Happy Flower","Juzu Bracelet","Thread and Needle","Vajra","Tough Bandages","Omamori","Mummified Hand","WingedGreaves","Cursed Key","WarpedTongs","Potion Belt","Pen Nib","The Courier","Sundial","Gambling Chip","Kunai","Regal Pillow","Anchor","Letter Opener","Pear","Bag of Marbles","Strawberry","Oddly Smooth Stone","Whetstone","Paper Crane"],"potions_floor_usage":[12,13,19,24,31,40,40,50,55,55,55],"damage_taken":[{"damage":0,"enemies":"Jaw Worm","floor":1,"turns":1},{"damage":0,"enemies":"2 Louse","floor":5,"turns":1},{"damage":0,"enemies":"3 Sentries","floor":6,"turns":1},{"damage":15,"enemies":"Gremlin Nob","floor":8,"turns":4},{"damage":0,"enemies":"Cultist","floor":11,"turns":3},{"damage":4,"enemies":"Exordium Thugs","floor":12,"turns":2},{"damage":8,"enemies":"3 Sentries","floor":13,"turns":6},{"damage":13,"enemies":"The Guardian","floor":16,"turns":11},{"damage":0,"enemies":"3 Byrds","floor":18,"turns":3},{"damage":20,"enemies":"Colosseum Slavers","floor":19,"turns":4},{"damage":20,"enemies":"Colosseum Nobs","floor":19,"turns":6},{"damage":0,"enemies":"Shell Parasite","floor":21,"turns":5},{"damage":16,"enemies":"Slavers","floor":24,"turns":4},{"damage":5,"enemies":"Book of Stabbing","floor":27,"turns":6},{"damage":0,"enemies":"Slavers","floor":31,"turns":5},{"damage":14,"enemies":"Collector","floor":33,"turns":11},{"damage":6,"enemies":"3 Darklings","floor":35,"turns":3},{"damage":0,"enemies":"Orb Walker","floor":36,"turns":3},{"damage":0,"enemies":"Transient","floor":37,"turns":5},{"damage":6,"enemies":"Reptomancer","floor":40,"turns":7},{"damage":26,"enemies":"2 Orb Walkers","floor":42,"turns":4},{"damage":0,"enemies":"Giant Head","floor":44,"turns":6},{"damage":0,"enemies":"Reptomancer","floor":46,"turns":5},{"damage":0,"enemies":"Nemesis","floor":47,"turns":5},{"damage":0,"enemies":"Sphere and 2 Shapes","floor":48,"turns":4},{"damage":11,"enemies":"Awakened One","floor":50,"turns":13},{"damage":0,"enemies":"Shield and Spear","floor":54,"turns":6},{"damage":2,"enemies":"The Heart","floor":55,"turns":8}],"seed_played":"-3232484557172977915","potions_obtained":[{"floor":1,"key":"Strength Potion"},{"floor":5,"key":"SpeedPotion"},{"floor":11,"key":"AttackPotion"},{"floor":13,"key":"LiquidBronze"},{"floor":21,"key":"PowerPotion"},{"floor":27,"key":"Strength Potion"},{"floor":33,"key":"AttackPotion"},{"floor":35,"key":"Energy Potion"},{"floor":37,"key":"Block Potion"},{"floor":46,"key":"Strength Potion"},{"floor":48,"key":"AttackPotion"},{"floor":54,"key":"Swift Potion"}],"is_trial":false,"path_per_floor":["M","?","?","?","M","E","R","E","T","R","M","M","E","$","R","B",null,"M","?","?","M","$","R","E","R","T","E","?","T","?","E","R","B",null,"M","M","M","?","$","E","R","?","T","E","R","E","E","M","R","B",null,"R","$","E","B",null],"character_chosen":"THE_SILENT","items_purchased":["Tiny Chest","Terror","Snake Skull","Potion Belt","Pen Nib","Oddly Smooth Stone","Noxious Fumes","Infinite Blades"],"campfire_rested":5,"item_purchase_floors":[14,14,22,39,39,53,53,53],"current_hp_per_floor":[70,70,59,59,59,59,59,44,44,65,65,61,53,53,53,40,70,70,30,30,30,30,51,35,56,56,51,51,51,45,45,66,52,70,64,64,64,64,64,58,58,32,32,32,68,78,85,85,85,74,87,87,87,87,85],"gold":50,"neow_bonus":"THREE_ENEMY_KILL","is_prod":false,"is_daily":false,"chose_seed":false,"campfire_upgraded":4,"win_rate":0,"timestamp":1558908875,"path_taken":["M","?","?","?","M","E","R","E","T","R","?","M","E","?","R","BOSS","M","?","?","M","$","R","E","R","T","E","?","?","?","E","R","BOSS","M","M","M","?","$","E","R","?","T","E","R","E","E","M","R","BOSS","R","$","E","BOSS"],"build_version":"2019-01-23","purchased_purges":2,"victory":true,"max_hp_per_floor":[70,70,70,70,70,70,70,70,70,70,70,70,70,70,70,70,70,70,70,70,70,70,70,70,70,70,70,70,70,70,70,70,70,70,70,70,70,70,70,70,70,70,70,70,70,80,87,87,87,87,87,87,87,87,87],"card_choices":[{"not_picked":["Deadly Poison","Eviscerate"],"picked":"Cloak And Dagger","floor":1},{"not_picked":["Cloak And Dagger","PiercingWail"],"picked":"Dash","floor":5},{"not_picked":["Cloak And Dagger","Expertise"],"picked":"Crippling Poison","floor":6},{"not_picked":["Dagger Throw","Slice"],"picked":"Endless Agony","floor":8},{"not_picked":["Flying Knee","PiercingWail"],"picked":"A Thousand Cuts","floor":11},{"not_picked":["Expertise","Well Laid Plans"],"picked":"Dodge and Roll","floor":12},{"not_picked":["Eviscerate","PiercingWail"],"picked":"Storm of Steel","floor":13},{"not_picked":["Die Die Die","Bullet Time"],"picked":"After Image","floor":16},{"not_picked":["PiercingWail","Bane"],"picked":"Noxious Fumes","floor":18},{"not_picked":["PiercingWail","Reflex"],"picked":"Sucker Punch+1","floor":21},{"not_picked":["Catalyst","Acrobatics"],"picked":"Footwork","floor":24},{"not_picked":["Dagger Spray","Prepared+1"],"picked":"Dash+1","floor":27},{"not_picked":["Escape Plan","Blur"],"picked":"Backstab","floor":31},{"not_picked":["Wraith Form v2","Burst"],"picked":"Tools of the Trade","floor":33},{"not_picked":["PiercingWail","Flying Knee+1"],"picked":"Acrobatics+1","floor":35},{"not_picked":["Quick Slash","Deadly Poison"],"picked":"Catalyst","floor":36},{"not_picked":["Underhanded Strike","PiercingWail+1"],"picked":"Footwork","floor":37},{"not_picked":["Storm of Steel","Bane+1"],"picked":"Dodge and Roll","floor":40},{"not_picked":["Poisoned Stab+1","Underhanded Strike"],"picked":"Finisher","floor":42},{"not_picked":["Masterful Stab","Poisoned Stab"],"picked":"PiercingWail","floor":44},{"not_picked":["Deflect","Slice+1"],"picked":"Leg Sweep+1","floor":46},{"not_picked":["Die Die Die","Deflect+1"],"picked":"Crippling Poison","floor":47},{"not_picked":["Deadly Poison","Dagger Spray+1"],"picked":"Finisher+1","floor":48},{"not_picked":["Bane+1","Infinite Blades"],"picked":"Deadly Poison","floor":54}],"player_experience":23382,"relics_obtained":[{"floor":6,"key":"Boot"},{"floor":8,"key":"Centennial Puzzle"},{"floor":9,"key":"War Paint"},{"floor":13,"key":"Art of War"},{"floor":19,"key":"FossilizedHelix"},{"floor":19,"key":"Ninja Scroll"},{"floor":24,"key":"Happy Flower"},{"floor":24,"key":"Juzu Bracelet"},{"floor":26,"key":"Thread and Needle"},{"floor":27,"key":"Vajra"},{"floor":27,"key":"Tough Bandages"},{"floor":31,"key":"Mummified Hand"},{"floor":31,"key":"WingedGreaves"},{"floor":40,"key":"The Courier"},{"floor":40,"key":"Sundial"},{"floor":42,"key":"Gambling Chip"},{"floor":43,"key":"Kunai"},{"floor":44,"key":"Regal Pillow"},{"floor":44,"key":"Anchor"},{"floor":46,"key":"Letter Opener"},{"floor":46,"key":"Pear"},{"floor":47,"key":"Bag of Marbles"},{"floor":47,"key":"Strawberry"},{"floor":54,"key":"Whetstone"},{"floor":54,"key":"Paper Crane"}],"event_choices":[{"damage_healed":0,"gold_gain":0,"player_choice":"Grow","damage_taken":0,"max_hp_gain":0,"max_hp_loss":0,"event_name":"Living Wall","floor":2,"gold_loss":0,"cards_upgraded":["Neutralize"]},{"damage_healed":0,"gold_gain":75,"player_choice":"Gather Gold","damage_taken":11,"max_hp_gain":0,"max_hp_loss":0,"event_name":"World of Goop","floor":3,"gold_loss":0},{"cards_removed":["Defend_G"],"damage_healed":0,"gold_gain":0,"player_choice":"Purged","damage_taken":0,"max_hp_gain":0,"max_hp_loss":0,"event_name":"Purifier","floor":4,"gold_loss":0},{"damage_healed":0,"gold_gain":0,"player_choice":"Fight","damage_taken":0,"max_hp_gain":0,"max_hp_loss":0,"event_name":"Colosseum","floor":19,"gold_loss":0},{"damage_healed":0,"gold_gain":0,"player_choice":"Fought Nobs","damage_taken":0,"max_hp_gain":0,"max_hp_loss":0,"event_name":"Colosseum","floor":19,"gold_loss":0},{"damage_healed":0,"gold_gain":0,"player_choice":"Ignored","damage_taken":0,"max_hp_gain":0,"max_hp_loss":0,"event_name":"Ghosts","floor":20,"gold_loss":0},{"damage_healed":0,"gold_gain":0,"player_choice":"Opened","damage_taken":0,"relics_obtained":["Omamori"],"max_hp_gain":0,"max_hp_loss":0,"event_name":"The Mausoleum","floor":28,"gold_loss":0,"cards_obtained":["Writhe"]},{"damage_healed":0,"gold_gain":0,"player_choice":"Joined the Cult","damage_taken":6,"max_hp_gain":0,"max_hp_loss":0,"event_name":"Nest","floor":30,"gold_loss":0,"cards_obtained":["RitualDagger"]},{"damage_healed":0,"gold_gain":0,"player_choice":"Rummage","damage_taken":0,"relics_obtained":["WarpedTongs"],"max_hp_gain":0,"max_hp_loss":0,"event_name":"Accursed Blacksmith","floor":38,"gold_loss":0,"cards_obtained":["Pain"]},{"damage_healed":0,"gold_gain":0,"player_choice":"Fight","damage_taken":0,"max_hp_gain":0,"max_hp_loss":0,"event_name":"Mysterious Sphere","floor":42,"gold_loss":0}],"is_beta":false,"boss_relics":[{"not_picked":["HoveringKite","Astrolabe"],"picked":"Black Star"},{"not_picked":["Fusion Hammer","Velvet Choker"],"picked":"Cursed Key"}],"items_purged_floors":[14,22],"is_endless":false,"potions_floor_spawned":[1,5,11,13,21,27,33,35,37,46,48,54],"ascension_level":1}