{"gold_per_floor":[112,62,79,79,4,37,53,70,150,185,198,198,64,75,75,75],"floor_reached":16,"playtime":2707,"items_purged":["Strike_G","Strike_G"],"score":112,"play_id":"97ef0d63-30e3-4dcc-b839-4b8e6961ff33","local_time":"20190408162700","is_ascension_mode":false,"campfire_choices":[{"data":"Wraith Form v2","floor":15,"key":"SMITH"}],"neow_cost":"NONE","seed_source_timestamp":2947813680049359,"circlet_count":0,"master_deck":["Defend_G","Defend_G","Defend_G","Defend_G","Strike_G","Strike_G","Survivor","Neutralize","Well Laid Plans","Deadly Poison","Wraith Form v2+1","Noxious Fumes","Prepared","Bouncing Flask","Blur","Footwork"],"relics":["Ring of the Snake","Girya","Letter Opener","Happy Flower"],"potions_floor_usage":[8],"damage_taken":[{"damage":0,"enemies":"2 Louse","floor":1,"turns":3},{"damage":0,"enemies":"Cultist","floor":3,"turns":3},{"damage":22,"enemies":"Lagavulin","floor":6,"turns":9},{"damage":0,"enemies":"Small Slimes","floor":7,"turns":4},{"damage":0,"enemies":"Looter","floor":8,"turns":4},{"damage":25,"enemies":"Gremlin Nob","floor":10,"turns":7},{"damage":9,"enemies":"3 Louse","floor":11,"turns":3},{"damage":2,"enemies":"Large Slime","floor":14,"turns":7},{"damage":21,"enemies":"Slime Boss","floor":16,"turns":9}],"seed_played":"7055887999017424897","potions_obtained":[{"floor":6,"key":"Fire Potion"},{"floor":10,"key":"Regen Potion"},{"floor":14,"key":"Ancient Potion"}],"is_trial":false,"path_per_floor":["M","$","M","?","$","E","M","M","T","E","M","?","$","M","R","B"],"character_chosen":"THE_SILENT","items_purchased":["Deadly Poison","Blur"],"campfire_rested":0,"item_purchase_floors":[2,13],"current_hp_per_floor":[77,77,77,77,77,55,55,55,55,30,21,21,21,19,19,0],"gold":75,"neow_bonus":"TEN_PERCENT_HP_BONUS","is_prod":false,"is_daily":false,"chose_seed":false,"campfire_upgraded":1,"win_rate":0.0,"timestamp":1554755220,"path_taken":["M","$","M","?","$","E","?","M","T","E","M","?","$","M","R","BOSS"],"build_version":"2019-01-23","purchased_purges":2,"victory":false,"max_hp_per_floor":[77,77,77,77,77,77,77,77,77,77,77,77,77,77,77,77],"card_choices":[{"not_picked":["Backflip","Blade Dance"],"picked":"Well Laid Plans","floor":1},{"not_picked":["Slice","Choke","Underhanded Strike"],"picked":"SKIP","floor":3},{"not_picked":["Terror","Riddle With Holes"],"picked":"Wraith Form v2","floor":6},{"not_picked":["Outmaneuver","PiercingWail","Quick Slash"],"picked":"SKIP","floor":7},{"not_picked":["Outmaneuver","Infinite Blades"],"picked":"Noxious Fumes","floor":8},{"not_picked":["Blade Dance","Riddle With Holes"],"picked":"Prepared","floor":10},{"not_picked":["Masterful Stab","Slice"],"picked":"Bouncing Flask","floor":11},{"not_picked":["Deflect","Blade Dance"],"picked":"Footwork","floor":14}],"player_experience":46073,"relics_obtained":[{"floor":6,"key":"Girya"},{"floor":9,"key":"Letter Opener"},{"floor":10,"key":"Happy Flower"}],"event_choices":[{"cards_removed":["Strike_G"],"damage_healed":0,"gold_gain":0,"player_choice":"Purged","damage_taken":0,"max_hp_gain":0,"max_hp_loss":0,"event_name":"Purifier","floor":4,"gold_loss":0},{"cards_removed":["Defend_G"],"damage_healed":0,"gold_gain":0,"player_choice":"Forget","damage_taken":0,"max_hp_gain":0,"max_hp_loss":0,"event_name":"Living Wall","floor":12,"gold_loss":0}],"is_beta":false,"boss_relics":[],"items_purged_floors":[5,13],"is_endless":false,"potions_floor_spawned":[6,10,14],"killed_by":"Slime Boss","ascension_level":0}