{"gold_per_floor":[115,133,208,208,221,221,236,336,336,347,347,358,375,26,26,105,105,30,43,43,62,26,26,54,71,121,139,155,165,215,215],"floor_reached":31,"playtime":1217,"items_purged":["Strike_B"],"score":439,"play_id":"a48bb4fe-15f9-4bd4-98db-cf3840e8f256","local_time":"20190522145650","is_ascension_mode":true,"campfire_choices":[{"data":"Defragment","floor":6,"key":"SMITH"},{"data":"Cold Snap","floor":11,"key":"SMITH"},{"data":"Dualcast","floor":15,"key":"SMITH"},{"floor":23,"key":"REST"}],"neow_cost":"NONE","seed_source_timestamp":223520242556572,"circlet_count":0,"master_deck":["AscendersBane","Defend_B","Defend_B","Defend_B","Defend_B","Zap","Dualcast+1","Rebound","Cold Snap+1","Defragment+1","Core Surge","Glacier","Static Discharge+1","Defragment+1","Seek","Steam Power+1","Consume+1","Cold Snap+1","Conserve Battery","Electrodynamics+1","Recycle","Doom and Gloom","Undo","Compile Driver","White Noise","Turbo"],"relics":["Cracked Core","Bronze Scales","Frozen Egg 2","OrangePellets","Astrolabe","Letter Opener"],"potions_floor_usage":[27,28],"damage_taken":[{"damage":4,"enemies":"2 Louse","floor":1,"turns":2},{"damage":2,"enemies":"Jaw Worm","floor":2,"turns":3},{"damage":0,"enemies":"Cultist","floor":5,"turns":3},{"damage":0,"enemies":"Blue Slaver","floor":7,"turns":3},{"damage":14,"enemies":"Lots of Slimes","floor":10,"turns":4},{"damage":13,"enemies":"Red Slaver","floor":12,"turns":2},{"damage":1,"enemies":"Gremlin Gang","floor":13,"turns":4},{"damage":4,"enemies":"Hexaghost","floor":16,"turns":11},{"damage":11,"enemies":"2 Thieves","floor":18,"turns":5},{"damage":0,"enemies":"Chosen","floor":19,"turns":4},{"damage":10,"enemies":"Snecko","floor":21,"turns":5},{"damage":22,"enemies":"Book of Stabbing","floor":24,"turns":6},{"damage":13,"enemies":"Chosen and Byrds","floor":25,"turns":2},{"damage":16,"enemies":"Shelled Parasite and Fungi","floor":27,"turns":5},{"damage":0,"enemies":"Snake Plant","floor":28,"turns":5},{"damage":2,"enemies":"Centurion and Healer","floor":29,"turns":3},{"damage":11,"enemies":"Chosen and Byrds","floor":31,"turns":1}],"seed_played":"-8201866854817721132","potions_obtained":[{"floor":1,"key":"Energy Potion"},{"floor":5,"key":"Ancient Potion"},{"floor":25,"key":"Block Potion"},{"floor":27,"key":"Energy Potion"},{"floor":28,"key":"Explosive Potion"}],"is_trial":false,"path_per_floor":["M","M","?","?","M","R","M","?","T","M","R","M","M","$","R","B",null,"M","M","?","M","$","R","E","M","T","M","M","M","?","M"],"character_chosen":"DEFECT","items_purchased":["Defragment+1","OrangePellets","Doom and Gloom"],"campfire_rested":1,"item_purchase_floors":[14,14,22],"current_hp_per_floor":[60,58,47,52,52,52,52,52,52,38,38,25,24,24,24,20,62,51,51,51,41,41,63,41,28,28,12,12,10,10,0],"gold":215,"neow_bonus":"RANDOM_COMMON_RELIC","is_prod":false,"is_daily":false,"chose_seed":false,"campfire_upgraded":3,"win_rate":0,"timestamp":1558551410,"path_taken":["M","M","?","?","M","R","M","?","T","?","R","M","M","$","R","BOSS","M","M","?","?","?","R","E","M","T","M","M","?","?","M"],"build_version":"2019-01-23","purchased_purges":1,"victory":false,"max_hp_per_floor":[71,71,71,76,76,76,76,76,76,76,76,76,76,76,76,76,76,76,76,76,76,76,76,76,76,76,76,76,76,76,76],"card_choices":[{"not_picked":["BootSequence","Storm"],"picked":"Rebound","floor":1},{"not_picked":["Coolheaded","Turbo"],"picked":"Cold Snap","floor":2},{"not_picked":["Rebound","Coolheaded"],"picked":"Defragment","floor":5},{"not_picked":["Blizzard","Darkness"],"picked":"Core Surge","floor":7},{"not_picked":["Leap","Rebound","Streamline"],"picked":"SKIP","floor":10},{"not_picked":["Force Field","Genetic Algorithm"],"picked":"Glacier","floor":12},{"not_picked":["Blizzard","Gash"],"picked":"Static Discharge+1","floor":13},{"not_picked":["Creative AI+1","Reboot"],"picked":"Seek","floor":16},{"not_picked":["Streamline","Reprogram+1"],"picked":"Conserve Battery","floor":18},{"not_picked":["Sweeping Beam","Barrage+1","Auto Shields"],"picked":"SKIP","floor":19},{"not_picked":["Blizzard","Conserve Battery"],"picked":"Recycle","floor":21},{"not_picked":["Steam","Streamline"],"picked":"Undo","floor":24},{"not_picked":["Sweeping Beam","Reprogram"],"picked":"Compile Driver","floor":25},{"not_picked":["Meteor Strike","Compile Driver"],"picked":"White Noise","floor":27},{"not_picked":["Skim","Fusion"],"picked":"Turbo","floor":28},{"not_picked":["Barrage","Hello World+1","Rebound"],"picked":"SKIP","floor":29}],"player_experience":1283012,"relics_obtained":[{"floor":9,"key":"Frozen Egg 2"},{"floor":24,"key":"Letter Opener"}],"event_choices":[{"damage_healed":0,"gold_gain":75,"player_choice":"Gather Gold","damage_taken":11,"max_hp_gain":0,"max_hp_loss":0,"event_name":"World of Goop","floor":3,"gold_loss":0},{"damage_healed":0,"gold_gain":0,"player_choice":"Donut","damage_taken":0,"max_hp_gain":5,"max_hp_loss":0,"event_name":"Big Fish","floor":4,"gold_loss":0},{"damage_healed":0,"gold_gain":100,"player_choice":"Gold","damage_taken":0,"max_hp_gain":0,"max_hp_loss":0,"event_name":"Wheel of Change","floor":8,"gold_loss":0},{"damage_healed":0,"gold_gain":0,"player_choice":"1 cards matched","damage_taken":0,"max_hp_gain":0,"max_hp_loss":0,"event_name":"Match and Keep!","floor":20,"gold_loss":0,"cards_obtained":["Electrodynamics"]},{"damage_healed":0,"gold_gain":50,"player_choice":"Stole From Cult","damage_taken":0,"max_hp_gain":0,"max_hp_loss":0,"event_name":"Nest","floor":30,"gold_loss":0}],"is_beta":false,"boss_relics":[{"not_picked":["Calling Bell","Orrery"],"picked":"Astrolabe"}],"items_purged_floors":[14],"is_endless":false,"potions_floor_spawned":[1,5,7,21,25,27,28],"killed_by":"Chosen and Byrds","ascension_level":15}