{"gold_per_floor":[117,132,132,145,110,110,122,122,122,46,46,60,135,160,160,255,285,295,309,20,31,44,44,78,177,177,196,216,216,230,249,249,346,346,357,377,1,0,24,24,41,60,60,60,79,94,106,29,29,29],"floor_reached":50,"playtime":5679,"items_purged":[],"score":545,"play_id":"76879d22-56e1-4edc-ba1e-61feff7ee338","local_time":"20180718232634","is_ascension_mode":false,"campfire_choices":[{"data":"Zap","floor":6,"key":"SMITH"},{"data":"Defragment","floor":8,"key":"SMITH"},{"data":"Ball Lightning","floor":15,"key":"SMITH"},{"data":"Dualcast","floor":23,"key":"SMITH"},{"floor":29,"key":"REST"},{"floor":32,"key":"REST"},{"floor":40,"key":"REST"},{"data":"Buffer","floor":44,"key":"SMITH"},{"data":"Buffer","floor":49,"key":"SMITH"}],"neow_cost":"","seed_source_timestamp":661193168865030,"circlet_count":0,"master_deck":["Strike_B","Strike_B","Strike_B","Strike_B","Defend_B","Defend_B","Defend_B","Zap+1","Dualcast+1","Go for the Eyes","Coolheaded","BootSequence+1","Defragment+1","Ball Lightning+1","Compile Driver","Aggregate","Cold Snap","Leap","Multi-Cast","Turbo","Melter+1","Turbo+1","Doom and Gloom","Streamline+1","Buffer+1","Streamline+1","Beam Cell+1","Barrage","Chill+1","Thunder Strike","Gash+1","Conserve Battery+1","Fission","Scrape","Turbo","Sweeping Beam","Streamline+1","Coolheaded+1","Rip and Tear+1","Buffer+1","Streamline"],"relics":["Cracked Core","Pantograph","Lantern","Tiny House","Ice Cream","Pear","Letter Opener","Nuclear Battery","Happy Flower","Red Mask","Bronze Scales","Ornamental Fan"],"potions_floor_usage":[14,18,19,33,33,50,50],"damage_taken":[{"damage":1,"enemies":"Jaw Worm","floor":1,"turns":3},{"damage":5,"enemies":"Small Slimes","floor":2,"turns":3},{"damage":0,"enemies":"Cultist","floor":4,"turns":4},{"damage":2,"enemies":"Large Slime","floor":7,"turns":7},{"damage":0,"enemies":"2 Fungi Beasts","floor":12,"turns":3},{"damage":1,"enemies":"Lagavulin","floor":14,"turns":5},{"damage":6,"enemies":"Slime Boss","floor":16,"turns":11},{"damage":5,"enemies":"Shell Parasite","floor":18,"turns":5},{"damage":0,"enemies":"Spheric Guardian","floor":19,"turns":2},{"damage":14,"enemies":"Centurion and Healer","floor":21,"turns":6},{"damage":1,"enemies":"Cultist and Chosen","floor":22,"turns":4},{"damage":36,"enemies":"Book of Stabbing","floor":24,"turns":6},{"damage":1,"enemies":"Snake Plant","floor":27,"turns":3},{"damage":2,"enemies":"Centurion and Healer","floor":28,"turns":4},{"damage":3,"enemies":"Cultist and Chosen","floor":30,"turns":4},{"damage":17,"enemies":"Snake Plant","floor":31,"turns":4},{"damage":53,"enemies":"Collector","floor":33,"turns":9},{"damage":20,"enemies":"3 Shapes","floor":35,"turns":4},{"damage":24,"enemies":"3 Darklings","floor":36,"turns":8},{"damage":0,"enemies":"Transient","floor":41,"turns":5},{"damage":5,"enemies":"Sphere and 2 Shapes","floor":42,"turns":4},{"damage":0,"enemies":"Maw","floor":45,"turns":8},{"damage":15,"enemies":"Spire Growth","floor":46,"turns":5},{"damage":0,"enemies":"Transient","floor":47,"turns":5},{"damage":100,"enemies":"Awakened One","floor":50,"turns":13}],"seed_played":"-8272957184718765499","potions_obtained":[{"floor":1,"key":"PowerPotion"},{"floor":7,"key":"GamblersBrew"},{"floor":14,"key":"Energy Potion"},{"floor":17,"key":"Fruit Juice"},{"floor":19,"key":"SteroidPotion"},{"floor":22,"key":"Strength Potion"},{"floor":27,"key":"LiquidBronze"},{"floor":46,"key":"EssenceOfSteel"}],"is_trial":false,"path_per_floor":["M","M","?","M","?","R","M","R","T","$","?","M","?","E","R","B",null,"M","M","$","M","M","R","E","?","T","M","M","R","M","M","R","B",null,"M","M","$","?","T","R","M","M","T","R","M","M","M","$","R"],"character_chosen":"DEFECT","items_purchased":["Ball Lightning","Compile Driver","Ice Cream","Happy Flower","Fission","Scrape","Turbo","Explosive Potion","Streamline"],"campfire_rested":3,"item_purchase_floors":[10,10,20,37,37,37,37,48,48],"current_hp_per_floor":[74,69,74,74,80,80,78,78,78,78,78,78,67,66,66,74,85,85,85,85,71,70,70,44,44,44,43,41,71,68,51,81,47,100,80,56,56,56,56,86,86,81,81,81,81,66,66,66,66,0],"gold":29,"neow_bonus":"","is_prod":false,"is_daily":false,"chose_seed":false,"campfire_upgraded":6,"win_rate":0,"timestamp":1531970794,"path_taken":["M","M","?","M","?","R","?","R","T","$","?","M","?","E","R","BOSS","M","M","$","M","M","R","E","?","T","M","M","R","M","M","R","BOSS","M","M","$","?","?","R","M","M","T","R","M","?","M","?","R","BOSS"],"build_version":"2018-07-12","purchased_purges":0,"victory":false,"max_hp_per_floor":[75,75,80,80,80,80,80,80,80,80,80,80,80,80,80,80,85,90,90,90,90,90,90,100,100,100,100,100,100,100,100,100,100,100,100,100,100,100,100,100,100,100,100,100,100,100,100,100,100,100],"card_choices":[{"not_picked":["Blizzard","Compile Driver"],"picked":"Go for the Eyes","floor":1},{"not_picked":["Go for the Eyes","Redo"],"picked":"Coolheaded","floor":2},{"not_picked":["Leap","Ball Lightning"],"picked":"BootSequence","floor":4},{"not_picked":["Rebound","Double Energy"],"picked":"Defragment","floor":7},{"not_picked":["Hello World","Go for the Eyes"],"picked":"Cold Snap","floor":12},{"not_picked":["Cold Snap","Scrape"],"picked":"Leap","floor":14},{"not_picked":["Amplify","Rainbow"],"picked":"Multi-Cast","floor":16},{"not_picked":["Hologram","Hello World"],"picked":"Turbo","floor":17},{"not_picked":["Sweeping Beam","Loop"],"picked":"Melter+1","floor":18},{"not_picked":["Redo","Barrage"],"picked":"Turbo+1","floor":19},{"not_picked":["Ball Lightning","Skim"],"picked":"Doom and Gloom","floor":21},{"not_picked":["Hologram","Rebound"],"picked":"Streamline+1","floor":22},{"not_picked":["Skim","Conserve Battery"],"picked":"Buffer","floor":24},{"not_picked":["Force Field","Steam"],"picked":"Streamline+1","floor":27},{"not_picked":["Hologram+1","Streamline"],"picked":"Beam Cell+1","floor":28},{"not_picked":["Coolheaded","Beam Cell"],"picked":"Barrage","floor":30},{"not_picked":["Rebound","Hologram"],"picked":"Chill+1","floor":31},{"not_picked":["Fission","All For One"],"picked":"Thunder Strike","floor":33},{"not_picked":["Turbo","Redo"],"picked":"Gash+1","floor":35},{"not_picked":["Steam+1","Redo"],"picked":"Conserve Battery+1","floor":36},{"not_picked":["Go for the Eyes","Hologram"],"picked":"Sweeping Beam","floor":41},{"not_picked":["Auto Shields","Doom and Gloom"],"picked":"Streamline+1","floor":42},{"not_picked":["Blizzard","Leap"],"picked":"Coolheaded+1","floor":45},{"not_picked":["Sweeping Beam+1","Hello World+1"],"picked":"Rip and Tear+1","floor":46},{"not_picked":["Compile Driver","Redo"],"picked":"Buffer","floor":47}],"player_experience":55787,"relics_obtained":[{"floor":9,"key":"Pantograph"},{"floor":14,"key":"Lantern"},{"floor":24,"key":"Pear"},{"floor":26,"key":"Letter Opener"},{"floor":39,"key":"Bronze Scales"},{"floor":43,"key":"Ornamental Fan"}],"event_choices":[{"event_name":"Big Fish","player_choice":"Donut","floor":3,"damage_taken":0},{"event_name":"The Cleric","player_choice":"Healed","floor":5,"damage_taken":0},{"event_name":"Transmorgrifier","player_choice":"Transform","floor":11,"damage_taken":0},{"event_name":"World of Goop","player_choice":"Gather Gold","floor":13,"damage_taken":0},{"event_name":"Nest","player_choice":"Stole From Cult","floor":25,"damage_taken":0},{"event_name":"Tomb of Lord Red Mask","player_choice":"Paid","floor":38,"damage_taken":0}],"boss_relics":[{"not_picked":["Runic Pyramid","Velvet Choker"],"picked":"Tiny House"},{"not_picked":["Orrery","White Beast Statue"],"picked":"Nuclear Battery"}],"items_purged_floors":[],"is_endless":false,"potions_floor_spawned":[1,7,14,19,22,27,46],"killed_by":"Awakened One","ascension_level":0}