{"gold_per_floor":[109,109,184,199,36,36,61,61,61,78,93,18,18,52,52,125,125,145,145,420,431,431],"floor_reached":22,"playtime":1048,"items_purged":["Strike_B"],"score":434,"play_id":"f41979ba-8f31-4922-a289-a2e34d7ae31d","local_time":"20190514231058","is_ascension_mode":true,"campfire_choices":[{"data":"Zap","floor":6.0,"key":"SMITH"},{"data":"Doom and Gloom","floor":8.0,"key":"SMITH"},{"data":"Sweeping Beam","floor":13.0,"key":"SMITH"},{"data":"Dualcast","floor":15.0,"key":"SMITH"}],"neow_cost":"NONE","seed_source_timestamp":30360509218604,"circlet_count":0,"master_deck":["AscendersBane","Strike_B","Strike_B","Defend_B","Defend_B","Defend_B","Defend_B","Zap+1","Dualcast+1","Melter","Capacitor","Doom and Gloom+1","Sweeping Beam+1","Reprogram","All For One","Core Surge","Steam+1","Regret","Beam Cell"],"special_seed":0,"relics":["Cracked Core","NeowsBlessing","Bag of Preparation","Shuriken","Orichalcum","Matryoshka","Philosopher\u0027s Stone"],"potions_floor_usage":[16,16],"damage_taken":[{"damage":0.0,"enemies":"Jaw Worm","floor":1.0,"turns":1.0},{"damage":0.0,"enemies":"Small Slimes","floor":4.0,"turns":1.0},{"damage":0.0,"enemies":"Gremlin Nob","floor":7.0,"turns":1.0},{"damage":0.0,"enemies":"Cultist","floor":10.0,"turns":2.0},{"damage":0.0,"enemies":"Large Slime","floor":11.0,"turns":3.0},{"damage":4.0,"enemies":"3 Sentries","floor":14.0,"turns":4.0},{"damage":21,"enemies":"The Guardian","floor":16,"turns":10},{"damage":17,"enemies":"Shell Parasite","floor":18,"turns":3},{"damage":23,"enemies":"2 Thieves","floor":21,"turns":4},{"damage":20,"enemies":"Chosen and Byrds","floor":22,"turns":3}],"seed_played":"1737842975895823056","potions_obtained":[{"floor":1.0,"key":"EssenceOfSteel"},{"floor":4.0,"key":"Strength Potion"},{"floor":14.0,"key":"SpeedPotion"},{"floor":21,"key":"FocusPotion"}],"is_trial":false,"path_per_floor":["M","?","?","M","$","R","E","R","T","M","M","$","R","E","R","B",null,"M","?","?","M","M"],"character_chosen":"DEFECT","items_purchased":["Bag of Preparation"],"campfire_rested":0,"item_purchase_floors":[5],"current_hp_per_floor":[64,57,46,46,46,46,46,46,46,46,46,46,46,42,42,21,59,42,42,42,19,0],"gold":431,"neow_bonus":"THREE_ENEMY_KILL","is_prod":false,"is_daily":false,"chose_seed":false,"campfire_upgraded":4,"win_rate":0,"timestamp":1557889858,"path_taken":["M","?","?","M","?","R","E","R","T","M","M","$","R","E","R","BOSS","M","?","?","M","?"],"build_version":"2019-01-23","purchased_purges":1,"victory":false,"max_hp_per_floor":[71,71,71,71,71,71,71,71,71,71,71,71,71,71,71,71,71,71,71,71,71,71],"card_choices":[{"not_picked":["Aggregate","Coolheaded"],"picked":"Melter","floor":1.0},{"not_picked":["Gash","Chaos"],"picked":"Capacitor","floor":4.0},{"not_picked":["Redo","Leap"],"picked":"Doom and Gloom","floor":7.0},{"not_picked":["Gash","Redo"],"picked":"Sweeping Beam","floor":10.0},{"not_picked":["Barrage","Gash"],"picked":"Reprogram","floor":11.0},{"not_picked":["Cold Snap","White Noise"],"picked":"All For One","floor":14.0},{"not_picked":["Hyperbeam","Seek"],"picked":"Core Surge","floor":16},{"not_picked":["Barrage+1","FTL+1"],"picked":"Steam+1","floor":18},{"not_picked":["Stack","Turbo"],"picked":"Beam Cell","floor":21}],"player_experience":634017,"relics_obtained":[{"floor":7.0,"key":"Shuriken"},{"floor":9.0,"key":"Orichalcum"},{"floor":14.0,"key":"Matryoshka"}],"event_choices":[{"cards_removed":["Strike_B"],"damage_healed":0.0,"max_hp_gain":0.0,"max_hp_loss":0.0,"gold_gain":0.0,"event_name":"Golden Wing","player_choice":"Card Removal","floor":2.0,"gold_loss":0.0,"damage_taken":7.0},{"damage_healed":0.0,"max_hp_gain":0.0,"max_hp_loss":0.0,"gold_gain":75.0,"event_name":"World of Goop","player_choice":"Gather Gold","floor":3.0,"gold_loss":0.0,"damage_taken":11.0},{"damage_healed":0,"gold_gain":0,"player_choice":"Ignored","damage_taken":0,"max_hp_gain":0,"max_hp_loss":0,"event_name":"Ghosts","floor":19,"gold_loss":0},{"damage_healed":0,"gold_gain":275,"player_choice":"Desecrate","damage_taken":0,"max_hp_gain":0,"max_hp_loss":0,"event_name":"Golden Shrine","floor":20,"gold_loss":0,"cards_obtained":["Regret"]}],"is_beta":false,"boss_relics":[{"not_picked":["Pandora\u0027s Box","Runic Dome"],"picked":"Philosopher\u0027s Stone"}],"items_purged_floors":[12],"is_endless":false,"potions_floor_spawned":[1,4,10,14,21],"killed_by":"Chosen and Byrds","ascension_level":20}