{"gold_per_floor":[359,359,372,384,95,95,129,129,129,129,146,174,26,26,26,127,127,142,153,165,39,54,54],"floor_reached":23,"playtime":1740,"items_purged":["Strike_R"],"score":302,"play_id":"c2afb8f1-e37d-494c-bfff-71d2f5dae764","local_time":"20190508164851","is_ascension_mode":true,"campfire_choices":[{"data":"Bash","floor":6.0,"key":"SMITH"},{"data":"Armaments","floor":8.0,"key":"SMITH"},{"data":"Corruption","floor":10.0,"key":"SMITH"},{"floor":15,"key":"REST"}],"neow_cost":"PERCENT_DAMAGE","seed_source_timestamp":340453451617032,"circlet_count":0,"master_deck":["AscendersBane","Strike_R","Strike_R","Strike_R","Defend_R","Defend_R","Defend_R","Defend_R","Bash+1","Corruption+1","Anger","Immolate","Bandage Up","Armaments+1","Wild Strike","Body Slam","Shrug It Off","Inflame","Disarm","Double Tap","Uppercut","Headbutt","Cleave+1","Brutality","Iron Wave+1","Burning Pact","Shrug It Off","Shrug It Off+1","Spot Weakness"],"special_seed":0,"relics":["Burning Blood","Medical Kit","Prayer Wheel","Incense Burner","Bag of Preparation","Boot","Sozu"],"potions_floor_usage":[18,23],"damage_taken":[{"damage":18.0,"enemies":"Jaw Worm","floor":1.0,"turns":5.0},{"damage":10.0,"enemies":"Cultist","floor":3.0,"turns":5.0},{"damage":0.0,"enemies":"Small Slimes","floor":4.0,"turns":3.0},{"damage":26.0,"enemies":"Gremlin Nob","floor":7.0,"turns":4.0},{"damage":5.0,"enemies":"2 Fungi Beasts","floor":11.0,"turns":3.0},{"damage":20,"enemies":"Lagavulin","floor":12,"turns":6},{"damage":19,"enemies":"The Guardian","floor":16,"turns":8},{"damage":23,"enemies":"3 Byrds","floor":18,"turns":6},{"damage":41,"enemies":"Shell Parasite","floor":19,"turns":5},{"damage":9,"enemies":"Centurion and Healer","floor":20,"turns":7},{"damage":15,"enemies":"Snecko","floor":22,"turns":5},{"damage":32,"enemies":"Gremlin Leader","floor":23,"turns":3}],"seed_played":"4672067789314448300","potions_obtained":[{"floor":4.0,"key":"Energy Potion"},{"floor":12,"key":"Dexterity Potion"},{"floor":16,"key":"Fruit Juice"}],"is_trial":false,"path_per_floor":["M","?","M","M","$","R","E","R","T","R","M","E","$","?","R","B",null,"M","M","M","$","M","E"],"character_chosen":"IRONCLAD","items_purchased":["Medical Kit","Bandage Up","Inflame","Disarm","Shrug It Off"],"campfire_rested":1,"item_purchase_floors":[5,5,13,13,21],"current_hp_per_floor":[39,39,35,41,41,41,25,25,25,25,30,20,20,20,44,37,69,61,30,31,31,26,0],"gold":54,"neow_bonus":"TWO_FIFTY_GOLD","is_prod":false,"is_daily":false,"chose_seed":false,"campfire_upgraded":3,"win_rate":0,"timestamp":1557348531,"path_taken":["M","?","?","M","$","R","E","R","T","R","?","E","$","?","R","BOSS","M","M","M","$","M","E"],"build_version":"2019-01-23","purchased_purges":1,"victory":false,"max_hp_per_floor":[80,80,80,80,80,80,80,80,80,80,80,80,80,80,80,80,80,85,85,85,85,85,85],"card_choices":[{"not_picked":["Perfected Strike","Havoc"],"picked":"Corruption","floor":1.0},{"not_picked":["Warcry","Wild Strike"],"picked":"Anger","floor":3.0},{"not_picked":["Body Slam","Rampage"],"picked":"Immolate","floor":4.0},{"not_picked":["Warcry","Wild Strike"],"picked":"Armaments","floor":7.0},{"not_picked":["Ghostly Armor","Bloodletting"],"picked":"Wild Strike","floor":11.0},{"not_picked":["Clash","Dual Wield"],"picked":"Body Slam","floor":11.0},{"not_picked":["Ghostly Armor","Pommel Strike"],"picked":"Shrug It Off","floor":12},{"not_picked":["Exhume","Offering"],"picked":"Double Tap","floor":16},{"not_picked":["Wild Strike","Carnage+1"],"picked":"Uppercut","floor":18},{"not_picked":["Seeing Red","Rupture"],"picked":"Headbutt","floor":18},{"not_picked":["Clothesline","Flex+1"],"picked":"Cleave+1","floor":19},{"not_picked":["Infernal Blade","Sentinel"],"picked":"Brutality","floor":19},{"not_picked":["Clash","Wild Strike+1"],"picked":"Iron Wave+1","floor":20},{"not_picked":["Clash","Cleave"],"picked":"Burning Pact","floor":20},{"not_picked":["Thunderclap+1","Pommel Strike+1"],"picked":"Shrug It Off+1","floor":22},{"not_picked":["Twin Strike","Warcry+1"],"picked":"Spot Weakness","floor":22}],"player_experience":419669,"relics_obtained":[{"floor":7.0,"key":"Prayer Wheel"},{"floor":9.0,"key":"Incense Burner"},{"floor":12,"key":"Bag of Preparation"}],"event_choices":[{"cards_removed":["Strike_R"],"damage_healed":0.0,"max_hp_gain":0.0,"max_hp_loss":0.0,"gold_gain":0.0,"event_name":"Purifier","player_choice":"Purged","floor":2.0,"gold_loss":0.0,"damage_taken":0.0},{"damage_healed":0,"gold_gain":0,"player_choice":"Gave Potion","damage_taken":0,"relics_obtained":["Boot"],"max_hp_gain":0,"max_hp_loss":0,"event_name":"WeMeetAgain","floor":14,"gold_loss":0}],"is_beta":false,"boss_relics":[{"not_picked":["Busted Crown","Runic Dome"],"picked":"Sozu"}],"items_purged_floors":[21],"is_endless":false,"potions_floor_spawned":[4,12,16,19,22],"killed_by":"Gremlin Leader","ascension_level":10}