{"path_per_floor":["M","M","M","$","M","E","R","M","T","M","R","M","R","?","R","B",null,"M","?","?","M","M","E","R","?","T","$","M","?","$","?","R","B",null,"M","?","?","$","M","M","E","M","T","M","M","R","E","M","R"],"character_chosen":"DEFECT","items_purchased":["Darkness","White Noise","Blaster","Leap","Torii","Ice Cream","Capacitor"],"gold_per_floor":[119,133,147,43,54,79,79,94,120,137,137,151,151,206,206,306,306,318,243,243,253,272,307,307,341,341,305,319,319,5,5,5,106,106,123,123,345,29,45,63,93,113,113,133,146,146,473,493,493,493],"floor_reached":50,"campfire_rested":2,"playtime":2606,"current_hp_per_floor":[73,73,73,73,53,34,34,34,34,34,34,28,28,28,28,24,75,75,75,59,56,56,38,60,60,60,60,42,42,42,42,64,15,75,75,75,75,75,75,75,61,62,62,61,70,75,75,53,65,0],"items_purged":[],"gold":493,"score":551,"play_id":"bce86299-599f-4dff-9111-71205c1ba3ec","local_time":"20180427125715","is_prod":false,"is_daily":false,"chose_seed":false,"is_ascension_mode":false,"campfire_upgraded":6,"timestamp":1524848235,"path_taken":["M","M","M","$","M","E","R","M","T","M","R","M","R","?","R","BOSS","M","?","?","M","M","E","R","?","T","?","?","?","$","?","R","BOSS","M","?","?","$","M","M","E","?","T","M","M","R","E","M","R","BOSS"],"build_version":"2018-04-26v2","seed_source_timestamp":4389258020705330,"purchased_purges":0,"victory":false,"master_deck":["Strike_B","Strike_B","Defend_B","Defend_B","Defend_B","Defend_B","Zap+1","Dualcast+1","Axe Kick","Streamline+1","Rip and Tear","Darkness","White Noise+1","Leap","Blaster","Static Discharge+1","Stack+1","Multi-Cast+1","Necronomicurse","Self Repair+1","Axe Kick","Fusion+1","Cold Snap","Blaster","Leap+1","Seek+1","Self Repair","Capacitor+1","Impulse+1","Barrage+1","Sweeping Beam+1","Leap+1","Blaster","Static Discharge+1"],"max_hp_per_floor":[75,75,75,75,75,75,75,75,75,75,75,75,75,75,75,75,75,75,75,75,75,75,75,75,75,75,75,75,75,75,75,75,75,75,75,75,75,75,75,75,75,75,75,75,75,75,75,75,75,75],"relics":["Cracked Core","Toxic Egg 2","Bag of Marbles","Cursed Key","Necronomicon","Anchor","Red Mask","Ancient Tea Set","Torii","Eternal Feather","Ice Cream","Calipers","Old Coin"],"card_choices":[{"not_picked":["Blizzard","Hologram"],"picked":"Axe Kick","floor":1},{"not_picked":["Capacitor","Barrage"],"picked":"Streamline","floor":2},{"not_picked":["Double Energy","Blaster"],"picked":"Rip and Tear","floor":3},{"not_picked":["Cold Snap","Self Repair"],"picked":"Leap","floor":5},{"not_picked":["Buffer","Force Field"],"picked":"Blaster","floor":6},{"not_picked":["Heatsinks","Sweeping Beam"],"picked":"Static Discharge","floor":10},{"not_picked":["Aggregate","Buffer"],"picked":"Stack","floor":12},{"not_picked":["Creative AI","Amplify"],"picked":"Multi-Cast","floor":16},{"not_picked":["Go for the Eyes","Capacitor"],"picked":"Self Repair","floor":21},{"not_picked":["Sweeping Beam","Skim"],"picked":"Axe Kick","floor":22},{"not_picked":["Blizzard","Aggregate"],"picked":"Fusion","floor":23},{"not_picked":["Rip and Tear","Genetic Algorithm"],"picked":"Cold Snap","floor":25},{"not_picked":["All For One","Machine Learning"],"picked":"Seek","floor":33},{"not_picked":["Cold Snap","Coolheaded"],"picked":"Self Repair","floor":35},{"not_picked":["Doom and Gloom","Storm"],"picked":"Impulse","floor":41},{"not_picked":["Force Field","Steam Power"],"picked":"Barrage","floor":42},{"not_picked":["Barrage","Glacier"],"picked":"Sweeping Beam","floor":44},{"not_picked":["Allocate","Hologram"],"picked":"Leap","floor":45},{"not_picked":["Coolheaded","Reprogram"],"picked":"Blaster","floor":47},{"not_picked":["Streamline","Capacitor"],"picked":"Static Discharge","floor":48}],"player_experience":2445,"potions_floor_usage":[18,33,33,44,50,50],"damage_taken":[{"damage":2,"enemies":"2 Louse","floor":1,"turns":3},{"damage":0,"enemies":"Jaw Worm","floor":2,"turns":4},{"damage":0,"enemies":"Cultist","floor":3,"turns":3},{"damage":20,"enemies":"Gremlin Gang","floor":5,"turns":3},{"damage":19,"enemies":"3 Sentries","floor":6,"turns":7},{"damage":0,"enemies":"Red Slaver","floor":8,"turns":2},{"damage":0,"enemies":"2 Fungi Beasts","floor":10,"turns":2},{"damage":6,"enemies":"Exordium Thugs","floor":12,"turns":4},{"damage":4,"enemies":"Slime Boss","floor":16,"turns":6},{"damage":0,"enemies":"Spheric Guardian","floor":18,"turns":2},{"damage":3,"enemies":"Shell Parasite","floor":21,"turns":4},{"damage":10,"enemies":"Snecko","floor":22,"turns":4},{"damage":28,"enemies":"Slavers","floor":23,"turns":4},{"damage":0,"enemies":"Masked Bandits","floor":25,"turns":2},{"damage":18,"enemies":"Snake Plant","floor":28,"turns":4},{"damage":65,"enemies":"Automaton","floor":33,"turns":12},{"damage":0,"enemies":"3 Shapes","floor":35,"turns":1},{"damage":0,"enemies":"Orb Walker","floor":39,"turns":4},{"damage":17,"enemies":"Spire Growth","floor":40,"turns":5},{"damage":31,"enemies":"2 Orb Walkers","floor":41,"turns":4},{"damage":16,"enemies":"3 Darklings","floor":42,"turns":3},{"damage":18,"enemies":"Maw","floor":44,"turns":6},{"damage":1,"enemies":"4 Shapes","floor":45,"turns":3},{"damage":17,"enemies":"Nemesis","floor":47,"turns":5},{"damage":39,"enemies":"Spire Growth","floor":48,"turns":6},{"damage":74,"enemies":"Donu and Deca","floor":50,"turns":5}],"event_choices":[{"event_name":"Golden Wing","player_choice":"Gained Gold","floor":14,"damage_taken":0},{"event_name":"Beggar","player_choice":"Gave Gold","floor":19,"damage_taken":0},{"event_name":"Cursed Tome","player_choice":"Obtained Book","floor":20,"damage_taken":0},{"event_name":"Masked Bandits","player_choice":"Fought over 307 gold","floor":25,"damage_taken":0},{"event_name":"The Mausoleum","player_choice":"Yes","floor":29,"damage_taken":0},{"event_name":"Drug Dealer","player_choice":"Ignored","floor":31,"damage_taken":0},{"event_name":"Purifier","player_choice":"One Purge","floor":36,"damage_taken":0},{"event_name":"Tomb of Lord Red Mask","player_choice":"Wore Mask","floor":37,"damage_taken":0}],"boss_relics":[{"not_picked":["Tiny House","Philosopher\u0027s Stone"],"picked":"Cursed Key"},{"not_picked":["Runic Dome","White Beast Statue"],"picked":"Eternal Feather"}],"potions_floor_spawned":[3,5,8,10,12,18,21,22,35,39,41,44,48],"seed_played":"6676392846744063924","killed_by":"Donu and Deca","ascension_level":0,"is_trial":false}