{"gold_per_floor":[212,1,1,1,16,16,33,33,58,86,86,104,139,149,149,221,221,237,237,237,37,37,37,67,94,149,149,184,196,225,70,70,142,142,159,159,34,54,70,95,114,114,167,185,185,196,196,29,29,29,29],"floor_reached":52,"playtime":4106,"items_purged":["Strike_B","Strike_B","Strike_B"],"score":1992,"play_id":"bba4a75b-2010-4c70-9d9d-81c5c138dca9","local_time":"20190524214326","is_ascension_mode":true,"campfire_choices":[{"data":"Zap","floor":6.0,"key":"SMITH"},{"data":"Buffer","floor":8.0,"key":"SMITH"},{"data":"Static Discharge","floor":11.0,"key":"SMITH"},{"data":"Reinforced Body","floor":15.0,"key":"SMITH"},{"data":"Sunder","floor":23.0,"key":"SMITH"},{"data":"Biased Cognition","floor":27.0,"key":"SMITH"},{"data":"Coolheaded","floor":32.0,"key":"SMITH"},{"data":"Coolheaded","floor":42.0,"key":"SMITH"},{"data":"Darkness","floor":45.0,"key":"SMITH"},{"data":"Blind","floor":49.0,"key":"SMITH"}],"neow_cost":"NONE","seed_source_timestamp":355811511632677,"circlet_count":0,"master_deck":["AscendersBane","Defend_B","Defend_B+1","Defend_B+1","Defend_B","Zap+1","Dualcast","Genetic Algorithm","Cold Snap","Static Discharge+1","Buffer+1","Self Repair","Rip and Tear","Reinforced Body+1","Biased Cognition+1","Reprogram","Sunder+1","Sweeping Beam+1","BootSequence","Coolheaded+1","Machine Learning","Glacier","Darkness+1","Seek","Compile Driver","Coolheaded+1","Darkness+1","PanicButton","Blind+1","Glacier"],"special_seed":0,"relics":["Cracked Core","Bag of Marbles","Oddly Smooth Stone","Pocketwatch","Velvet Choker","Orichalcum","Blue Candle","Dream Catcher","DataDisk","Pen Nib","Bronze Scales","Pantograph","Busted Crown","Boot","Ancient Tea Set","War Paint"],"potions_floor_usage":[51],"damage_taken":[{"damage":7.0,"enemies":"Jaw Worm","floor":1.0,"turns":4.0},{"damage":7.0,"enemies":"Small Slimes","floor":5.0,"turns":4.0},{"damage":0.0,"enemies":"Cultist","floor":7.0,"turns":4.0},{"damage":16.0,"enemies":"3 Sentries","floor":10.0,"turns":10.0},{"damage":6.0,"enemies":"2 Fungi Beasts","floor":12.0,"turns":3.0},{"damage":0.0,"enemies":"Lagavulin","floor":13.0,"turns":7.0},{"damage":7.0,"enemies":"Exordium Wildlife","floor":14.0,"turns":4.0},{"damage":3.0,"enemies":"Slime Boss","floor":16.0,"turns":8.0},{"damage":0.0,"enemies":"Chosen","floor":18.0,"turns":4.0},{"damage":18.0,"enemies":"Book of Stabbing","floor":24.0,"turns":4.0},{"damage":0.0,"enemies":"Gremlin Leader","floor":28.0,"turns":7.0},{"damage":2.0,"enemies":"2 Thieves","floor":29.0,"turns":3.0},{"damage":12.0,"enemies":"Slavers","floor":30.0,"turns":5.0},{"damage":0.0,"enemies":"Champ","floor":33.0,"turns":14.0},{"damage":0.0,"enemies":"3 Shapes","floor":35.0,"turns":4.0},{"damage":0.0,"enemies":"Orb Walker","floor":38.0,"turns":2.0},{"damage":0.0,"enemies":"Transient","floor":39.0,"turns":6.0},{"damage":7.0,"enemies":"Nemesis","floor":40.0,"turns":7.0},{"damage":0.0,"enemies":"Maw","floor":41.0,"turns":8.0},{"damage":7.0,"enemies":"Sphere and 2 Shapes","floor":44.0,"turns":6.0},{"damage":0.0,"enemies":"4 Shapes","floor":46.0,"turns":6.0},{"damage":4.0,"enemies":"Time Eater","floor":50.0,"turns":13.0},{"damage":54,"enemies":"Donu and Deca","floor":51,"turns":14}],"seed_played":"310102910676316768","potions_obtained":[{"floor":5.0,"key":"AttackPotion"},{"floor":7.0,"key":"Energy Potion"},{"floor":10.0,"key":"SkillPotion"},{"floor":14.0,"key":"GamblersBrew"},{"floor":18.0,"key":"GamblersBrew"},{"floor":24.0,"key":"Dexterity Potion"},{"floor":30.0,"key":"FearPotion"},{"floor":33.0,"key":"Explosive Potion"},{"floor":38.0,"key":"Fire Potion"},{"floor":39.0,"key":"FocusPotion"},{"floor":41.0,"key":"Poison Potion"}],"is_trial":false,"path_per_floor":["M","$","?","?","M","R","M","R","T","E","R","M","E","M","R","B",null,"M","?","?","$","T","R","E","T","T","R","E","M","E","$","R","B",null,"M","?","$","M","M","E","M","R","T","M","R","M","?","$","R","B","B",null],"character_chosen":"DEFECT","items_purchased":["Cold Snap","Static Discharge","Orichalcum","Sunder","Glacier","Darkness","Coolheaded","Glacier"],"campfire_rested":0,"item_purchase_floors":[2,2,21,21,31,31,37,48],"current_hp_per_floor":[57,57,57,57,50,50,50,50,50,34,34,35,42,42,42,46,65,71,71,71,71,71,71,60,60,60,60,67,71,66,66,66,71,71,71,71,71,71,71,71,71,71,71,71,71,71,61,61,61,71,17],"gold":29,"neow_bonus":"HUNDRED_GOLD","is_prod":false,"is_daily":false,"chose_seed":false,"campfire_upgraded":10,"win_rate":0,"timestamp":1558748606,"path_taken":["M","$","?","?","M","R","M","R","T","E","R","M","E","M","R","BOSS","M","?","?","$","?","R","E","?","T","R","E","M","E","?","R","BOSS","M","?","$","M","?","E","M","R","T","M","R","M","?","$","R","BOSS","BOSS"],"build_version":"2019-01-23","purchased_purges":3,"victory":true,"max_hp_per_floor":[71,71,71,71,71,71,71,71,71,71,71,71,71,71,71,71,71,71,71,71,71,71,71,71,71,71,71,71,71,71,71,71,71,71,71,71,71,71,71,71,71,71,71,71,71,71,71,71,71,71,71],"card_choices":[{"not_picked":["Hologram","Static Discharge"],"picked":"Genetic Algorithm","floor":1.0},{"not_picked":["Recycle","Force Field","Rebound"],"picked":"SKIP","floor":5.0},{"not_picked":["Leap","Turbo"],"picked":"Buffer","floor":7.0},{"not_picked":["Ball Lightning","Rip and Tear"],"picked":"Self Repair","floor":10.0},{"not_picked":["Cold Snap","Tempest"],"picked":"Rip and Tear","floor":12.0},{"not_picked":["Leap","Aggregate","Stack"],"picked":"SKIP","floor":13.0},{"not_picked":["Turbo","Conserve Battery"],"picked":"Reinforced Body","floor":14.0},{"not_picked":["Rainbow","Reboot"],"picked":"Biased Cognition","floor":16.0},{"not_picked":["Storm","Stack"],"picked":"Reprogram","floor":18.0},{"not_picked":["Streamline","Steam Power"],"picked":"Sweeping Beam+1","floor":24.0},{"not_picked":["Tempest","Steam"],"picked":"BootSequence","floor":28.0},{"not_picked":["Hologram","Barrage"],"picked":"Coolheaded","floor":29.0},{"not_picked":["Go for the Eyes","White Noise"],"picked":"Machine Learning","floor":30.0},{"not_picked":["Reboot","Buffer"],"picked":"Seek","floor":33.0},{"not_picked":[],"picked":"Compile Driver","floor":35.0},{"not_picked":["Compile Driver"],"picked":"SKIP","floor":38.0},{"not_picked":["Sweeping Beam"],"picked":"SKIP","floor":39.0},{"not_picked":["Leap"],"picked":"SKIP","floor":40.0},{"not_picked":["Streamline"],"picked":"SKIP","floor":41.0},{"not_picked":["Turbo+1"],"picked":"SKIP","floor":44.0},{"not_picked":[],"picked":"Darkness+1","floor":46.0},{"not_picked":[],"picked":"PanicButton","floor":47.0},{"not_picked":[],"picked":"Blind","floor":47.0}],"player_experience":790097,"relics_obtained":[{"floor":9.0,"key":"Bag of Marbles"},{"floor":10.0,"key":"Oddly Smooth Stone"},{"floor":13.0,"key":"Pocketwatch"},{"floor":22.0,"key":"Blue Candle"},{"floor":24.0,"key":"Dream Catcher"},{"floor":25.0,"key":"DataDisk"},{"floor":26.0,"key":"Pen Nib"},{"floor":28.0,"key":"Bronze Scales"},{"floor":30.0,"key":"Pantograph"},{"floor":40.0,"key":"Ancient Tea Set"},{"floor":43.0,"key":"War Paint"}],"event_choices":[{"damage_healed":0.0,"max_hp_gain":0.0,"max_hp_loss":0.0,"gold_gain":0.0,"event_name":"Liars Game","player_choice":"Ignored","floor":3.0,"gold_loss":0.0,"damage_taken":0.0},{"cards_removed":["Strike_B"],"damage_healed":0.0,"max_hp_gain":0.0,"max_hp_loss":0.0,"gold_gain":0.0,"event_name":"Purifier","player_choice":"Purged","floor":4.0,"gold_loss":0.0,"damage_taken":0.0},{"damage_healed":0.0,"max_hp_gain":0.0,"max_hp_loss":0.0,"gold_gain":0.0,"event_name":"The Mausoleum","player_choice":"Ignored","floor":19.0,"gold_loss":0.0,"damage_taken":0.0},{"damage_healed":0.0,"max_hp_gain":0.0,"max_hp_loss":0.0,"gold_gain":0.0,"event_name":"Cursed Tome","player_choice":"Ignored","floor":20.0,"gold_loss":0.0,"damage_taken":0.0},{"damage_healed":0.0,"max_hp_gain":0.0,"max_hp_loss":0.0,"gold_gain":0.0,"event_name":"WeMeetAgain","player_choice":"Gave Potion","floor":36.0,"gold_loss":0.0,"damage_taken":0.0,"relics_obtained":["Boot"]},{"damage_healed":0.0,"max_hp_gain":0.0,"max_hp_loss":0.0,"gold_gain":0.0,"event_name":"SensoryStone","player_choice":"Memory 3","floor":47.0,"gold_loss":0.0,"damage_taken":10.0}],"is_beta":false,"boss_relics":[{"not_picked":["Fusion Hammer","Black Star"],"picked":"Velvet Choker"},{"not_picked":["Runic Dome","Philosopher\u0027s Stone"],"picked":"Busted Crown"}],"items_purged_floors":[2,37,48],"is_endless":false,"potions_floor_spawned":[5,7,10,14,18,24,30,33,38,39,41],"ascension_level":20}