{"gold_per_floor":[367,382,382,398,64,64,82,7,7,21,21,51,67,86,86,86],"floor_reached":16,"playtime":700,"items_purged":["Regret"],"score":208,"play_id":"e74971a8-7ad1-41e1-bf29-7596c0fa8f48","local_time":"20190521231354","is_ascension_mode":true,"campfire_choices":[{"data":"Compile Driver","floor":6.0,"key":"SMITH"},{"data":"Ball Lightning","floor":11.0,"key":"SMITH"},{"data":"Reinforced Body","floor":15.0,"key":"SMITH"}],"neow_cost":"CURSE","seed_source_timestamp":106505822505504,"circlet_count":0,"master_deck":["AscendersBane","Strike_B+1","Strike_B","Strike_B","Strike_B+1","Defend_B","Defend_B","Defend_B","Defend_B","Zap+1","Dualcast","Compile Driver+1","Ball Lightning+1","Glacier","Genetic Algorithm","BootSequence","Reinforced Body+1"],"special_seed":0,"relics":["Cracked Core","Torii","Whetstone","Bottled Flame"],"potions_floor_usage":[16],"damage_taken":[{"damage":6.0,"enemies":"Jaw Worm","floor":1.0,"turns":4.0},{"damage":4.0,"enemies":"Cultist","floor":2.0,"turns":4.0},{"damage":1.0,"enemies":"Small Slimes","floor":4.0,"turns":2.0},{"damage":5.0,"enemies":"Exordium Thugs","floor":7.0,"turns":4.0},{"damage":11.0,"enemies":"Exordium Wildlife","floor":10.0,"turns":3.0},{"damage":20.0,"enemies":"3 Sentries","floor":12.0,"turns":8.0},{"damage":1.0,"enemies":"2 Fungi Beasts","floor":13.0,"turns":3.0},{"damage":1.0,"enemies":"Red Slaver","floor":14.0,"turns":3.0},{"damage":33,"enemies":"Hexaghost","floor":16,"turns":9}],"seed_played":"-2833472386520883717","potions_obtained":[{"floor":2.0,"key":"Fire Potion"},{"floor":4.0,"key":"Regen Potion"},{"floor":14.0,"key":"FearPotion"}],"is_trial":false,"path_per_floor":["M","M","?","M","$","R","M","$","T","M","R","E","M","M","R","B"],"character_chosen":"DEFECT","items_purchased":["Torii"],"campfire_rested":0,"item_purchase_floors":[5],"current_hp_per_floor":[58,54,54,53,53,53,48,48,48,37,37,32,31,30,30,0],"gold":86,"neow_bonus":"TWO_FIFTY_GOLD","is_prod":false,"is_daily":false,"chose_seed":false,"campfire_upgraded":3,"win_rate":0,"timestamp":1558494834,"path_taken":["M","M","?","?","$","R","M","$","T","M","R","E","M","M","R","BOSS"],"build_version":"2019-01-23","purchased_purges":1,"victory":false,"max_hp_per_floor":[71,71,71,71,71,71,71,71,71,71,71,71,71,71,71,71],"card_choices":[{"not_picked":["Steam Power","Redo","Barrage"],"picked":"SKIP","floor":1.0},{"not_picked":["Lockon","Coolheaded"],"picked":"Compile Driver","floor":2.0},{"not_picked":["Steam","Gash","Hologram"],"picked":"SKIP","floor":4.0},{"not_picked":["Capacitor","BootSequence"],"picked":"Ball Lightning","floor":7.0},{"not_picked":["Seek","Steam"],"picked":"Glacier","floor":10.0},{"not_picked":["Stack","Chaos"],"picked":"Genetic Algorithm","floor":12.0},{"not_picked":["Hologram","Streamline"],"picked":"BootSequence","floor":13.0},{"not_picked":["Hologram","Gash"],"picked":"Reinforced Body","floor":14.0}],"player_experience":729525,"relics_obtained":[{"floor":9.0,"key":"Whetstone"},{"floor":12.0,"key":"Bottled Flame"}],"event_choices":[{"damage_healed":0.0,"max_hp_gain":0.0,"max_hp_loss":0.0,"gold_gain":0.0,"event_name":"Upgrade Shrine","player_choice":"Upgraded","floor":3.0,"gold_loss":0.0,"damage_taken":0.0,"cards_upgraded":["Zap"]}],"is_beta":false,"boss_relics":[],"items_purged_floors":[8],"is_endless":false,"potions_floor_spawned":[2,4,14],"killed_by":"Hexaghost","ascension_level":20}