{"gold_per_floor":[111,111,111,39,314,314,350,381,381,412,67,83,98,117,117,241,241,256,531,556,22,43,43,76,76,103,134,134,150,184,207,207,207],"floor_reached":33,"playtime":2772,"items_purged":["Regret","Regret"],"score":585,"play_id":"1993a029-b265-4bbc-9209-b759a24d9ea9","local_time":"20190512190334","is_ascension_mode":true,"campfire_choices":[{"data":"Zap","floor":6.0,"key":"SMITH"},{"floor":15.0,"key":"REST"},{"floor":23.0,"key":"REST"},{"data":"Ball Lightning","floor":25.0,"key":"SMITH"},{"floor":28.0,"key":"REST"},{"data":"Go for the Eyes","floor":32.0,"key":"SMITH"}],"neow_cost":"NONE","seed_source_timestamp":692074783018684,"circlet_count":0,"master_deck":["AscendersBane","Strike_B","Strike_B","Strike_B","Strike_B","Defend_B+1","Defend_B","Defend_B","Defend_B","Zap+1","Dualcast","Stack","Injury","Core Surge","Steam Power+1","Glacier","Core Surge","Reprogram+1","Consume+1","Coolheaded+1","Ball Lightning+1","Electrodynamics+1","Genetic Algorithm+1","Genetic Algorithm+1","Self Repair+1","Hologram+1","Redo+1","Hologram+1","Auto Shields+1","Go for the Eyes+1","Skim+1","White Noise+1"],"special_seed":0,"relics":["Cracked Core","NeowsBlessing","Golden Idol","WingedGreaves","Shuriken","Frozen Egg 2","Kunai","Toxic Egg 2","Blood Vial","Black Star","Thread and Needle","Gambling Chip","War Paint","Happy Flower","Bird Faced Urn","Du-Vu Doll","Oddly Smooth Stone","Strawberry"],"potions_floor_usage":[],"damage_taken":[{"damage":0.0,"enemies":"2 Louse","floor":1.0,"turns":1.0},{"damage":0.0,"enemies":"Gremlin Nob","floor":7.0,"turns":1.0},{"damage":0.0,"enemies":"3 Sentries","floor":8.0,"turns":1.0},{"damage":45.0,"enemies":"Gremlin Nob","floor":10.0,"turns":6.0},{"damage":0.0,"enemies":"Jaw Worm","floor":12.0,"turns":3.0},{"damage":0.0,"enemies":"Cultist","floor":13.0,"turns":3.0},{"damage":6.0,"enemies":"Exordium Thugs","floor":14.0,"turns":6.0},{"damage":8.0,"enemies":"The Guardian","floor":16.0,"turns":10.0},{"damage":13.0,"enemies":"Chosen","floor":18.0,"turns":5.0},{"damage":11.0,"enemies":"2 Thieves","floor":20.0,"turns":4.0},{"damage":42.0,"enemies":"Snake Plant","floor":22.0,"turns":6.0},{"damage":19.0,"enemies":"Slavers","floor":24.0,"turns":5.0},{"damage":23.0,"enemies":"Book of Stabbing","floor":27.0,"turns":7.0},{"damage":8.0,"enemies":"Chosen and Byrds","floor":29.0,"turns":4.0},{"damage":41.0,"enemies":"Gremlin Leader","floor":30.0,"turns":8.0},{"damage":0.0,"enemies":"Sentry and Sphere","floor":31.0,"turns":4.0},{"damage":87,"enemies":"Automaton","floor":33,"turns":16}],"seed_played":"-271638459756609759","potions_obtained":[{"floor":10.0,"key":"EssenceOfSteel"},{"floor":12.0,"key":"FocusPotion"},{"floor":16.0,"key":"LiquidBronze"},{"floor":20.0,"key":"Regen Potion"},{"floor":24.0,"key":"GamblersBrew"},{"floor":27.0,"key":"SkillPotion"}],"is_trial":false,"path_per_floor":["M","?","?","$","?","R","E","E","T","E","$","M","M","M","R","B",null,"M","?","M","$","M","R","E","R","T","E","R","M","E","M","R","B"],"character_chosen":"DEFECT","items_purchased":["Core Surge","Blood Vial","Reprogram+1","AttackPotion","Self Repair+1","Hologram+1","Thread and Needle"],"campfire_rested":3,"item_purchase_floors":[4,11,11,11,21,21,21],"current_hp_per_floor":[68,68,65,65,65,65,65,65,65,20,20,22,24,20,42,36,65,54,54,45,45,30,52,45,45,45,34,56,64,46,62,62,0],"gold":207,"neow_bonus":"THREE_ENEMY_KILL","is_prod":false,"is_daily":false,"chose_seed":false,"campfire_upgraded":3,"win_rate":0,"timestamp":1557702214,"path_taken":["M","?","?","$","?","R","E","E","T","E","$","?","M","M","R","BOSS","M","?","M","$","M","R","E","R","T","E","R","?","E","M","R","BOSS"],"build_version":"2019-01-23","purchased_purges":2,"victory":false,"max_hp_per_floor":[75,75,75,75,75,75,75,75,75,75,75,75,75,75,75,75,75,75,75,75,75,75,75,75,75,75,75,75,75,82,82,82,82],"card_choices":[{"not_picked":["Streamline","Hologram"],"picked":"Stack","floor":1.0},{"not_picked":["Aggregate","Sunder"],"picked":"Steam Power","floor":7.0},{"not_picked":["Rebound","FTL"],"picked":"Glacier","floor":8.0},{"not_picked":["Stack","Amplify"],"picked":"Core Surge","floor":10.0},{"not_picked":["Leap+1","Rebound"],"picked":"Consume+1","floor":12.0},{"not_picked":["Sweeping Beam","Steam+1"],"picked":"Coolheaded+1","floor":13.0},{"not_picked":["Streamline","Steam+1"],"picked":"Ball Lightning","floor":14.0},{"not_picked":["Meteor Strike","Rainbow+1"],"picked":"Electrodynamics+1","floor":16.0},{"not_picked":["White Noise+1","Reprogram+1"],"picked":"Genetic Algorithm+1","floor":18.0},{"not_picked":["Heatsinks+1","Streamline+1"],"picked":"Genetic Algorithm+1","floor":20.0},{"not_picked":["Hologram+1","Ball Lightning"],"picked":"Redo+1","floor":22.0},{"not_picked":["Cold Snap","Gash"],"picked":"Hologram+1","floor":24.0},{"not_picked":["Cold Snap","Core Surge"],"picked":"Auto Shields+1","floor":27.0},{"not_picked":["Barrage","Rebound"],"picked":"Go for the Eyes","floor":29.0},{"not_picked":["Turbo+1","Consume+1"],"picked":"Skim+1","floor":30.0},{"not_picked":["Cold Snap","Beam Cell"],"picked":"White Noise+1","floor":31.0}],"player_experience":570123,"relics_obtained":[{"floor":7.0,"key":"Shuriken"},{"floor":8.0,"key":"Frozen Egg 2"},{"floor":9.0,"key":"Kunai"},{"floor":10.0,"key":"Toxic Egg 2"},{"floor":24.0,"key":"Gambling Chip"},{"floor":24.0,"key":"War Paint"},{"floor":26.0,"key":"Happy Flower"},{"floor":27.0,"key":"Bird Faced Urn"},{"floor":27.0,"key":"Du-Vu Doll"},{"floor":30.0,"key":"Oddly Smooth Stone"},{"floor":30.0,"key":"Strawberry"}],"event_choices":[{"damage_healed":0.0,"max_hp_gain":0.0,"max_hp_loss":0.0,"gold_gain":0.0,"event_name":"Golden Idol","player_choice":"Take Wound","floor":2.0,"gold_loss":0.0,"damage_taken":0.0,"relics_obtained":["Golden Idol"],"cards_obtained":["Injury"]},{"damage_healed":0.0,"max_hp_gain":0.0,"max_hp_loss":0.0,"gold_gain":0.0,"event_name":"Scrap Ooze","player_choice":"Success","floor":3.0,"gold_loss":0.0,"damage_taken":3.0,"relics_obtained":["WingedGreaves"]},{"damage_healed":0.0,"max_hp_gain":0.0,"max_hp_loss":0.0,"gold_gain":275.0,"event_name":"Golden Shrine","player_choice":"Desecrate","floor":5.0,"gold_loss":0.0,"damage_taken":0.0,"cards_obtained":["Regret"]},{"damage_healed":0.0,"max_hp_gain":0.0,"max_hp_loss":0.0,"gold_gain":275.0,"event_name":"Golden Shrine","player_choice":"Desecrate","floor":19.0,"gold_loss":0.0,"damage_taken":0.0,"cards_obtained":["Regret"]}],"is_beta":false,"boss_relics":[{"not_picked":["Tiny House","Runic Dome"],"picked":"Black Star"}],"items_purged_floors":[11,21],"is_endless":false,"potions_floor_spawned":[10,12,13,16,20,24,27],"killed_by":"Automaton","ascension_level":10}