{"gold_per_floor":[15,15,28,43,59,59,88,107,134,145,156,169,203,203,203,281,281,301,301,301,47,47,47,62,62],"floor_reached":25,"playtime":1580,"items_purged":[],"score":444,"play_id":"e2672880-58d2-400b-ba40-cf3b57714072","local_time":"20190510025318","is_ascension_mode":true,"campfire_choices":[{"data":"Bash","floor":6.0,"key":"SMITH"},{"floor":15.0,"key":"REST"},{"data":"Immolate","floor":23,"key":"SMITH"}],"neow_cost":"NO_GOLD","seed_source_timestamp":463217872896892,"circlet_count":0,"master_deck":["AscendersBane","Defend_R","Defend_R","Defend_R","Defend_R","Bash+1","Impervious","Clothesline","Spot Weakness","Metallicize+1","Heavy Blade","Exhume","Shrug It Off","Twin Strike","Inflame+1","Immolate+1","Headbutt","Juggernaut+1","Intimidate","RitualDagger","Bite","Bite","Bite","Bite","Bite","Metallicize+1","Limit Break","Shrug It Off"],"special_seed":0,"relics":["Burning Blood","Frozen Egg 2","Bag of Preparation","Centennial Puzzle","Art of War","Runic Cube"],"potions_floor_usage":[25],"damage_taken":[{"damage":7.0,"enemies":"Small Slimes","floor":1.0,"turns":4.0},{"damage":0.0,"enemies":"Jaw Worm","floor":3.0,"turns":4.0},{"damage":8.0,"enemies":"2 Louse","floor":4.0,"turns":3.0},{"damage":17.0,"enemies":"Large Slime","floor":5.0,"turns":10.0},{"damage":32.0,"enemies":"3 Sentries","floor":7.0,"turns":9.0},{"damage":13.0,"enemies":"3 Louse","floor":8.0,"turns":3.0},{"damage":6.0,"enemies":"Blue Slaver","floor":10.0,"turns":5.0},{"damage":3.0,"enemies":"Looter","floor":11.0,"turns":4.0},{"damage":16.0,"enemies":"Exordium Wildlife","floor":12.0,"turns":5.0},{"damage":6.0,"enemies":"Gremlin Nob","floor":13.0,"turns":3.0},{"damage":12.0,"enemies":"Hexaghost","floor":16.0,"turns":9.0},{"damage":25.0,"enemies":"2 Thieves","floor":18.0,"turns":3.0},{"damage":14,"enemies":"Spheric Guardian","floor":24,"turns":4},{"damage":45,"enemies":"Slavers","floor":25,"turns":3}],"seed_played":"6823668538564494869","potions_obtained":[{"floor":3.0,"key":"Regen Potion"},{"floor":7.0,"key":"Strength Potion"},{"floor":8.0,"key":"Dexterity Potion"},{"floor":12.0,"key":"FearPotion"},{"floor":16.0,"key":"SteroidPotion"},{"floor":24,"key":"LiquidBronze"}],"is_trial":false,"path_per_floor":["M","?","M","M","M","R","E","M","T","M","M","M","E","?","R","B",null,"M","?","?","$","?","R","M","E"],"character_chosen":"IRONCLAD","items_purchased":["Metallicize+1","Limit Break"],"campfire_rested":1,"item_purchase_floors":[21,21],"current_hp_per_floor":[67,56,62,60,49,49,38,31,31,31,34,24,24,24,46,40,66,47,41,41,41,41,41,37,0],"gold":62,"neow_bonus":"THREE_RARE_CARDS","is_prod":false,"is_daily":false,"chose_seed":false,"campfire_upgraded":2,"win_rate":0,"timestamp":1557471198,"path_taken":["M","?","M","M","M","R","E","M","T","M","M","M","E","?","R","BOSS","M","?","?","$","?","R","M","E"],"build_version":"2019-01-23","purchased_purges":0,"victory":false,"max_hp_per_floor":[75,75,75,75,75,75,75,75,75,75,75,75,75,75,75,75,75,75,75,52,52,52,52,52,52],"card_choices":[{"not_picked":["Demon Form","Berserk"],"picked":"Impervious","floor":0.0},{"not_picked":["Sword Boomerang","Headbutt"],"picked":"Clothesline","floor":1.0},{"not_picked":["Uppercut","Heavy Blade"],"picked":"Spot Weakness","floor":3.0},{"not_picked":["Rampage","Thunderclap"],"picked":"Metallicize+1","floor":4.0},{"not_picked":["Pummel","Warcry"],"picked":"Heavy Blade","floor":5.0},{"not_picked":["Reckless Charge","Warcry"],"picked":"Exhume","floor":7.0},{"not_picked":["Thunderclap","Warcry"],"picked":"Shrug It Off","floor":8.0},{"not_picked":["Sever Soul","Clash"],"picked":"Twin Strike","floor":10.0},{"not_picked":["Spot Weakness","Flex"],"picked":"Inflame+1","floor":11.0},{"not_picked":["Thunderclap","Rampage"],"picked":"Immolate","floor":12.0},{"not_picked":["Warcry","Dual Wield"],"picked":"Headbutt","floor":13.0},{"not_picked":["Exhume","Bludgeon"],"picked":"Juggernaut+1","floor":16.0},{"not_picked":["Heavy Blade","Wild Strike"],"picked":"Intimidate","floor":18.0},{"not_picked":["Clash","Thunderclap","Bloodletting"],"picked":"SKIP","floor":24}],"player_experience":494978,"relics_obtained":[{"floor":7.0,"key":"Bag of Preparation"},{"floor":9.0,"key":"Centennial Puzzle"},{"floor":13.0,"key":"Art of War"}],"event_choices":[{"damage_healed":0.0,"max_hp_gain":0.0,"max_hp_loss":0.0,"gold_gain":0.0,"event_name":"Scrap Ooze","player_choice":"Success","floor":2.0,"gold_loss":0.0,"damage_taken":11.0,"relics_obtained":["Frozen Egg 2"]},{"damage_healed":0.0,"max_hp_gain":0.0,"max_hp_loss":0.0,"gold_gain":0.0,"event_name":"Dead Adventurer","player_choice":"Searched \u00270\u0027 times","floor":14.0,"gold_loss":0.0,"damage_taken":0.0},{"damage_healed":0.0,"max_hp_gain":0.0,"max_hp_loss":0.0,"gold_gain":0.0,"event_name":"Nest","player_choice":"Joined the Cult","floor":19.0,"gold_loss":0.0,"damage_taken":6.0,"cards_obtained":["RitualDagger"]},{"damage_healed":0.0,"max_hp_gain":0.0,"max_hp_loss":23.0,"gold_gain":0.0,"event_name":"Vampires","player_choice":"Became a vampire","floor":20.0,"gold_loss":0.0,"damage_taken":0.0,"cards_obtained":["Bite","Bite","Bite","Bite","Bite"]},{"damage_healed":0.0,"max_hp_gain":0.0,"max_hp_loss":0.0,"gold_gain":0.0,"event_name":"The Library","player_choice":"Read","floor":22.0,"gold_loss":0.0,"damage_taken":0.0,"cards_obtained":["Shrug It Off"]}],"is_beta":false,"boss_relics":[{"not_picked":["Lizard Tail","Runic Dome"],"picked":"Runic Cube"}],"items_purged_floors":[],"is_endless":false,"potions_floor_spawned":[3,7,8,12,16,24],"killed_by":"Slavers","ascension_level":19}