{"gold_per_floor":[214,164,164,178,194,226,226,258,258,277,277,304,7,17,17,121,121,139,156,174,174,190,217,231,231,282,282,294,307,0,0,0,97,97,115,131,131,144,160,179,179,179,179,179,179,198,232,252,252,252],"floor_reached":51,"playtime":1983,"items_purged":[],"score":807,"play_id":"380a6a61-d271-434f-9bc9-67cf27d279be","local_time":"20190526073330","is_ascension_mode":true,"campfire_choices":[{"floor":7,"key":"REST"},{"floor":11,"key":"REST"},{"floor":15,"key":"REST"},{"floor":25,"key":"REST"},{"data":"Rainbow","floor":27,"key":"SMITH"},{"floor":32,"key":"REST"},{"floor":42,"key":"REST"},{"floor":45,"key":"REST"},{"floor":49,"key":"REST"}],"neow_cost":"NONE","seed_source_timestamp":346910988416940,"circlet_count":0,"master_deck":["Strike_B","Defend_B","Defend_B","Defend_B","Zap","Dualcast","Ball Lightning","Auto Shields","Glacier","Rebound","All For One","Darkness","FTL","Doom and Gloom","Rainbow+1","Streamline+1","Streamline","Echo Form","Sunder","Electrodynamics","Undo","Glacier+1","Go for the Eyes","Doom and Gloom+1","Writhe","Creative AI","Undo+1"],"relics":["Cracked Core","Centennial Puzzle","Gremlin Horn","Happy Flower","Odd Mushroom","Vajra","Regal Pillow","Snecko Eye","Bottled Lightning","Potion Belt","Fusion Hammer","Kunai","Bronze Scales"],"potions_floor_usage":[6,12,18,22,22,23,29,29,40,46,46,47,50,50,50],"damage_taken":[{"damage":6,"enemies":"Cultist","floor":1,"turns":3},{"damage":0,"enemies":"Small Slimes","floor":4,"turns":2},{"damage":0,"enemies":"2 Louse","floor":5,"turns":2},{"damage":23,"enemies":"Gremlin Nob","floor":6,"turns":5},{"damage":15,"enemies":"3 Sentries","floor":8,"turns":6},{"damage":1,"enemies":"2 Fungi Beasts","floor":10,"turns":2},{"damage":30,"enemies":"The Mushroom Lair","floor":12,"turns":4},{"damage":5,"enemies":"Gremlin Gang","floor":14,"turns":3},{"damage":18,"enemies":"Slime Boss","floor":16,"turns":7},{"damage":0,"enemies":"Spheric Guardian","floor":18,"turns":3},{"damage":0,"enemies":"Chosen","floor":19,"turns":2},{"damage":7,"enemies":"Centurion and Healer","floor":20,"turns":3},{"damage":0,"enemies":"Snecko","floor":22,"turns":2},{"damage":27,"enemies":"Gremlin Leader","floor":23,"turns":4},{"damage":2,"enemies":"Chosen and Byrds","floor":24,"turns":4},{"damage":31,"enemies":"Centurion and Healer","floor":28,"turns":4},{"damage":10,"enemies":"Snake Plant","floor":29,"turns":2},{"damage":31,"enemies":"Collector","floor":33,"turns":8},{"damage":10,"enemies":"3 Darklings","floor":35,"turns":3},{"damage":13,"enemies":"3 Shapes","floor":36,"turns":2},{"damage":9,"enemies":"3 Darklings","floor":38,"turns":2},{"damage":34,"enemies":"Transient","floor":39,"turns":5},{"damage":10,"enemies":"Maw","floor":40,"turns":6},{"damage":19,"enemies":"Spire Growth","floor":46,"turns":4},{"damage":0,"enemies":"Reptomancer","floor":47,"turns":3},{"damage":3,"enemies":"Jaw Worm Horde","floor":48,"turns":2},{"damage":28,"enemies":"Time Eater","floor":50,"turns":9}],"seed_played":"-5706464296391298710","potions_obtained":[{"floor":5,"key":"SkillPotion"},{"floor":6,"key":"Poison Potion"},{"floor":10,"key":"Dexterity Potion"},{"floor":16,"key":"GamblersBrew"},{"floor":18,"key":"Fire Potion"},{"floor":20,"key":"Swift Potion"},{"floor":22,"key":"Weak Potion"},{"floor":23,"key":"SteroidPotion"},{"floor":28,"key":"Swift Potion"},{"floor":35,"key":"Dexterity Potion"},{"floor":38,"key":"Dexterity Potion"},{"floor":39,"key":"Dexterity Potion"},{"floor":44,"key":"Explosive Potion"},{"floor":44,"key":"FearPotion"},{"floor":44,"key":"Weak Potion"},{"floor":47,"key":"Poison Potion"},{"floor":48,"key":"Explosive Potion"}],"is_trial":false,"path_per_floor":["M","?","?","M","M","E","R","E","T","M","R","?","$","M","R","B",null,"M","M","M","?","M","E","M","R","T","R","M","M","?","?","R","B",null,"M","M","?","M","M","M","?","R","T","?","R","M","E","M","R","B",null],"character_chosen":"DEFECT","items_purchased":["Vajra","Regal Pillow"],"campfire_rested":8,"item_purchase_floors":[13,13],"current_hp_per_floor":[69,69,62,62,62,39,61,46,46,45,67,37,37,32,69,51,75,75,75,68,54,54,27,25,64,64,64,33,23,23,23,62,31,80,70,57,57,48,14,4,24,63,63,63,80,61,61,58,80,52],"gold":252,"neow_bonus":"HUNDRED_GOLD","is_prod":false,"is_daily":false,"chose_seed":false,"campfire_upgraded":1,"win_rate":0,"timestamp":1558874010,"path_taken":["M","?","?","M","M","E","R","E","T","M","R","?","$","M","R","BOSS","M","M","M","?","M","E","M","R","T","R","M","M","?","?","R","BOSS","M","?","?","M","M","?","?","R","T","?","R","?","E","M","R","BOSS"],"build_version":"2019-01-23","purchased_purges":0,"victory":true,"max_hp_per_floor":[75,75,75,75,75,75,75,75,75,75,75,75,75,75,75,75,75,75,75,75,80,80,80,80,80,80,80,80,80,80,80,80,80,80,80,80,80,80,80,80,80,80,80,80,80,80,80,80,80,80],"card_choices":[{"not_picked":["Compile Driver","Streamline"],"picked":"Ball Lightning","floor":1},{"not_picked":["Heatsinks","Ball Lightning"],"picked":"Auto Shields","floor":4},{"not_picked":["Gash","Leap"],"picked":"Glacier","floor":5},{"not_picked":["Beam Cell","Sweeping Beam"],"picked":"Rebound","floor":6},{"not_picked":["Scrape","Rebound"],"picked":"All For One","floor":8},{"not_picked":["Sweeping Beam","Coolheaded"],"picked":"Darkness","floor":10},{"not_picked":["Rebound","Reprogram"],"picked":"FTL","floor":12},{"not_picked":["Compile Driver","Heatsinks"],"picked":"Doom and Gloom","floor":14},{"not_picked":["Meteor Strike","Hyperbeam"],"picked":"Rainbow","floor":16},{"not_picked":["Turbo","Coolheaded","Barrage+1"],"picked":"SKIP","floor":18},{"not_picked":["Steam","Self Repair","Compile Driver"],"picked":"SKIP","floor":19},{"not_picked":["Gash","Go for the Eyes"],"picked":"Streamline+1","floor":20},{"not_picked":["Steam+1","Cold Snap+1","Reprogram+1"],"picked":"SKIP","floor":22},{"not_picked":["Stack","Conserve Battery+1"],"picked":"Streamline","floor":23},{"not_picked":["Self Repair","Compile Driver+1","Skim"],"picked":"SKIP","floor":24},{"not_picked":["Turbo","Skim","Conserve Battery+1"],"picked":"SKIP","floor":28},{"not_picked":["Hello World+1","Undo"],"picked":"Echo Form","floor":29},{"not_picked":["Seek","Reboot"],"picked":"Electrodynamics","floor":33},{"not_picked":["Darkness+1","Barrage+1"],"picked":"Undo","floor":35},{"not_picked":["Rip and Tear","Coolheaded"],"picked":"Glacier+1","floor":36},{"not_picked":["Conserve Battery","Gash"],"picked":"Doom and Gloom+1","floor":38},{"not_picked":["Self Repair","Gash","Reinforced Body"],"picked":"SKIP","floor":39},{"not_picked":["Recycle","Compile Driver+1","Steam+1"],"picked":"SKIP","floor":40},{"not_picked":["Beam Cell","Go for the Eyes+1"],"picked":"Creative AI","floor":46},{"not_picked":["Turbo+1","Rebound","FTL"],"picked":"SKIP","floor":47},{"not_picked":["Auto Shields","Darkness"],"picked":"Undo+1","floor":48}],"player_experience":18512,"relics_obtained":[{"floor":6,"key":"Centennial Puzzle"},{"floor":8,"key":"Gremlin Horn"},{"floor":9,"key":"Happy Flower"},{"floor":12,"key":"Odd Mushroom"},{"floor":23,"key":"Bottled Lightning"},{"floor":26,"key":"Potion Belt"},{"floor":43,"key":"Kunai"},{"floor":47,"key":"Bronze Scales"}],"event_choices":[{"cards_removed":["Strike_B"],"damage_healed":0,"gold_gain":0,"player_choice":"Card Removal","damage_taken":0,"max_hp_gain":0,"max_hp_loss":0,"event_name":"The Cleric","floor":2,"gold_loss":50},{"cards_removed":["Defend_B"],"damage_healed":0,"gold_gain":0,"player_choice":"Card Removal","damage_taken":7,"max_hp_gain":0,"max_hp_loss":0,"event_name":"Golden Wing","floor":3,"gold_loss":0},{"damage_healed":0,"gold_gain":0,"player_choice":"Fought Mushrooms","damage_taken":0,"max_hp_gain":0,"max_hp_loss":0,"event_name":"Mushrooms","floor":12,"gold_loss":0},{"damage_healed":0,"gold_gain":0,"player_choice":"Shed Blood","damage_taken":19,"max_hp_gain":5,"max_hp_loss":0,"event_name":"Forgotten Altar","floor":21,"gold_loss":0},{"damage_healed":0,"gold_gain":0,"player_choice":"Paid Fearfully","damage_taken":0,"max_hp_gain":0,"max_hp_loss":0,"event_name":"Masked Bandits","floor":30,"gold_loss":307},{"damage_healed":0,"gold_gain":0,"cards_transformed":["Strike_B"],"player_choice":"Transformed","damage_taken":0,"max_hp_gain":0,"max_hp_loss":0,"event_name":"Transmorgrifier","floor":31,"gold_loss":0,"cards_obtained":["Sunder"]},{"damage_healed":0,"gold_gain":0,"cards_transformed":["Strike_B"],"player_choice":"Transformed","damage_taken":0,"max_hp_gain":0,"max_hp_loss":0,"event_name":"Transmorgrifier","floor":37,"gold_loss":0,"cards_obtained":["Go for the Eyes"]},{"damage_healed":20,"gold_gain":0,"player_choice":"Writhe","damage_taken":0,"max_hp_gain":0,"max_hp_loss":0,"event_name":"Winding Halls","floor":41,"gold_loss":0,"cards_obtained":["Writhe"]},{"damage_healed":0,"gold_gain":0,"player_choice":"Got Potions","damage_taken":0,"max_hp_gain":0,"max_hp_loss":0,"event_name":"Lab","floor":44,"gold_loss":0}],"is_beta":false,"boss_relics":[{"not_picked":["Busted Crown","Tiny House"],"picked":"Snecko Eye"},{"not_picked":["Black Star","Lizard Tail"],"picked":"Fusion Hammer"}],"items_purged_floors":[],"is_endless":false,"potions_floor_spawned":[5,6,10,16,18,20,22,23,28,35,38,39,47,48],"ascension_level":2}