{"gold_per_floor":[365,365,440,405,73,84,113,123,149,149,162,162,193,212,212,315,315,334,334,35,35,49,49,80,97,97,97,112,126,153,8,8,110,110,130,149,149,0,0,17,42,42,42,42,71,71,90,115,115,115],"floor_reached":51,"playtime":2431,"items_purged":["Doubt","Strike_R"],"score":1325,"play_id":"8e6b9567-6a52-4651-b3a2-dc2b60a022e7","local_time":"20190516154901","is_ascension_mode":true,"campfire_choices":[{"data":"Bash","floor":10,"key":"SMITH"},{"floor":15,"key":"REST"},{"data":"Demon Form","floor":23,"key":"SMITH"},{"data":"True Grit","floor":27,"key":"SMITH"},{"data":"Whirlwind","floor":32,"key":"SMITH"},{"data":"Shrug It Off","floor":42,"key":"SMITH"},{"data":"Immolate","floor":49,"key":"SMITH"}],"neow_cost":"CURSE","seed_source_timestamp":667322379749733,"circlet_count":0,"master_deck":["AscendersBane","Defend_R","Defend_R","Bash+1","Rampage","Cleave","Pommel Strike","Feel No Pain","Infernal Blade","Demon Form+1","Clothesline+1","Shrug It Off+1","Bite","Bite","Bite","Bite","Bite","Thunderclap+1","Shrug It Off","Sword Boomerang+1","True Grit+1","Whirlwind+1","Armaments","Feed","Battle Trance+1","Dropkick+1","Seeing Red+1","True Grit+1","Shrug It Off+1","Demon Form+1","Discovery","Metallicize+1","Heavy Blade+1","Shrug It Off","Flame Barrier+1","Shrug It Off+1","Immolate+1"],"relics":["Burning Blood","Mercury Hourglass","Ancient Tea Set","Art of War","Kunai","PreservedInsect","Mark of Pain","Bronze Scales","Prayer Wheel","Centennial Puzzle","Bag of Marbles","Anchor","Astrolabe","Red Mask","Pear","Blue Candle","Meat on the Bone","Sundial"],"potions_floor_usage":[7,16,16,24,30,33,33,40,48,50,50],"damage_taken":[{"damage":13,"enemies":"2 Louse","floor":1,"turns":3},{"damage":9,"enemies":"Jaw Worm","floor":6,"turns":3},{"damage":42,"enemies":"Lagavulin","floor":7,"turns":6},{"damage":0,"enemies":"Small Slimes","floor":8,"turns":2},{"damage":2,"enemies":"2 Fungi Beasts","floor":11,"turns":3},{"damage":25,"enemies":"3 Sentries","floor":13,"turns":6},{"damage":22,"enemies":"Exordium Wildlife","floor":14,"turns":3},{"damage":33,"enemies":"Slime Boss","floor":16,"turns":8},{"damage":17,"enemies":"3 Byrds","floor":18,"turns":4},{"damage":30,"enemies":"2 Thieves","floor":22,"turns":2},{"damage":9,"enemies":"Gremlin Leader","floor":24,"turns":3},{"damage":14,"enemies":"Snecko","floor":25,"turns":4},{"damage":5,"enemies":"3 Cultists","floor":28,"turns":4},{"damage":12,"enemies":"Centurion and Healer","floor":29,"turns":7},{"damage":25,"enemies":"Slavers","floor":30,"turns":5},{"damage":31,"enemies":"Collector","floor":33,"turns":8},{"damage":6,"enemies":"Orb Walker","floor":35,"turns":2},{"damage":1,"enemies":"3 Shapes","floor":36,"turns":5},{"damage":32,"enemies":"Writhing Mass","floor":40,"turns":6},{"damage":2,"enemies":"Nemesis","floor":41,"turns":5},{"damage":8,"enemies":"Giant Head","floor":45,"turns":6},{"damage":3,"enemies":"Jaw Worm Horde","floor":47,"turns":2},{"damage":18,"enemies":"Reptomancer","floor":48,"turns":7},{"damage":37,"enemies":"Donu and Deca","floor":50,"turns":8}],"seed_played":"4576168007126058057","potions_obtained":[{"floor":1,"key":"Explosive Potion"},{"floor":11,"key":"Poison Potion"},{"floor":13,"key":"Swift Potion"},{"floor":19,"key":"Fire Potion"},{"floor":19,"key":"SpeedPotion"},{"floor":24,"key":"PowerPotion"},{"floor":30,"key":"SteroidPotion"},{"floor":33,"key":"LiquidBronze"},{"floor":36,"key":"AttackPotion"},{"floor":40,"key":"Fire Potion"},{"floor":47,"key":"SteroidPotion"},{"floor":48,"key":"Block Potion"}],"is_trial":false,"path_per_floor":["M","?","?","?","$","M","E","M","T","R","M","?","E","M","R","B",null,"M","?","$","?","M","R","E","M","T","R","M","M","E","$","R","B",null,"M","M","?","?","?","M","E","R","T","$","E","$","M","E","R","B",null],"character_chosen":"IRONCLAD","items_purchased":["Mercury Hourglass","Bronze Scales","Shrug It Off","Anchor"],"campfire_rested":1,"item_purchase_floors":[5,20,20,31],"current_hp_per_floor":[65,70,59,80,80,77,41,47,47,47,51,44,25,9,34,7,66,55,55,55,55,33,33,36,38,38,38,47,53,36,36,36,17,49,53,62,62,62,62,42,60,60,60,60,68,68,71,64,64,49],"gold":115,"neow_bonus":"TWO_FIFTY_GOLD","is_prod":false,"is_daily":false,"chose_seed":false,"campfire_upgraded":6,"win_rate":0,"timestamp":1558036141,"path_taken":["M","?","?","?","$","M","E","M","T","R","M","?","E","M","R","BOSS","M","?","?","?","M","R","E","M","T","R","M","?","E","$","R","BOSS","M","M","?","?","?","M","E","R","T","$","E","$","?","E","R","BOSS"],"build_version":"2019-01-23","purchased_purges":2,"victory":true,"max_hp_per_floor":[80,85,85,85,85,85,85,85,85,85,85,85,85,85,85,85,85,85,85,85,59,59,59,59,59,59,59,59,59,59,59,59,59,59,59,62,62,62,62,62,72,72,72,72,72,72,72,72,72,72],"card_choices":[{"not_picked":["Havoc","Evolve"],"picked":"Rampage","floor":1},{"not_picked":["Flex","Sword Boomerang"],"picked":"Cleave","floor":6},{"not_picked":["Battle Trance","Feel No Pain"],"picked":"Pommel Strike","floor":7},{"not_picked":["Cleave","Sever Soul"],"picked":"Feel No Pain","floor":8},{"not_picked":["Havoc","Twin Strike","Pommel Strike"],"picked":"SKIP","floor":11},{"not_picked":["Twin Strike","Exhume"],"picked":"Wild Strike","floor":13},{"not_picked":["Body Slam","Iron Wave"],"picked":"Infernal Blade","floor":14},{"not_picked":["Dark Embrace","Double Tap"],"picked":"Demon Form","floor":16},{"not_picked":["Sentinel","Entrench+1"],"picked":"Clothesline+1","floor":18},{"not_picked":["Headbutt","Hemokinesis"],"picked":"Thunderclap+1","floor":22},{"not_picked":["Heavy Blade","Thunderclap+1"],"picked":"Shrug It Off","floor":24},{"not_picked":["Warcry","Clash"],"picked":"Sword Boomerang+1","floor":25},{"not_picked":["Sword Boomerang+1","Searing Blow+1"],"picked":"True Grit","floor":25},{"not_picked":["Armaments","Pommel Strike+1"],"picked":"Whirlwind","floor":28},{"not_picked":["Reckless Charge+1","Exhume","Havoc"],"picked":"SKIP","floor":28},{"not_picked":["Iron Wave","Perfected Strike"],"picked":"Armaments","floor":29},{"not_picked":["Sword Boomerang+1","Hemokinesis","Pommel Strike"],"picked":"SKIP","floor":29},{"not_picked":["Anger","Armaments","Clothesline"],"picked":"SKIP","floor":30},{"not_picked":["Bludgeon","Impervious"],"picked":"Feed","floor":33},{"not_picked":["Sword Boomerang","Clash+1"],"picked":"True Grit+1","floor":35},{"not_picked":["Clash","Clothesline"],"picked":"Shrug It Off+1","floor":35},{"not_picked":["Carnage+1","Clash"],"picked":"Demon Form","floor":36},{"not_picked":["Inflame+1","Havoc+1","Combust"],"picked":"SKIP","floor":36},{"not_picked":["PanicButton","Impatience"],"picked":"Discovery","floor":37},{"not_picked":["Anger","Blood for Blood+1"],"picked":"Metallicize+1","floor":40},{"not_picked":["Hemokinesis","Sever Soul","Flex"],"picked":"SKIP","floor":40},{"not_picked":["Pummel+1","Warcry"],"picked":"Heavy Blade+1","floor":41},{"not_picked":["Perfected Strike+1","Seeing Red+1"],"picked":"Shrug It Off","floor":45},{"not_picked":["Wild Strike","Havoc"],"picked":"Flame Barrier+1","floor":47},{"not_picked":["Double Tap","Corruption"],"picked":"Shrug It Off+1","floor":47},{"not_picked":["Sword Boomerang+1","Warcry+1"],"picked":"Immolate","floor":48}],"player_experience":284700,"relics_obtained":[{"floor":7,"key":"Ancient Tea Set"},{"floor":9,"key":"Art of War"},{"floor":13,"key":"PreservedInsect"},{"floor":24,"key":"Prayer Wheel"},{"floor":26,"key":"Centennial Puzzle"},{"floor":30,"key":"Bag of Marbles"},{"floor":41,"key":"Pear"},{"floor":43,"key":"Blue Candle"},{"floor":45,"key":"Meat on the Bone"},{"floor":48,"key":"Sundial"}],"event_choices":[{"damage_healed":0,"gold_gain":0,"player_choice":"Donut","damage_taken":0,"max_hp_gain":5,"max_hp_loss":0,"event_name":"Big Fish","floor":2,"gold_loss":0},{"damage_healed":0,"gold_gain":75,"player_choice":"Gather Gold","damage_taken":11,"max_hp_gain":0,"max_hp_loss":0,"event_name":"World of Goop","floor":3,"gold_loss":0},{"damage_healed":21,"gold_gain":0,"player_choice":"Healed","damage_taken":0,"max_hp_gain":0,"max_hp_loss":0,"event_name":"The Cleric","floor":4,"gold_loss":35},{"damage_healed":0,"gold_gain":0,"player_choice":"Success","damage_taken":7,"relics_obtained":["Kunai"],"max_hp_gain":0,"max_hp_loss":0,"event_name":"Scrap Ooze","floor":12,"gold_loss":0},{"damage_healed":0,"gold_gain":0,"player_choice":"Got Potions","damage_taken":0,"max_hp_gain":0,"max_hp_loss":0,"event_name":"Lab","floor":19,"gold_loss":0},{"damage_healed":0,"gold_gain":0,"player_choice":"Became a vampire","damage_taken":0,"max_hp_gain":0,"max_hp_loss":26,"event_name":"Vampires","floor":21,"gold_loss":0,"cards_obtained":["Bite","Bite","Bite","Bite","Bite"]},{"damage_healed":0,"gold_gain":0,"player_choice":"Memory 1","damage_taken":0,"max_hp_gain":0,"max_hp_loss":0,"event_name":"SensoryStone","floor":37,"gold_loss":0},{"damage_healed":0,"gold_gain":0,"player_choice":"Paid","damage_taken":0,"relics_obtained":["Red Mask"],"max_hp_gain":0,"max_hp_loss":0,"event_name":"Tomb of Lord Red Mask","floor":38,"gold_loss":149},{"damage_healed":0,"gold_gain":0,"player_choice":"Forge","damage_taken":0,"max_hp_gain":0,"max_hp_loss":0,"event_name":"Accursed Blacksmith","floor":39,"gold_loss":0,"cards_upgraded":["Demon Form"]}],"is_beta":false,"boss_relics":[{"not_picked":["Calling Bell","Fusion Hammer"],"picked":"Mark of Pain"},{"not_picked":["Cursed Key","Empty Cage"],"picked":"Astrolabe"}],"items_purged_floors":[5,20],"is_endless":false,"potions_floor_spawned":[1,11,13,22,24,29,30,33,36,40,47,48],"ascension_level":11}