{"gold_per_floor":[109,109,109,119,52,52,70,100,176,203,217,229,242,277,277,356,356,356,369,61,61,73,104,104,104],"floor_reached":25,"playtime":1035,"items_purged":["Strike_R"],"score":413,"play_id":"152bcdec-de27-40a7-bbf7-8c2c4edfde35","local_time":"20190522071649","is_ascension_mode":true,"campfire_choices":[{"data":"Whirlwind","floor":6,"key":"SMITH"},{"data":"Demon Form","floor":15,"key":"SMITH"},{"data":"Exhume","floor":24,"key":"SMITH"}],"neow_cost":"NONE","seed_source_timestamp":48843605835099,"circlet_count":0,"master_deck":["AscendersBane","Strike_R+1","Strike_R+1","Defend_R","Defend_R","Defend_R","Defend_R","Bash+1","Whirlwind+1","Flex","Demon Form+1","Shrug It Off","Clothesline","Pommel Strike","Shockwave","Exhume+1","Reaper","Armaments","Bloodletting","True Grit","Feed"],"relics":["Burning Blood","Whetstone","Meat on the Bone","StoneCalendar","Darkstone Periapt","Philosopher\u0027s Stone","Chemical X","The Courier"],"potions_floor_usage":[16,16],"damage_taken":[{"damage":4,"enemies":"Jaw Worm","floor":1,"turns":4},{"damage":5,"enemies":"Cultist","floor":4,"turns":4},{"damage":4,"enemies":"Small Slimes","floor":7,"turns":2},{"damage":30,"enemies":"3 Sentries","floor":8,"turns":4},{"damage":27,"enemies":"Lagavulin","floor":10,"turns":5},{"damage":30,"enemies":"Gremlin Gang","floor":11,"turns":4},{"damage":4,"enemies":"Exordium Wildlife","floor":12,"turns":5},{"damage":11,"enemies":"Looter","floor":13,"turns":2},{"damage":10,"enemies":"3 Sentries","floor":14,"turns":2},{"damage":27,"enemies":"Hexaghost","floor":16,"turns":8},{"damage":14,"enemies":"3 Byrds","floor":18,"turns":5},{"damage":39,"enemies":"2 Thieves","floor":19,"turns":4},{"damage":30,"enemies":"Snake Plant","floor":22,"turns":3},{"damage":28,"enemies":"Gremlin Leader","floor":23,"turns":5},{"damage":72,"enemies":"Book of Stabbing","floor":25,"turns":6}],"seed_played":"-9019494953677429993","potions_obtained":[{"floor":7,"key":"Weak Potion"},{"floor":11,"key":"SkillPotion"},{"floor":16,"key":"Strength Potion"},{"floor":19,"key":"FairyPotion"}],"is_trial":false,"path_per_floor":["M","?","?","M","$","R","M","E","T","E","M","M","M","E","R","B",null,"M","M","$","?","M","E","R","E"],"character_chosen":"IRONCLAD","items_purchased":["Demon Form","Chemical X","True Grit"],"campfire_rested":0,"item_purchase_floors":[5,20,20],"current_hp_per_floor":[77,70,70,71,71,71,73,49,49,40,28,42,49,57,57,48,74,80,59,59,59,50,46,46,0],"gold":104,"neow_bonus":"TEN_PERCENT_HP_BONUS","is_prod":false,"is_daily":false,"chose_seed":false,"campfire_upgraded":3,"win_rate":0,"timestamp":1558502209,"path_taken":["M","?","?","?","$","R","M","E","T","E","M","M","M","E","R","BOSS","M","M","$","?","M","E","R","E"],"build_version":"2019-01-23","purchased_purges":1,"victory":false,"max_hp_per_floor":[82,82,82,82,82,82,82,82,82,82,82,82,82,82,82,82,82,82,82,82,82,82,82,82,82],"card_choices":[{"not_picked":["Clothesline","Iron Wave"],"picked":"Whirlwind","floor":1},{"not_picked":["Cleave","Twin Strike"],"picked":"Flex","floor":4},{"not_picked":["Flex","Twin Strike"],"picked":"Shrug It Off","floor":7},{"not_picked":["Wild Strike","Spot Weakness","Searing Blow"],"picked":"SKIP","floor":8},{"not_picked":["Sever Soul","Pommel Strike"],"picked":"Clothesline","floor":10},{"not_picked":["Perfected Strike","Headbutt"],"picked":"Pommel Strike","floor":11},{"not_picked":["Pommel Strike","Anger","Clash"],"picked":"SKIP","floor":12},{"not_picked":["Sever Soul","Warcry"],"picked":"Shockwave","floor":13},{"not_picked":["Power Through","Heavy Blade"],"picked":"Exhume","floor":14},{"not_picked":["Impervious","Demon Form"],"picked":"Reaper","floor":16},{"not_picked":["Fire Breathing+1","Inflame"],"picked":"Armaments","floor":18},{"not_picked":["Warcry","Flex"],"picked":"Bloodletting","floor":19},{"not_picked":["Pommel Strike","Clash","Anger+1"],"picked":"SKIP","floor":22},{"not_picked":["Combust","Thunderclap"],"picked":"Feed","floor":23}],"player_experience":656446,"relics_obtained":[{"floor":8,"key":"Whetstone"},{"floor":9,"key":"Meat on the Bone"},{"floor":10,"key":"StoneCalendar"},{"floor":14,"key":"Darkstone Periapt"},{"floor":23,"key":"The Courier"}],"event_choices":[{"cards_removed":["Strike_R"],"damage_healed":0,"gold_gain":0,"player_choice":"Card Removal","damage_taken":7,"max_hp_gain":0,"max_hp_loss":0,"event_name":"Golden Wing","floor":2,"gold_loss":0},{"damage_healed":0,"gold_gain":0,"player_choice":"Upgraded","damage_taken":0,"max_hp_gain":0,"max_hp_loss":0,"event_name":"Upgrade Shrine","floor":3,"gold_loss":0,"cards_upgraded":["Bash"]},{"cards_removed":["Strike_R"],"damage_healed":0,"gold_gain":0,"player_choice":"Purged","damage_taken":0,"max_hp_gain":0,"max_hp_loss":0,"event_name":"Purifier","floor":21,"gold_loss":0}],"is_beta":false,"boss_relics":[{"not_picked":["Pandora\u0027s Box","Mark of Pain"],"picked":"Philosopher\u0027s Stone"}],"items_purged_floors":[20],"is_endless":false,"potions_floor_spawned":[7,11,12,16,19],"killed_by":"Book of Stabbing","ascension_level":14}