{"gold_per_floor":[15,29,44,144,66,98,113,130,179,254,204,41,54,54,54,183,183,206,206,206,53,69,69,51,70,70,70,16,37,80,94,94,94],"floor_reached":33,"playtime":2482,"items_purged":["Defend_B","Defend_B"],"score":247,"play_id":"7e784797-fbd5-43fc-bbf9-86204355671a","local_time":"20190223170152","is_ascension_mode":false,"campfire_choices":[{"data":"Blizzard","floor":15,"key":"SMITH"},{"data":"Capacitor","floor":23,"key":"SMITH"},{"data":"Electrodynamics","floor":32,"key":"SMITH"}],"neow_cost":"NO_GOLD","seed_source_timestamp":0,"circlet_count":0,"master_deck":["Strike_B","Strike_B","Defend_B","Zap","Dualcast","Lockon","Storm","Coolheaded","Self Repair","Redo","Cold Snap","Aggregate","Blizzard+1","Cold Snap","Biased Cognition","Electrodynamics+1","Glacier","Hello World","Coolheaded","Capacitor+1","Coolheaded","White Noise","Doom and Gloom","Tempest+1","Hologram","Double Energy+1"],"special_seed":0,"relics":["Cracked Core","Pear","Bag of Marbles","Golden Idol","Philosopher\u0027s Stone","The Courier","Ornamental Fan","MutagenicStrength","Red Mask"],"potions_floor_usage":[16,29],"damage_taken":[{"damage":0.0,"enemies":"Small Slimes","floor":1.0,"turns":2.0},{"damage":0.0,"enemies":"Cultist","floor":2.0,"turns":2.0},{"damage":0,"enemies":"2 Louse","floor":3,"turns":2},{"damage":26,"enemies":"3 Sentries","floor":6,"turns":9},{"damage":16,"enemies":"Large Slime","floor":7,"turns":9},{"damage":8,"enemies":"2 Fungi Beasts","floor":8,"turns":4},{"damage":6,"enemies":"Blue Slaver","floor":13,"turns":3},{"damage":31,"enemies":"Hexaghost","floor":16,"turns":13},{"damage":12,"enemies":"Spheric Guardian","floor":18,"turns":4},{"damage":12,"enemies":"Chosen","floor":22,"turns":4},{"damage":9,"enemies":"Centurion and Healer","floor":25,"turns":6},{"damage":34,"enemies":"Snake Plant","floor":29,"turns":3},{"damage":9,"enemies":"Masked Bandits","floor":30,"turns":2},{"damage":0,"enemies":"Sentry and Sphere","floor":31,"turns":2},{"damage":67,"enemies":"Collector","floor":33,"turns":7}],"seed_played":"7338481814360783187","potions_obtained":[{"floor":1.0,"key":"FearPotion"},{"floor":7,"key":"Ancient Potion"},{"floor":8,"key":"Weak Potion"},{"floor":22,"key":"Regen Potion"},{"floor":31,"key":"Dexterity Potion"}],"is_trial":false,"path_per_floor":["M","M","M","?","$","E","M","M","T","?","?","$","M","?","R","B",null,"M","?","?","$","M","R","$","M","T","?","$","M","?","M","R","B"],"character_chosen":"DEFECT","items_purchased":["Self Repair","Blizzard","Cold Snap","Hello World","Coolheaded","Coolheaded","Doom and Gloom"],"campfire_rested":0,"item_purchase_floors":[5,12,12,21,21,24,28],"current_hp_per_floor":[75,75,75,75,75,66,57,56,56,45,45,45,39,39,39,15,79,74,74,74,74,69,69,69,67,67,67,67,49,40,47,47,0],"gold":94,"neow_bonus":"REMOVE_TWO","is_prod":false,"is_daily":false,"chose_seed":false,"campfire_upgraded":3,"win_rate":0.0,"timestamp":1550962912,"path_taken":["M","M","M","?","$","E","?","M","T","?","?","$","M","?","R","BOSS","M","?","?","$","M","R","$","M","T","?","?","M","?","?","R","BOSS"],"build_version":"2019-01-23","purchased_purges":2,"victory":false,"max_hp_per_floor":[75,75,75,75,75,85,85,85,85,85,85,85,85,79,79,79,79,79,79,79,79,79,79,79,79,79,79,79,79,79,79,79,79],"card_choices":[{"not_picked":["Force Field","Barrage"],"picked":"Lockon","floor":1.0},{"not_picked":["Steam","Scrape"],"picked":"Storm","floor":2},{"not_picked":["Capacitor","Skim"],"picked":"Coolheaded","floor":3},{"not_picked":["Leap","Steam Power"],"picked":"Redo","floor":6},{"not_picked":["Stack","Redo"],"picked":"Cold Snap","floor":7},{"not_picked":["Coolheaded","Barrage"],"picked":"Aggregate","floor":8},{"not_picked":["Steam Power","White Noise"],"picked":"Biased Cognition","floor":13},{"not_picked":["Amplify","Rainbow"],"picked":"Electrodynamics","floor":16},{"not_picked":["Beam Cell+1","Ball Lightning"],"picked":"Glacier","floor":18},{"not_picked":["Streamline","Redo"],"picked":"Capacitor","floor":22},{"not_picked":["Go for the Eyes+1","Hello World"],"picked":"White Noise","floor":25},{"not_picked":["Heatsinks","Leap"],"picked":"Tempest+1","floor":29},{"not_picked":["Self Repair","Scrape"],"picked":"Hologram","floor":30},{"not_picked":["Gash","Hello World"],"picked":"Double Energy+1","floor":31}],"player_experience":68673,"relics_obtained":[{"floor":6,"key":"Pear"},{"floor":9,"key":"Bag of Marbles"},{"floor":26,"key":"Ornamental Fan"},{"floor":30,"key":"Red Mask"}],"event_choices":[{"damage_healed":0,"gold_gain":100,"player_choice":"Gold","damage_taken":0,"max_hp_gain":0,"max_hp_loss":0,"event_name":"Wheel of Change","floor":4,"gold_loss":0},{"damage_healed":0,"gold_gain":75,"player_choice":"Gather Gold","damage_taken":11,"max_hp_gain":0,"max_hp_loss":0,"event_name":"World of Goop","floor":10,"gold_loss":0},{"cards_removed":["Defend_B"],"damage_healed":0,"gold_gain":0,"player_choice":"Card Removal","damage_taken":0,"max_hp_gain":0,"max_hp_loss":0,"event_name":"The Cleric","floor":11,"gold_loss":50},{"damage_healed":0,"gold_gain":0,"player_choice":"Lose Max HP","damage_taken":0,"relics_obtained":["Golden Idol"],"max_hp_gain":0,"max_hp_loss":6,"event_name":"Golden Idol","floor":14,"gold_loss":0},{"damage_healed":0,"gold_gain":0,"player_choice":"Stole Relic","damage_taken":0,"relics_obtained":["The Courier"],"max_hp_gain":0,"max_hp_loss":0,"event_name":"Addict","floor":19,"gold_loss":0,"cards_obtained":["Shame"]},{"cards_removed":["Shame"],"damage_healed":0,"gold_gain":0,"player_choice":"Elegance","damage_taken":0,"max_hp_gain":0,"max_hp_loss":0,"event_name":"Back to Basics","floor":20,"gold_loss":0},{"damage_healed":0,"gold_gain":0,"player_choice":"Inject Mutagens","damage_taken":0,"relics_obtained":["MutagenicStrength"],"max_hp_gain":0,"max_hp_loss":0,"event_name":"Drug Dealer","floor":27,"gold_loss":0},{"damage_healed":0,"gold_gain":0,"player_choice":"Fought Bandits","damage_taken":0,"max_hp_gain":0,"max_hp_loss":0,"event_name":"Masked Bandits","floor":30,"gold_loss":0}],"is_beta":false,"boss_relics":[{"not_picked":["Fusion Hammer","Calling Bell"],"picked":"Philosopher\u0027s Stone"}],"items_purged_floors":[12,21],"is_endless":false,"potions_floor_spawned":[1,7,8,13,22,31],"killed_by":"Collector","ascension_level":0}