{"gold_per_floor":[112,125,125,135,145,145,172,172,172,183,194,224,282,295,295,372,372,312,312],"floor_reached":19,"playtime":860,"items_purged":[],"score":462,"play_id":"143e510b-154d-45c1-aad4-40cdb5f1f047","local_time":"20190522202651","is_ascension_mode":true,"campfire_choices":[{"data":"Rip and Tear","floor":6.0,"key":"SMITH"},{"data":"Sunder","floor":8.0,"key":"SMITH"},{"floor":15.0,"key":"REST"}],"neow_cost":"NONE","seed_source_timestamp":182943358364401,"circlet_count":0,"master_deck":["AscendersBane","Strike_B","Strike_B","Strike_B","Defend_B","Defend_B","Defend_B","Defend_B","Zap","Dualcast","Rip and Tear+1","Static Discharge","Self Repair","Sunder+1","BootSequence","Ball Lightning","Coolheaded","Doom and Gloom","Thunder Strike","Conserve Battery"],"special_seed":0,"relics":["Cracked Core","Anchor","Cables","Emotion Chip","Sundial","Ectoplasm"],"potions_floor_usage":[],"damage_taken":[{"damage":10.0,"enemies":"Small Slimes","floor":1.0,"turns":4.0},{"damage":0.0,"enemies":"Cultist","floor":2.0,"turns":3.0},{"damage":2.0,"enemies":"Jaw Worm","floor":4.0,"turns":3.0},{"damage":6.0,"enemies":"Exordium Wildlife","floor":5.0,"turns":4.0},{"damage":8.0,"enemies":"Gremlin Nob","floor":7.0,"turns":3.0},{"damage":19.0,"enemies":"Gremlin Gang","floor":10.0,"turns":4.0},{"damage":0.0,"enemies":"3 Louse","floor":11.0,"turns":2.0},{"damage":10.0,"enemies":"3 Sentries","floor":12.0,"turns":5.0},{"damage":20.0,"enemies":"3 Sentries","floor":13.0,"turns":4.0},{"damage":0.0,"enemies":"2 Fungi Beasts","floor":14.0,"turns":2.0},{"damage":0.0,"enemies":"Slime Boss","floor":16.0,"turns":4.0},{"damage":11.0,"enemies":"2 Thieves","floor":18.0,"turns":3.0},{"damage":53,"enemies":"Masked Bandits","floor":19,"turns":3}],"seed_played":"960601953098706361","potions_obtained":[{"floor":0.0,"key":"FearPotion"},{"floor":0.0,"key":"Weak Potion"},{"floor":1.0,"key":"Fire Potion"},{"floor":11.0,"key":"FearPotion"},{"floor":13.0,"key":"Strength Potion"}],"is_trial":false,"path_per_floor":["M","M","?","M","M","R","E","R","T","M","M","E","?","M","R","B",null,"M","?"],"character_chosen":"DEFECT","items_purchased":[],"campfire_rested":1,"item_purchase_floors":[],"current_hp_per_floor":[54,54,54,52,46,46,45,45,45,33,40,37,17,17,38,38,63,52,0],"gold":312,"neow_bonus":"THREE_SMALL_POTIONS","is_prod":false,"is_daily":false,"chose_seed":false,"campfire_upgraded":2,"win_rate":0,"timestamp":1558571211,"path_taken":["M","M","?","M","M","R","E","R","T","?","M","E","?","M","R","BOSS","M","?"],"build_version":"2019-01-23","purchased_purges":0,"victory":false,"max_hp_per_floor":[71,71,71,71,71,71,71,71,71,71,71,71,71,71,71,71,71,71,71],"card_choices":[{"not_picked":["Stack","Scrape"],"picked":"Rip and Tear","floor":1.0},{"not_picked":["Cold Snap","Capacitor"],"picked":"Static Discharge","floor":2.0},{"not_picked":["Static Discharge","Gash","Stack"],"picked":"SKIP","floor":4.0},{"not_picked":["Scrape","Storm"],"picked":"Self Repair","floor":5.0},{"not_picked":["Recycle","Redo"],"picked":"Sunder","floor":7.0},{"not_picked":["Chaos","Steam"],"picked":"BootSequence","floor":10.0},{"not_picked":["Skim","Melter","Leap"],"picked":"SKIP","floor":11.0},{"not_picked":["Conserve Battery","Aggregate"],"picked":"Ball Lightning","floor":12.0},{"not_picked":["Heatsinks","Ball Lightning"],"picked":"Coolheaded","floor":13.0},{"not_picked":["Sunder","Recycle"],"picked":"Doom and Gloom","floor":14.0},{"not_picked":["Machine Learning","Amplify"],"picked":"Thunder Strike","floor":16.0},{"not_picked":["Rebound+1","Streamline"],"picked":"Conserve Battery","floor":18.0}],"player_experience":744667,"relics_obtained":[{"floor":7.0,"key":"Anchor"},{"floor":9.0,"key":"Cables"},{"floor":12.0,"key":"Emotion Chip"},{"floor":13.0,"key":"Sundial"}],"event_choices":[{"cards_removed":["Strike_B"],"damage_healed":0.0,"max_hp_gain":0.0,"max_hp_loss":0.0,"gold_gain":0.0,"event_name":"Purifier","player_choice":"Purged","floor":3.0,"gold_loss":0.0,"damage_taken":0.0},{"damage_healed":0.0,"max_hp_gain":0.0,"max_hp_loss":0.0,"gold_gain":0.0,"event_name":"Dead Adventurer","player_choice":"Searched \u00271\u0027 times","floor":13.0,"gold_loss":0.0,"damage_taken":0.0},{"damage_healed":0,"gold_gain":0,"player_choice":"Fought Bandits","damage_taken":0,"max_hp_gain":0,"max_hp_loss":0,"event_name":"Masked Bandits","floor":19,"gold_loss":0}],"is_beta":false,"boss_relics":[{"not_picked":["Astrolabe","FrozenCore"],"picked":"Ectoplasm"}],"items_purged_floors":[],"is_endless":false,"potions_floor_spawned":[1,4,5,11,13],"killed_by":"Masked Bandits","ascension_level":20}