{"gold_per_floor":[116,89,103,113,113,138,138,87,110,185,185,260,279,294,294,396,396,412,412,424,424],"floor_reached":21,"playtime":1162,"items_purged":[],"score":233,"play_id":"d6a38584-9a41-4790-836f-8ec1561bdecd","local_time":"20181116143425","is_ascension_mode":true,"campfire_choices":[{"floor":7,"key":"REST"},{"floor":15,"key":"REST"}],"neow_cost":"NONE","seed_source_timestamp":737368884214,"circlet_count":0,"master_deck":["Strike_B+1","Strike_B","Strike_B","Strike_B","Defend_B","Defend_B","Defend_B","Zap+1","Dualcast","Undo+1","Leap","Beam Cell","Hologram","Defragment","Cold Snap","Defragment","Rainbow","Rebound+1","Sweeping Beam"],"relics":["Cracked Core","Centennial Puzzle","Pen Nib","Kunai","Philosopher\u0027s Stone"],"potions_floor_usage":[],"damage_taken":[{"damage":1,"enemies":"Cultist","floor":1,"turns":3},{"damage":3,"enemies":"Jaw Worm","floor":3,"turns":3},{"damage":0,"enemies":"Small Slimes","floor":4,"turns":3},{"damage":21,"enemies":"Lagavulin","floor":6,"turns":7},{"damage":6,"enemies":"3 Louse","floor":13,"turns":3},{"damage":5,"enemies":"Lots of Slimes","floor":14,"turns":4},{"damage":14,"enemies":"Hexaghost","floor":16,"turns":12},{"damage":21,"enemies":"3 Byrds","floor":18,"turns":4},{"damage":17,"enemies":"2 Thieves","floor":20,"turns":4},{"damage":31,"enemies":"Shelled Parasite and Fungi","floor":21,"turns":2}],"seed_played":"-520212341469303632","potions_obtained":[{"floor":6,"key":"Energy Potion"},{"floor":16,"key":"EssenceOfSteel"},{"floor":18,"key":"SkillPotion"},{"floor":19,"key":"Dexterity Potion"}],"is_trial":false,"path_per_floor":["M","$","M","M","?","E","R","$","T","T","?","?","M","M","R","B",null,"M","?","M","M"],"character_chosen":"DEFECT","items_purchased":["Leap","Cold Snap"],"campfire_rested":2,"item_purchase_floors":[2,8],"current_hp_per_floor":[67,67,64,64,49,28,50,50,50,50,50,39,33,28,50,36,65,44,44,27,0],"gold":424,"neow_bonus":"UPGRADE_CARD","is_prod":false,"is_daily":false,"chose_seed":false,"campfire_upgraded":0,"win_rate":0,"timestamp":1542396865,"path_taken":["M","$","M","?","?","E","R","$","T","?","?","?","M","M","R","BOSS","M","?","?","M"],"build_version":"2018-11-15","purchased_purges":0,"victory":false,"max_hp_per_floor":[75,75,75,75,75,75,75,75,75,75,75,75,75,75,75,75,75,75,75,75,75],"card_choices":[{"not_picked":["Stack","Gash"],"picked":"Undo","floor":1},{"not_picked":["Streamline","Skim"],"picked":"Beam Cell","floor":3},{"not_picked":["Coolheaded","Redo"],"picked":"Hologram","floor":4},{"not_picked":["Streamline","Stack"],"picked":"Defragment","floor":6},{"not_picked":["Beam Cell","Steam"],"picked":"Defragment","floor":13},{"not_picked":["Steam Power","Stack","Compile Driver"],"picked":"SKIP","floor":14},{"not_picked":["Hyperbeam","Biased Cognition"],"picked":"Rainbow","floor":16},{"not_picked":["Barrage","Stack"],"picked":"Rebound+1","floor":18},{"not_picked":["Redo","Recycle"],"picked":"Sweeping Beam","floor":20}],"player_experience":160355,"relics_obtained":[{"floor":6,"key":"Centennial Puzzle"},{"floor":9,"key":"Pen Nib"},{"floor":10,"key":"Kunai"}],"event_choices":[{"damage_healed":0,"gold_gain":0,"player_choice":"Entered Light","damage_taken":15,"max_hp_gain":0,"max_hp_loss":0,"event_name":"Shining Light","floor":5,"gold_loss":0,"cards_upgraded":["Strike_B","Undo"]},{"cards_removed":["Defend_B"],"damage_healed":0,"gold_gain":0,"player_choice":"Forget","damage_taken":0,"max_hp_gain":0,"max_hp_loss":0,"event_name":"Living Wall","floor":11,"gold_loss":0},{"damage_healed":0,"gold_gain":75,"player_choice":"Gather Gold","damage_taken":11,"max_hp_gain":0,"max_hp_loss":0,"event_name":"World of Goop","floor":12,"gold_loss":0},{"damage_healed":0,"gold_gain":0,"player_choice":"Got Potions","damage_taken":0,"max_hp_gain":0,"max_hp_loss":0,"event_name":"Lab","floor":19,"gold_loss":0}],"is_beta":false,"boss_relics":[{"not_picked":["Runic Dome","Ectoplasm"],"picked":"Philosopher\u0027s Stone"}],"items_purged_floors":[],"is_endless":false,"potions_floor_spawned":[6,16,18,20],"killed_by":"Shelled Parasite and Fungi","ascension_level":6}