{"gold_per_floor":[119,134,149,149,160,160,172,172,172,172,190,190,205,230,230,354,354,374,374,389,409,428,428,353,369,369,383,383,383],"floor_reached":29,"playtime":3714,"items_purged":["Strike_B"],"score":312,"play_id":"f315b3ba-c8ae-4f5e-8aa0-7e683c1d9c00","local_time":"20190628161754","is_ascension_mode":true,"campfire_choices":[{"data":"Dualcast","floor":6.0,"key":"SMITH"},{"data":"Reboot","floor":8.0,"key":"SMITH"},{"data":"Capacitor","floor":10.0,"key":"SMITH"},{"data":"Consume","floor":15.0,"key":"SMITH"},{"floor":23.0,"key":"REST"},{"floor":28,"key":"REST"}],"neow_cost":"NONE","seed_source_timestamp":50738528203714,"circlet_count":0,"master_deck":["Strike_B+1","Strike_B","Strike_B","Defend_B","Defend_B","Defend_B","Defend_B","Zap+1","Dualcast+1","Capacitor+1","Glacier","Go for the Eyes+1","Reboot+1","Steam","Consume+1","Streamline","Echo Form","Glacier+1","Coolheaded","Darkness+1","Turbo+1"],"special_seed":0,"relics":["Cracked Core","Whetstone","Golden Idol","Sozu","Pen Nib"],"potions_floor_usage":[],"damage_taken":[{"damage":2.0,"enemies":"Jaw Worm","floor":1.0,"turns":3.0},{"damage":0.0,"enemies":"Cultist","floor":2.0,"turns":4.0},{"damage":0.0,"enemies":"Small Slimes","floor":3.0,"turns":3.0},{"damage":2.0,"enemies":"Looter","floor":5.0,"turns":3.0},{"damage":3.0,"enemies":"Exordium Thugs","floor":7.0,"turns":5.0},{"damage":4.0,"enemies":"Lots of Slimes","floor":11.0,"turns":2.0},{"damage":0.0,"enemies":"Large Slime","floor":13.0,"turns":3.0},{"damage":13.0,"enemies":"Exordium Thugs","floor":14.0,"turns":5.0},{"damage":11.0,"enemies":"The Guardian","floor":16.0,"turns":12.0},{"damage":8.0,"enemies":"Shell Parasite","floor":18.0,"turns":7.0},{"damage":0.0,"enemies":"Chosen","floor":20.0,"turns":5.0},{"damage":21.0,"enemies":"Snake Plant","floor":21.0,"turns":4.0},{"damage":18.0,"enemies":"Snecko","floor":22.0,"turns":8.0},{"damage":34.0,"enemies":"Sentry and Sphere","floor":25.0,"turns":8.0},{"damage":0,"enemies":"3 Cultists","floor":27,"turns":6},{"damage":24,"enemies":"Chosen and Byrds","floor":29,"turns":5}],"seed_played":"-6805682445875468613","potions_obtained":[{"floor":1.0,"key":"Poison Potion"},{"floor":2.0,"key":"AttackPotion"},{"floor":5.0,"key":"AttackPotion"},{"floor":7.0,"key":"Explosive Potion"},{"floor":11.0,"key":"Fire Potion"}],"is_trial":false,"path_per_floor":["M","M","M","?","M","R","M","R","T","R","M","?","M","M","R","B",null,"M","?","M","M","M","R","$","M","T","M","R","M"],"character_chosen":"DEFECT","items_purchased":[],"campfire_rested":2,"item_purchase_floors":[],"current_hp_per_floor":[66,66,66,66,64,64,61,61,61,61,57,39,39,26,26,15,60,52,52,52,31,13,35,35,1,1,1,23,0],"gold":383,"neow_bonus":"UPGRADE_CARD","is_prod":false,"is_daily":false,"chose_seed":false,"campfire_upgraded":4,"win_rate":0,"timestamp":1561753074,"path_taken":["M","M","M","?","M","R","M","R","T","R","M","?","?","M","R","BOSS","M","?","M","M","M","R","$","M","T","M","R","M"],"build_version":"2019-01-23","purchased_purges":1,"victory":false,"max_hp_per_floor":[75,75,75,75,75,75,75,75,75,75,75,75,75,75,75,75,75,75,75,75,75,75,75,75,75,75,75,75,75],"card_choices":[{"not_picked":["Skim","Sunder"],"picked":"Capacitor","floor":1.0},{"not_picked":["Static Discharge","Go for the Eyes"],"picked":"Glacier","floor":2.0},{"not_picked":["Stack","Cold Snap"],"picked":"Go for the Eyes","floor":3.0},{"not_picked":["White Noise","Auto Shields","Leap"],"picked":"SKIP","floor":5.0},{"not_picked":["Streamline","Cold Snap"],"picked":"Reboot","floor":7.0},{"not_picked":["Sweeping Beam","Rebound"],"picked":"Steam","floor":11.0},{"not_picked":["Redo","Ball Lightning"],"picked":"Consume","floor":13.0},{"not_picked":["All For One","Barrage"],"picked":"Streamline","floor":14.0},{"not_picked":["Amplify","All For One"],"picked":"Echo Form","floor":16.0},{"not_picked":["Stack","Rebound+1"],"picked":"Glacier+1","floor":18.0},{"not_picked":["Streamline","Gash","Cold Snap+1"],"picked":"SKIP","floor":20.0},{"not_picked":["Stack","Gash"],"picked":"Coolheaded","floor":21.0},{"not_picked":["Double Energy","Beam Cell"],"picked":"Darkness+1","floor":22.0},{"not_picked":["Barrage+1","Force Field"],"picked":"Turbo+1","floor":25.0},{"not_picked":["FTL","Ball Lightning","Biased Cognition"],"picked":"SKIP","floor":27}],"player_experience":463473,"relics_obtained":[{"floor":9.0,"key":"Whetstone"},{"floor":26.0,"key":"Pen Nib"}],"event_choices":[{"damage_healed":0.0,"max_hp_gain":0.0,"max_hp_loss":0.0,"gold_gain":0.0,"event_name":"Liars Game","player_choice":"Ignored","floor":4.0,"gold_loss":0.0,"damage_taken":0.0},{"damage_healed":0.0,"max_hp_gain":0.0,"max_hp_loss":0.0,"gold_gain":0.0,"event_name":"Golden Idol","player_choice":"Take Damage","floor":12.0,"gold_loss":0.0,"damage_taken":18.0,"relics_obtained":["Golden Idol"]},{"damage_healed":0.0,"max_hp_gain":0.0,"max_hp_loss":0.0,"gold_gain":0.0,"event_name":"Vampires","player_choice":"Ignored","floor":19.0,"gold_loss":0.0,"damage_taken":0.0}],"is_beta":false,"boss_relics":[{"not_picked":["Philosopher\u0027s Stone","Runic Pyramid"],"picked":"Sozu"}],"items_purged_floors":[24],"is_endless":false,"potions_floor_spawned":[1,2,5,7,11,18,27],"killed_by":"Chosen and Byrds","ascension_level":8}