{"gold_per_floor":[114,129,144,72,72,102,21,51,51,51,66,141,217,247,247,347,347,362,107,122,137,140,170,170,200,275,290,305,320,335,365,365,365],"floor_reached":33,"playtime":2586,"items_purged":[],"score":502,"play_id":"32fc4963-367a-4175-9c6f-8d71b3615b30","local_time":"20190704192946","daily_mods":["Cursed Run","Red Cards","Binary"],"is_ascension_mode":false,"campfire_choices":[{"data":"Infinite Blades","floor":10,"key":"SMITH"},{"data":"Distraction","floor":15,"key":"SMITH"},{"data":"Dual Wield","floor":32,"key":"SMITH"}],"neow_cost":"","seed_source_timestamp":92926846906336,"circlet_count":0,"master_deck":["Strike_G","Strike_G","Strike_G","Strike_G","Strike_G","Defend_G","Defend_G+1","Defend_G+1","Defend_G","Defend_G","Survivor","Neutralize","Body Slam","Armaments+1","Flying Knee","Distraction+1","Grand Finale","Infinite Blades+1","Twin Strike","Writhe","Dagger Throw","Injury","Warcry","Doubt","Unload","Normality","Injury","Pain","Accuracy","Anger","Dual Wield+1","Prepared","Dash+1","Noxious Fumes+1","Anger+1","Decay","Acrobatics","Pain","Reckless Charge+1","Acrobatics+1","Deadly Poison+1","Uppercut","Disarm+1"],"special_seed":18081,"relics":["Cursed Key","Darkstone Periapt","Du-Vu Doll","Happy Flower","Thread and Needle","Paper Crane","Bottled Flame","Vajra","Calling Bell","Nunchaku","Gremlin Horn","Orichalcum","Pen Nib","Red Mask","War Paint","Letter Opener","Toxic Egg 2","Bronze Scales"],"potions_floor_usage":[18,18,22,22],"damage_taken":[{"damage":2,"enemies":"Cultist","floor":1,"turns":5},{"damage":0,"enemies":"Jaw Worm","floor":2,"turns":4},{"damage":0,"enemies":"Small Slimes","floor":3,"turns":3},{"damage":24,"enemies":"Lagavulin","floor":6,"turns":10},{"damage":8,"enemies":"3 Sentries","floor":8,"turns":4},{"damage":3,"enemies":"2 Fungi Beasts","floor":11,"turns":3},{"damage":4,"enemies":"Gremlin Nob","floor":14,"turns":4},{"damage":25,"enemies":"The Guardian","floor":16,"turns":11},{"damage":8,"enemies":"2 Thieves","floor":18,"turns":3},{"damage":8,"enemies":"Shell Parasite","floor":20,"turns":2},{"damage":8,"enemies":"Shelled Parasite and Fungi","floor":21,"turns":3},{"damage":1,"enemies":"Masked Bandits","floor":22,"turns":2},{"damage":31,"enemies":"Gremlin Leader","floor":23,"turns":4},{"damage":5,"enemies":"Slavers","floor":25,"turns":4},{"damage":0,"enemies":"Cultist and Chosen","floor":27,"turns":3},{"damage":5,"enemies":"Snecko","floor":28,"turns":3},{"damage":0,"enemies":"Centurion and Healer","floor":29,"turns":3},{"damage":1,"enemies":"Snake Plant","floor":30,"turns":2},{"damage":19,"enemies":"Gremlin Leader","floor":31,"turns":3},{"damage":34,"enemies":"Champ","floor":33,"turns":6}],"seed_played":"-739304103821418602","potions_obtained":[{"floor":6,"key":"Energy Potion"},{"floor":14,"key":"EssenceOfSteel"},{"floor":16,"key":"Fire Potion"},{"floor":21,"key":"SteroidPotion"},{"floor":25,"key":"GamblersBrew"},{"floor":27,"key":"SteroidPotion"},{"floor":29,"key":"LiquidBronze"},{"floor":31,"key":"Ancient Potion"}],"is_trial":false,"path_per_floor":["M","M","M","$","?","E","$","E","T","R","M","T","?","E","R","B",null,"M","$","M","M","?","E","?","E","T","M","M","M","M","E","R","B"],"character_chosen":"THE_SILENT","items_purchased":["Distraction","Infinite Blades","Pen Nib","Anger","Dual Wield"],"campfire_rested":0,"item_purchase_floors":[4,7,19,19,19],"current_hp_per_floor":[68,68,68,68,68,44,44,36,42,42,39,45,45,41,41,22,106,98,98,90,82,81,50,56,51,57,57,52,52,51,32,32,0],"gold":365,"neow_bonus":"","is_prod":false,"is_daily":true,"chose_seed":false,"campfire_upgraded":3,"win_rate":0.0,"timestamp":1562232586,"path_taken":["M","M","?","$","?","E","$","E","T","R","M","?","?","E","R","BOSS","M","$","M","M","?","E","?","E","T","M","M","M","M","E","R","BOSS"],"build_version":"2019-07-01","purchased_purges":0,"victory":false,"max_hp_per_floor":[70,70,70,70,70,70,70,70,76,76,76,82,82,82,82,88,106,106,106,106,106,106,106,112,112,118,118,118,118,118,118,118,118],"card_choices":[{"not_picked":["Bane"],"picked":"Body Slam","floor":1},{"not_picked":["PiercingWail"],"picked":"Armaments","floor":2},{"not_picked":["Clothesline"],"picked":"Flying Knee","floor":3},{"not_picked":["Blade Dance"],"picked":"Grand Finale","floor":6},{"not_picked":["Entrench"],"picked":"Twin Strike","floor":8},{"not_picked":["Corruption"],"picked":"Dagger Throw","floor":11},{"not_picked":["Whirlwind"],"picked":"Warcry","floor":14},{"not_picked":["Malaise"],"picked":"Unload","floor":16},{"not_picked":["Underhanded Strike"],"picked":"Accuracy","floor":18},{"not_picked":["Armaments"],"picked":"Prepared","floor":20},{"not_picked":["Warcry"],"picked":"Dash+1","floor":21},{"not_picked":["Deadly Poison"],"picked":"Noxious Fumes+1","floor":22},{"not_picked":["Body Slam"],"picked":"Anger+1","floor":23},{"not_picked":["Hemokinesis"],"picked":"Acrobatics","floor":25},{"not_picked":["Second Wind+1"],"picked":"Reckless Charge+1","floor":27},{"not_picked":["Pommel Strike"],"picked":"Acrobatics+1","floor":28},{"not_picked":["Dash"],"picked":"Deadly Poison+1","floor":29},{"not_picked":["Clash"],"picked":"Uppercut","floor":30},{"not_picked":["Dodge and Roll+1"],"picked":"Disarm+1","floor":31}],"player_experience":16658,"relics_obtained":[{"floor":6,"key":"Happy Flower"},{"floor":8,"key":"Thread and Needle"},{"floor":9,"key":"Paper Crane"},{"floor":12,"key":"Bottled Flame"},{"floor":14,"key":"Vajra"},{"floor":17,"key":"Nunchaku"},{"floor":17,"key":"Gremlin Horn"},{"floor":17,"key":"Orichalcum"},{"floor":22,"key":"Red Mask"},{"floor":23,"key":"War Paint"},{"floor":25,"key":"Letter Opener"},{"floor":26,"key":"Toxic Egg 2"},{"floor":31,"key":"Bronze Scales"}],"event_choices":[{"damage_healed":0,"gold_gain":0,"player_choice":"Grow","damage_taken":0,"max_hp_gain":0,"max_hp_loss":0,"event_name":"Living Wall","floor":5,"gold_loss":0,"cards_upgraded":["Armaments"]},{"damage_healed":0,"gold_gain":76,"player_choice":"Gained Gold","damage_taken":0,"max_hp_gain":0,"max_hp_loss":0,"event_name":"Golden Wing","floor":13,"gold_loss":0},{"damage_healed":0,"gold_gain":0,"player_choice":"Fought Bandits","damage_taken":0,"max_hp_gain":0,"max_hp_loss":0,"event_name":"Masked Bandits","floor":22,"gold_loss":0},{"damage_healed":0,"gold_gain":0,"player_choice":"Cursed","damage_taken":0,"max_hp_gain":0,"max_hp_loss":0,"event_name":"Wheel of Change","floor":24,"gold_loss":0,"cards_obtained":["Decay"]}],"is_beta":false,"boss_relics":[{"not_picked":["Eternal Feather","White Beast Statue"],"picked":"Calling Bell"}],"items_purged_floors":[],"is_endless":false,"potions_floor_spawned":[6,14,16,21,25,27,29,31],"killed_by":"Champ","ascension_level":0}