{"gold_per_floor":[116,41,51,51,51,51,67,67,67,100,100,119,139,139,139,230,230,250,264,154,175,198,198,198],"floor_reached":24,"playtime":1043,"items_purged":["Strike_B"],"score":356,"play_id":"ba589e3a-6bbe-4212-9f0d-2d9a36994d35","local_time":"20190705112047","is_ascension_mode":true,"campfire_choices":[{"data":"Zap","floor":6,"key":"SMITH"},{"data":"Dualcast","floor":8,"key":"SMITH"},{"data":"Go for the Eyes","floor":11,"key":"SMITH"},{"data":"Sweeping Beam","floor":15,"key":"SMITH"},{"floor":23,"key":"REST"}],"neow_cost":"NONE","seed_source_timestamp":517954799301140,"circlet_count":0,"master_deck":["AscendersBane","Strike_B","Strike_B+1","Defend_B","Defend_B","Defend_B","Defend_B","Zap+1","Dualcast+1","Go for the Eyes+1","Beam Cell","Seek","Sweeping Beam+1","Cold Snap","Ball Lightning","FTL+1","Cold Snap"],"relics":["Cracked Core","NeowsBlessing","Golden Idol","Calipers","Letter Opener","Cursed Key"],"potions_floor_usage":[10,10,16,16,21],"damage_taken":[{"damage":0,"enemies":"Cultist","floor":1,"turns":1},{"damage":0,"enemies":"Small Slimes","floor":3,"turns":1},{"damage":0,"enemies":"2 Louse","floor":7,"turns":1},{"damage":45,"enemies":"3 Sentries","floor":10,"turns":9},{"damage":0,"enemies":"Large Slime","floor":12,"turns":4},{"damage":10,"enemies":"Gremlin Gang","floor":13,"turns":3},{"damage":60,"enemies":"Slime Boss","floor":16,"turns":13},{"damage":11,"enemies":"3 Byrds","floor":18,"turns":3},{"damage":14,"enemies":"Spheric Guardian","floor":19,"turns":4},{"damage":17,"enemies":"Snecko","floor":21,"turns":5},{"damage":8,"enemies":"3 Cultists","floor":22,"turns":4},{"damage":34,"enemies":"Slavers","floor":24,"turns":3}],"seed_played":"6645439386012453951","potions_obtained":[{"floor":3,"key":"GamblersBrew"},{"floor":7,"key":"SkillPotion"},{"floor":12,"key":"SpeedPotion"},{"floor":13,"key":"Regen Potion"},{"floor":18,"key":"Strength Potion"},{"floor":21,"key":"GamblersBrew"}],"is_trial":false,"path_per_floor":["M","$","M","?","?","R","M","R","T","E","R","M","M","?","R","B",null,"M","M","?","M","M","R","E"],"character_chosen":"DEFECT","items_purchased":[],"campfire_rested":1,"item_purchase_floors":[],"current_hp_per_floor":[64,64,64,69,69,69,69,69,69,24,24,24,14,69,69,24,58,47,33,33,16,8,28,0],"gold":198,"neow_bonus":"THREE_ENEMY_KILL","is_prod":false,"is_daily":false,"chose_seed":false,"campfire_upgraded":4,"win_rate":0,"timestamp":1562296847,"path_taken":["M","$","?","?","?","R","M","R","T","E","R","M","M","?","R","BOSS","M","?","?","M","M","R","E"],"build_version":"2019-07-01","purchased_purges":1,"victory":false,"max_hp_per_floor":[71,71,71,76,69,69,69,69,69,69,69,69,69,69,69,69,69,69,69,69,69,69,69,69],"card_choices":[{"not_picked":["Stack","Ball Lightning"],"picked":"Go for the Eyes","floor":1},{"not_picked":["Hologram","Aggregate"],"picked":"Beam Cell","floor":3},{"not_picked":["Streamline","Turbo","Force Field"],"picked":"SKIP","floor":7},{"not_picked":["Ball Lightning","Stack"],"picked":"Seek","floor":10},{"not_picked":["Go for the Eyes","Stack"],"picked":"Sweeping Beam","floor":12},{"not_picked":["Sunder","Barrage"],"picked":"Skim","floor":13},{"not_picked":["Steam","Redo+1"],"picked":"Cold Snap","floor":18},{"not_picked":["Go for the Eyes","Sunder"],"picked":"Ball Lightning","floor":19},{"not_picked":["Turbo","Consume"],"picked":"FTL+1","floor":21},{"not_picked":["Rebound","Coolheaded"],"picked":"Cold Snap","floor":22}],"player_experience":1178388,"relics_obtained":[{"floor":9,"key":"Calipers"},{"floor":10,"key":"Letter Opener"}],"event_choices":[{"damage_healed":0,"gold_gain":0,"player_choice":"Donut","damage_taken":0,"max_hp_gain":5,"max_hp_loss":0,"event_name":"Big Fish","floor":4,"gold_loss":0},{"damage_healed":0,"gold_gain":0,"player_choice":"Lose Max HP","damage_taken":0,"relics_obtained":["Golden Idol"],"max_hp_gain":0,"max_hp_loss":7,"event_name":"Golden Idol","floor":5,"gold_loss":0},{"cards_removed":["Skim"],"damage_healed":55,"gold_gain":0,"player_choice":"Offered Uncommon","damage_taken":0,"max_hp_gain":0,"max_hp_loss":0,"event_name":"Bonfire Elementals","floor":14,"gold_loss":0},{"cards_removed":["Strike_B"],"damage_healed":0,"gold_gain":0,"player_choice":"Upgrade and Remove","damage_taken":0,"max_hp_gain":0,"max_hp_loss":0,"event_name":"Designer","floor":20,"gold_loss":110,"cards_upgraded":["Strike_B"]}],"is_beta":false,"boss_relics":[{"not_picked":["Snecko Eye","Tiny House"],"picked":"Cursed Key"}],"items_purged_floors":[2],"is_endless":false,"potions_floor_spawned":[3,7,12,13,18,21],"killed_by":"Slavers","ascension_level":16}