{"gold_per_floor":[114,114,39,53,53,53,88,88,111,123,123,143,155,180,180,252,252,267,267,282,300,300],"floor_reached":22,"playtime":999,"items_purged":["Strike_B"],"score":376,"play_id":"f2513b19-8305-4a6c-a9d2-ff0bef378212","local_time":"20190630171458","is_ascension_mode":true,"campfire_choices":[{"data":"Zap","floor":6.0,"key":"SMITH"},{"data":"Dualcast","floor":8.0,"key":"SMITH"},{"floor":15.0,"key":"REST"}],"neow_cost":"NONE","seed_source_timestamp":0,"circlet_count":0,"master_deck":["AscendersBane","Strike_B","Strike_B","Strike_B","Defend_B","Defend_B","Defend_B","Defend_B","Zap+1","Dualcast+1","Ball Lightning+1","Loop","Beam Cell+1","Redo","Hologram","Compile Driver+1","Machine Learning","Double Energy","Turbo","Seek"],"special_seed":0,"relics":["Cracked Core","NeowsBlessing","Molten Egg 2","Strawberry","FossilizedHelix","Art of War","Cursed Key","Nloth\u0027s Gift"],"potions_floor_usage":[20,21],"damage_taken":[{"damage":0.0,"enemies":"Jaw Worm","floor":1.0,"turns":1.0},{"damage":0.0,"enemies":"Cultist","floor":4.0,"turns":1.0},{"damage":0.0,"enemies":"Gremlin Nob","floor":7.0,"turns":1.0},{"damage":0.0,"enemies":"2 Louse","floor":10.0,"turns":2.0},{"damage":7.0,"enemies":"Exordium Thugs","floor":12.0,"turns":4.0},{"damage":13.0,"enemies":"Lots of Slimes","floor":13.0,"turns":4.0},{"damage":13.0,"enemies":"Lagavulin","floor":14.0,"turns":5.0},{"damage":29.0,"enemies":"Slime Boss","floor":16.0,"turns":10.0},{"damage":25,"enemies":"2 Thieves","floor":18,"turns":4},{"damage":4,"enemies":"3 Byrds","floor":20,"turns":3},{"damage":5,"enemies":"Snecko","floor":21,"turns":4},{"damage":34,"enemies":"Snake Plant","floor":22,"turns":3}],"seed_played":"5930061994124409376","potions_obtained":[{"floor":7.0,"key":"Dexterity Potion"},{"floor":10.0,"key":"SteroidPotion"},{"floor":13.0,"key":"Fire Potion"},{"floor":14.0,"key":"GamblersBrew"},{"floor":18,"key":"Explosive Potion"},{"floor":21,"key":"FearPotion"}],"is_trial":false,"path_per_floor":["M","?","$","M","?","R","E","R","T","M","?","M","M","E","R","B",null,"M","?","M","M","M"],"character_chosen":"DEFECT","items_purchased":[],"campfire_rested":1,"item_purchase_floors":[],"current_hp_per_floor":[64,64,64,64,64,64,64,64,64,64,64,57,44,31,54,25,65,40,40,36,31,0],"gold":300,"neow_bonus":"THREE_ENEMY_KILL","is_prod":false,"is_daily":false,"chose_seed":false,"campfire_upgraded":2,"win_rate":0,"timestamp":1561886098,"path_taken":["M","?","?","M","?","R","E","R","T","M","?","M","M","E","R","BOSS","M","?","?","M","M"],"build_version":"2019-01-23","purchased_purges":1,"victory":false,"max_hp_per_floor":[71,71,71,71,78,78,78,78,78,78,78,78,78,78,78,78,78,78,78,78,78,78],"card_choices":[{"not_picked":["Hologram","Consume"],"picked":"Turbo","floor":1.0},{"not_picked":["Force Field","Scrape+1"],"picked":"Ball Lightning+1","floor":4.0},{"not_picked":["Gash+1","Double Energy"],"picked":"Loop","floor":7.0},{"not_picked":["Leap","Steam Power"],"picked":"Beam Cell+1","floor":10.0},{"not_picked":["Stack","Gash+1"],"picked":"Redo","floor":12.0},{"not_picked":["Heatsinks","Force Field"],"picked":"Hologram","floor":13.0},{"not_picked":["Redo","Undo"],"picked":"Compile Driver+1","floor":14.0},{"not_picked":["Biased Cognition","Multi-Cast"],"picked":"Machine Learning","floor":16.0},{"not_picked":["Turbo","Stack"],"picked":"Double Energy","floor":18},{"not_picked":["Leap","Beam Cell+1"],"picked":"Turbo","floor":20},{"not_picked":["Redo","Cold Snap+1"],"picked":"Seek","floor":21}],"player_experience":1110382,"relics_obtained":[{"floor":7.0,"key":"FossilizedHelix"},{"floor":9.0,"key":"Orichalcum"},{"floor":14.0,"key":"Art of War"}],"event_choices":[{"cards_removed":["Turbo"],"damage_healed":0.0,"max_hp_gain":0.0,"max_hp_loss":0.0,"gold_gain":0.0,"event_name":"WeMeetAgain","player_choice":"Gave Card","floor":2.0,"gold_loss":0.0,"damage_taken":0.0,"relics_obtained":["Molten Egg 2"]},{"damage_healed":0.0,"max_hp_gain":0.0,"max_hp_loss":0.0,"gold_gain":0.0,"event_name":"Scrap Ooze","player_choice":"Success","floor":5.0,"gold_loss":0.0,"damage_taken":7.0,"relics_obtained":["Strawberry"]},{"damage_healed":0.0,"max_hp_gain":0.0,"max_hp_loss":0.0,"gold_gain":0.0,"event_name":"Liars Game","player_choice":"Ignored","floor":11.0,"gold_loss":0.0,"damage_taken":0.0},{"damage_healed":0,"gold_gain":0,"player_choice":"Traded Relic","damage_taken":0,"relics_obtained":["Nloth\u0027s Gift"],"max_hp_gain":0,"max_hp_loss":0,"event_name":"N\u0027loth","floor":19,"relics_lost":["Orichalcum"],"gold_loss":0}],"is_beta":false,"boss_relics":[{"not_picked":["Philosopher\u0027s Stone","Fusion Hammer"],"picked":"Cursed Key"}],"items_purged_floors":[3],"is_endless":false,"potions_floor_spawned":[7,10,12,13,14,18,21],"killed_by":"Snake Plant","ascension_level":14}