{"gold_per_floor":[113,131,17,17,17,17,33,50,50,108,118,118,118],"floor_reached":13,"playtime":1000,"items_purged":["Strike_B"],"score":83,"play_id":"6ec85d9f-0921-4304-bcec-804f4161e8f0","local_time":"20190613144839","is_ascension_mode":true,"campfire_choices":[{"data":"Dualcast","floor":6.0,"key":"SMITH"},{"floor":12,"key":"REST"}],"neow_cost":"TEN_PERCENT_HP_LOSS","seed_source_timestamp":0,"circlet_count":0,"master_deck":["Strike_B","Strike_B","Defend_B","Defend_B","Defend_B","Defend_B","Zap","Dualcast+1","Hologram","Darkness","Capacitor","Capacitor","Redo"],"special_seed":0,"relics":["Cracked Core","Calipers","Potion Belt","Mercury Hourglass"],"potions_floor_usage":[],"damage_taken":[{"damage":5.0,"enemies":"Small Slimes","floor":1.0,"turns":3.0},{"damage":9.0,"enemies":"2 Louse","floor":2.0,"turns":3.0},{"damage":12.0,"enemies":"Jaw Worm","floor":7.0,"turns":3.0},{"damage":7.0,"enemies":"Lots of Slimes","floor":8.0,"turns":4.0},{"damage":21.0,"enemies":"3 Sentries","floor":10.0,"turns":6.0},{"damage":7,"enemies":"3 Louse","floor":11,"turns":3},{"damage":29,"enemies":"Gremlin Nob","floor":13,"turns":3}],"seed_played":"3110992833581868892","potions_obtained":[{"floor":1.0,"key":"FairyPotion"},{"floor":2.0,"key":"Weak Potion"},{"floor":7.0,"key":"LiquidBronze"},{"floor":8.0,"key":"SkillPotion"}],"is_trial":false,"path_per_floor":["M","M","$","?","?","R","M","M","T","?","M","R","E"],"character_chosen":"DEFECT","items_purchased":["Capacitor"],"campfire_rested":1,"item_purchase_floors":[3],"current_hp_per_floor":[63,54,54,54,54,54,42,35,35,14,7,27,0],"gold":118,"neow_bonus":"ONE_RARE_RELIC","is_prod":false,"is_daily":false,"chose_seed":false,"campfire_upgraded":1,"win_rate":0,"timestamp":1560451719,"path_taken":["M","M","$","?","?","R","M","M","T","?","M","R","E"],"build_version":"2019-01-23","purchased_purges":1,"victory":false,"max_hp_per_floor":[68,68,68,68,68,68,68,68,68,68,68,68,68],"card_choices":[{"not_picked":["Rebound","Blizzard"],"picked":"Hologram","floor":1.0},{"not_picked":["Undo","Tempest"],"picked":"Darkness","floor":2.0},{"not_picked":["Melter","Streamline","Recycle"],"picked":"SKIP","floor":7.0},{"not_picked":["Loop","Compile Driver"],"picked":"Capacitor","floor":8.0},{"not_picked":["Gash","Genetic Algorithm"],"picked":"Redo","floor":10},{"not_picked":["Gash","Recycle","Reprogram"],"picked":"SKIP","floor":11}],"player_experience":331026,"relics_obtained":[{"floor":9.0,"key":"Potion Belt"},{"floor":10,"key":"Mercury Hourglass"}],"event_choices":[{"damage_healed":0.0,"max_hp_gain":0.0,"max_hp_loss":0.0,"gold_gain":0.0,"event_name":"The Cleric","player_choice":"Leave","floor":4.0,"gold_loss":0.0,"damage_taken":0.0},{"cards_removed":["Strike_B"],"damage_healed":0.0,"max_hp_gain":0.0,"max_hp_loss":0.0,"gold_gain":0.0,"event_name":"Living Wall","player_choice":"Forget","floor":5.0,"gold_loss":0.0,"damage_taken":0.0},{"damage_healed":0.0,"max_hp_gain":0.0,"max_hp_loss":0.0,"gold_gain":0.0,"event_name":"Dead Adventurer","player_choice":"Searched \u00271\u0027 times","floor":10.0,"gold_loss":0.0,"damage_taken":0.0}],"is_beta":false,"boss_relics":[],"items_purged_floors":[3],"is_endless":false,"potions_floor_spawned":[1,2,7,8],"killed_by":"Gremlin Nob","ascension_level":2}