{"gold_per_floor":[119,132,9,29,29,29,29,54,54,54,65,82,82,82,82,177,177,192,205,218,232,12,12,29,57,111,111],"floor_reached":27,"playtime":1649,"items_purged":["Burning Pact+1"],"score":235,"play_id":"f4fbd386-d0f3-4916-8250-e238a68721b3","local_time":"20190630075651","is_ascension_mode":false,"campfire_choices":[{"data":"Inflame","floor":6,"key":"SMITH"},{"data":"Whirlwind","floor":10,"key":"SMITH"},{"floor":13,"key":"REST"},{"data":"Reckless Charge","floor":15,"key":"SMITH"},{"floor":23,"key":"REST"}],"neow_cost":"NONE","seed_source_timestamp":667482908552278,"circlet_count":0,"master_deck":["Strike_R","Strike_R","Strike_R","Strike_R","Defend_R","Defend_R","Defend_R","Defend_R","Bash","Iron Wave","Reckless Charge+1","Whirlwind+1","Flex+1","Uppercut","Inflame+1","Armaments+1","Clothesline","Heavy Blade","Demon Form","Shockwave+1","Cleave","Rampage","Body Slam","Dropkick+1","Wild Strike+1","Clothesline"],"relics":["Black Blood","Toxic Egg 2","Bag of Marbles","Dream Catcher","Red Skull","Omamori"],"potions_floor_usage":[8,16,16,20,25],"damage_taken":[{"damage":3,"enemies":"Small Slimes","floor":1,"turns":3},{"damage":20,"enemies":"Jaw Worm","floor":2,"turns":4},{"damage":7,"enemies":"2 Louse","floor":4,"turns":3},{"damage":22,"enemies":"3 Sentries","floor":8,"turns":5},{"damage":4,"enemies":"Red Slaver","floor":11,"turns":2},{"damage":13,"enemies":"Exordium Thugs","floor":12,"turns":2},{"damage":53,"enemies":"The Guardian","floor":16,"turns":9},{"damage":21,"enemies":"2 Thieves","floor":18,"turns":4},{"damage":24,"enemies":"Shell Parasite","floor":19,"turns":4},{"damage":12,"enemies":"Snake Plant","floor":20,"turns":3},{"damage":42,"enemies":"Centurion and Healer","floor":21,"turns":5},{"damage":7,"enemies":"Snecko","floor":24,"turns":4},{"damage":50,"enemies":"Book of Stabbing","floor":25,"turns":6},{"damage":23,"enemies":"Cultist and Chosen","floor":27,"turns":4}],"seed_played":"8230962786528750405","potions_obtained":[{"floor":1,"key":"Regen Potion"},{"floor":4,"key":"Strength Potion"},{"floor":11,"key":"GamblersBrew"},{"floor":12,"key":"Fruit Juice"},{"floor":16,"key":"Energy Potion"},{"floor":21,"key":"SkillPotion"}],"is_trial":false,"path_per_floor":["M","M","$","M","?","R","?","E","T","R","M","M","R","?","R","B",null,"M","M","M","M","$","R","M","E","T","M"],"character_chosen":"IRONCLAD","items_purchased":["Flex","Uppercut","Dream Catcher"],"campfire_rested":2,"item_purchase_floors":[3,3,22],"current_hp_per_floor":[80,66,66,65,65,65,65,61,61,61,63,56,80,80,80,38,85,74,60,58,26,26,51,54,14,14,0],"gold":111,"neow_bonus":"THREE_CARDS","is_prod":false,"is_daily":false,"chose_seed":false,"campfire_upgraded":3,"win_rate":0.0,"timestamp":1561906611,"path_taken":["M","M","$","M","?","R","?","E","T","R","M","M","R","?","R","BOSS","M","M","M","M","$","R","M","E","T","M"],"build_version":"2019-01-23","purchased_purges":1,"victory":false,"max_hp_per_floor":[80,80,80,80,80,80,80,80,80,80,80,80,80,80,80,85,85,85,85,85,85,85,85,85,85,85,85],"card_choices":[{"not_picked":["Blood for Blood","Anger"],"picked":"Iron Wave","floor":0},{"not_picked":["Sentinel","Hemokinesis"],"picked":"Reckless Charge","floor":1},{"not_picked":["Headbutt","Havoc"],"picked":"Whirlwind","floor":2},{"not_picked":["Cleave","Dark Embrace"],"picked":"Inflame","floor":4},{"not_picked":["Clothesline","Headbutt"],"picked":"Armaments","floor":8},{"not_picked":["Intimidate+1","Clash"],"picked":"Clothesline","floor":11},{"not_picked":["Pommel Strike","Perfected Strike"],"picked":"Heavy Blade","floor":12},{"not_picked":["Offering+1","Impervious+1"],"picked":"Demon Form","floor":16},{"not_picked":["Dual Wield+1","Sword Boomerang"],"picked":"Shockwave+1","floor":18},{"not_picked":["True Grit+1","Disarm+1"],"picked":"Cleave","floor":19},{"not_picked":["Sword Boomerang+1","Thunderclap+1"],"picked":"Rampage","floor":20},{"not_picked":["Armaments+1","Headbutt+1"],"picked":"Body Slam","floor":21},{"not_picked":["Twin Strike","Power Through+1"],"picked":"Dropkick+1","floor":23},{"not_picked":["True Grit+1","Pommel Strike"],"picked":"Wild Strike+1","floor":24},{"not_picked":["Whirlwind+1","Fire Breathing"],"picked":"Clothesline","floor":25}],"player_experience":38108,"relics_obtained":[{"floor":8,"key":"Toxic Egg 2"},{"floor":9,"key":"Bag of Marbles"},{"floor":25,"key":"Red Skull"},{"floor":26,"key":"Omamori"}],"event_choices":[{"damage_healed":0,"gold_gain":0,"player_choice":"Leave","damage_taken":0,"max_hp_gain":0,"max_hp_loss":0,"event_name":"The Cleric","floor":5,"gold_loss":0},{"damage_healed":0,"gold_gain":0,"player_choice":"Grow","damage_taken":0,"max_hp_gain":0,"max_hp_loss":0,"event_name":"Living Wall","floor":7,"gold_loss":0,"cards_upgraded":["Flex"]},{"damage_healed":0,"gold_gain":0,"cards_transformed":["Strike_R"],"player_choice":"Transformed","damage_taken":0,"max_hp_gain":0,"max_hp_loss":0,"event_name":"Transmorgrifier","floor":14,"gold_loss":0,"cards_obtained":["Burning Pact"]}],"is_beta":false,"boss_relics":[{"not_picked":["Runic Cube","Lizard Tail"],"picked":"Black Blood"}],"items_purged_floors":[22],"is_endless":false,"potions_floor_spawned":[1,4,11,12,16,21],"killed_by":"Cultist and Chosen","ascension_level":0}