{"gold_per_floor":[115,127,144,69,69,109,109,34,34,55,55,76,89,114,114,210,210,235,235,250,266,285,319,338,9,9,9],"floor_reached":27,"playtime":1674,"items_purged":["Strike_B"],"score":520,"play_id":"4cf6b303-e991-412d-b913-e812ce7b1ede","local_time":"20190703180948","is_ascension_mode":true,"campfire_choices":[{"floor":7,"key":"REST"},{"data":"Zap","floor":11,"key":"SMITH"},{"floor":15,"key":"REST"}],"neow_cost":"NONE","seed_source_timestamp":369061281463664,"circlet_count":0,"master_deck":["AscendersBane","Strike_B","Defend_B","Defend_B","Defend_B","Defend_B","Zap+1","Dualcast","Defragment","Seek","Glacier","White Noise","Tempest","White Noise","Storm","Steam","Glacier","Chill","Echo Form","White Noise","Machine Learning","Ball Lightning+1","Beam Cell"],"relics":["Orrery","Golden Idol","FossilizedHelix","Singing Bowl","Inserter","Unceasing Top","Pear","PreservedInsect"],"potions_floor_usage":[14,16,21,23,23,27],"damage_taken":[{"damage":5,"enemies":"Small Slimes","floor":1,"turns":5},{"damage":15,"enemies":"2 Louse","floor":2,"turns":4},{"damage":1,"enemies":"Jaw Worm","floor":3,"turns":4},{"damage":25,"enemies":"Gremlin Nob","floor":6,"turns":5},{"damage":8,"enemies":"Exordium Wildlife","floor":10,"turns":4},{"damage":7,"enemies":"3 Louse","floor":12,"turns":4},{"damage":0,"enemies":"Looter","floor":13,"turns":4},{"damage":0,"enemies":"Exordium Thugs","floor":14,"turns":5},{"damage":0,"enemies":"Slime Boss","floor":16,"turns":6},{"damage":7,"enemies":"Shell Parasite","floor":18,"turns":6},{"damage":1,"enemies":"Chosen","floor":20,"turns":4},{"damage":15,"enemies":"Snake Plant","floor":21,"turns":5},{"damage":0,"enemies":"Centurion and Healer","floor":22,"turns":8},{"damage":24,"enemies":"Book of Stabbing","floor":23,"turns":8},{"damage":13,"enemies":"Sentry and Sphere","floor":24,"turns":6},{"damage":20,"enemies":"Slavers","floor":27,"turns":3}],"seed_played":"8763167339242134192","potions_obtained":[{"floor":2,"key":"SpeedPotion"},{"floor":3,"key":"LiquidBronze"},{"floor":13,"key":"SkillPotion"},{"floor":14,"key":"FocusPotion"},{"floor":18,"key":"GamblersBrew"},{"floor":21,"key":"Swift Potion"},{"floor":22,"key":"LiquidBronze"}],"is_trial":false,"path_per_floor":["M","M","M","?","?","E","R","$","T","M","R","M","M","M","R","B",null,"M","?","M","M","M","E","M","$","T","E"],"character_chosen":"DEFECT","items_purchased":["Pear","Block Potion"],"campfire_rested":2,"item_purchase_floors":[25,25],"current_hp_per_floor":[59,44,43,43,43,18,37,37,37,29,29,24,24,24,43,43,60,53,53,54,41,43,19,8,18,18,0],"gold":9,"neow_bonus":"BOSS_RELIC","is_prod":false,"is_daily":false,"chose_seed":false,"campfire_upgraded":1,"win_rate":0,"timestamp":1562148588,"path_taken":["M","M","M","?","?","E","R","$","T","M","R","M","M","M","R","BOSS","M","?","M","M","M","E","M","$","T","E"],"build_version":"2019-07-01","purchased_purges":1,"victory":false,"max_hp_per_floor":[71,71,71,71,64,64,64,64,64,64,64,66,66,66,66,66,66,66,66,68,70,72,72,74,84,84,84],"card_choices":[{"not_picked":["Streamline","Ball Lightning"],"picked":"Defragment","floor":0},{"not_picked":["Go for the Eyes","Sweeping Beam"],"picked":"Seek","floor":0},{"not_picked":["Go for the Eyes","Sweeping Beam"],"picked":"Glacier","floor":0},{"not_picked":["Streamline","Tempest"],"picked":"White Noise","floor":0},{"not_picked":["Rebound","Loop"],"picked":"Tempest","floor":0},{"not_picked":["Aggregate","Self Repair"],"picked":"White Noise","floor":1},{"not_picked":["Ball Lightning","Gash"],"picked":"Storm","floor":2},{"not_picked":["Darkness","Conserve Battery"],"picked":"Steam","floor":3},{"not_picked":["Force Field","Cold Snap"],"picked":"Glacier","floor":6},{"not_picked":["Stack","Compile Driver"],"picked":"Chill","floor":10},{"not_picked":["Ball Lightning","Redo","Cold Snap"],"picked":"Singing Bowl","floor":12},{"not_picked":["Auto Shields","Heatsinks"],"picked":"Echo Form","floor":13},{"not_picked":["Force Field","Barrage"],"picked":"White Noise","floor":14},{"not_picked":["Meteor Strike","Multi-Cast"],"picked":"Machine Learning","floor":16},{"not_picked":["BootSequence","Compile Driver"],"picked":"Ball Lightning+1","floor":18},{"not_picked":["Compile Driver","Sweeping Beam","Barrage"],"picked":"Singing Bowl","floor":20},{"not_picked":["Ball Lightning","Redo","Streamline"],"picked":"Singing Bowl","floor":21},{"not_picked":["Skim","Compile Driver","Cold Snap"],"picked":"Singing Bowl","floor":22},{"not_picked":["Cold Snap","Auto Shields"],"picked":"Beam Cell","floor":23},{"not_picked":["Compile Driver","Cold Snap","Buffer"],"picked":"Singing Bowl","floor":24}],"player_experience":1157627,"relics_obtained":[{"floor":6,"key":"FossilizedHelix"},{"floor":9,"key":"Singing Bowl"},{"floor":23,"key":"Unceasing Top"},{"floor":26,"key":"PreservedInsect"}],"event_choices":[{"cards_removed":["Strike_B"],"damage_healed":0,"gold_gain":0,"player_choice":"Card Removal","damage_taken":0,"max_hp_gain":0,"max_hp_loss":0,"event_name":"The Cleric","floor":4,"gold_loss":75},{"damage_healed":0,"gold_gain":0,"player_choice":"Lose Max HP","damage_taken":0,"relics_obtained":["Golden Idol"],"max_hp_gain":0,"max_hp_loss":7,"event_name":"Golden Idol","floor":5,"gold_loss":0},{"cards_removed":["Strike_B"],"damage_healed":0,"gold_gain":0,"player_choice":"Elegance","damage_taken":0,"max_hp_gain":0,"max_hp_loss":0,"event_name":"Back to Basics","floor":19,"gold_loss":0}],"is_beta":false,"boss_relics":[{"not_picked":["Black Star","Runic Pyramid"],"picked":"Inserter"}],"items_purged_floors":[8],"is_endless":false,"potions_floor_spawned":[2,3,10,13,14,18,21,22],"killed_by":"Slavers","ascension_level":16}