{"gold_per_floor":[116,133,153,228,178,211,227,227,274,274,308,308,46,66,66,66],"floor_reached":16,"playtime":1729,"items_purged":[],"score":110,"play_id":"023ccb3d-aac7-4f11-86cb-376c0a98ae17","local_time":"20190705150443","is_ascension_mode":false,"campfire_choices":[{"data":"Armaments","floor":8,"key":"SMITH"},{"data":"Double Tap","floor":10,"key":"SMITH"},{"data":"Feed","floor":15,"key":"SMITH"}],"neow_cost":"CURSE","seed_source_timestamp":165924209300312,"circlet_count":0,"master_deck":["Strike_R","Strike_R","Strike_R","Strike_R","Strike_R","Defend_R","Defend_R","Defend_R","Defend_R","Bash","Double Tap+1","Iron Wave","Clash","Armaments+1","Feed+1","Armaments+1","Flex","Double Tap+1","Metallicize+1","Inflame+1"],"relics":["Burning Blood","Frozen Egg 2","Vajra","Potion Belt","DollysMirror"],"potions_floor_usage":[6,16],"damage_taken":[{"damage":7,"enemies":"Cultist","floor":1,"turns":4},{"damage":6,"enemies":"Small Slimes","floor":2,"turns":4},{"damage":4,"enemies":"2 Louse","floor":3,"turns":4},{"damage":21,"enemies":"Lagavulin","floor":6,"turns":5},{"damage":9,"enemies":"Blue Slaver","floor":7,"turns":4},{"damage":27,"enemies":"Gremlin Nob","floor":11,"turns":4},{"damage":12,"enemies":"Gremlin Gang","floor":14,"turns":4},{"damage":38,"enemies":"Slime Boss","floor":16,"turns":12}],"seed_played":"-4912926639280619351","potions_obtained":[{"floor":1,"key":"SkillPotion"},{"floor":6,"key":"SpeedPotion"},{"floor":14,"key":"FearPotion"}],"is_trial":false,"path_per_floor":["M","M","M","?","?","E","M","R","T","R","E","?","$","M","R","B"],"character_chosen":"IRONCLAD","items_purchased":["DollysMirror","Metallicize+1"],"campfire_rested":0,"item_purchase_floors":[13,13],"current_hp_per_floor":[79,79,80,69,69,54,51,51,51,51,34,34,34,31,31,0],"gold":66,"neow_bonus":"THREE_RARE_CARDS","is_prod":false,"is_daily":false,"chose_seed":false,"campfire_upgraded":3,"win_rate":0.0,"timestamp":1562303083,"path_taken":["M","M","M","?","?","E","M","R","T","R","E","?","?","M","R","BOSS"],"build_version":"2019-07-01","purchased_purges":0,"victory":false,"max_hp_per_floor":[80,80,80,80,80,80,80,80,80,80,84,84,84,87,87,87],"card_choices":[{"not_picked":["Bludgeon","Demon Form"],"picked":"Double Tap","floor":0},{"not_picked":["Uppercut","Twin Strike"],"picked":"Iron Wave","floor":1},{"not_picked":["Perfected Strike","Warcry"],"picked":"Clash","floor":2},{"not_picked":["Body Slam","Pommel Strike"],"picked":"Armaments","floor":3},{"not_picked":["Twin Strike","Anger"],"picked":"Feed","floor":6},{"not_picked":["Body Slam","Rage"],"picked":"Armaments","floor":7},{"not_picked":["Sever Soul","Heavy Blade"],"picked":"Flex","floor":11},{"not_picked":["True Grit","Rampage"],"picked":"Inflame+1","floor":14}],"player_experience":50450,"relics_obtained":[{"floor":6,"key":"Frozen Egg 2"},{"floor":9,"key":"Vajra"},{"floor":11,"key":"Potion Belt"}],"event_choices":[{"damage_healed":0,"gold_gain":75,"player_choice":"Gather Gold","damage_taken":11,"max_hp_gain":0,"max_hp_loss":0,"event_name":"World of Goop","floor":4,"gold_loss":0},{"cards_removed":["Shame"],"damage_healed":0,"gold_gain":0,"player_choice":"Card Removal","damage_taken":0,"max_hp_gain":0,"max_hp_loss":0,"event_name":"The Cleric","floor":5,"gold_loss":50},{"damage_healed":0,"gold_gain":0,"player_choice":"Grow","damage_taken":0,"max_hp_gain":0,"max_hp_loss":0,"event_name":"Living Wall","floor":12,"gold_loss":0,"cards_upgraded":["Armaments"]}],"is_beta":false,"boss_relics":[],"items_purged_floors":[],"is_endless":false,"potions_floor_spawned":[1,6,14],"killed_by":"Slime Boss","ascension_level":0}