{"gold_per_floor":[113,113,78,92,17,17,30,30,77,97,97,97,131,144,144,221,221,237,237,237,187,7,7,7],"floor_reached":24,"playtime":550,"items_purged":["Strike_B","Strike_B"],"score":359,"play_id":"bdfd3933-5b73-45d5-9bc2-de437abc330c","local_time":"20190705130129","is_ascension_mode":true,"campfire_choices":[{"data":"Zap","floor":6,"key":"SMITH"},{"data":"Dualcast","floor":8,"key":"SMITH"},{"data":"Defragment","floor":15,"key":"SMITH"},{"floor":23,"key":"REST"}],"neow_cost":"NONE","seed_source_timestamp":524494998379040,"circlet_count":0,"master_deck":["AscendersBane","Strike_B","Strike_B","Defend_B","Defend_B","Defend_B","Defend_B","Zap+1","Dualcast+1","Beam Cell","Self Repair","Defragment+1","Capacitor","Ball Lightning","Echo Form","Loop"],"relics":["Cracked Core","NeowsBlessing","Anchor","PreservedInsect","Orichalcum","Busted Crown"],"potions_floor_usage":[10,13,20,24],"damage_taken":[{"damage":0,"enemies":"Small Slimes","floor":1,"turns":1},{"damage":0,"enemies":"2 Louse","floor":4,"turns":1},{"damage":0,"enemies":"Jaw Worm","floor":7,"turns":1},{"damage":20,"enemies":"Gremlin Gang","floor":10,"turns":5},{"damage":20,"enemies":"Gremlin Nob","floor":13,"turns":3},{"damage":3,"enemies":"Exordium Wildlife","floor":14,"turns":3},{"damage":31,"enemies":"Hexaghost","floor":16,"turns":9},{"damage":42,"enemies":"3 Byrds","floor":18,"turns":5},{"damage":0,"enemies":"2 Thieves","floor":20,"turns":1},{"damage":45,"enemies":"Book of Stabbing","floor":24,"turns":4}],"seed_played":"-737319401215432152","potions_obtained":[{"floor":4,"key":"Swift Potion"},{"floor":7,"key":"Block Potion"},{"floor":19,"key":"SmokeBomb"},{"floor":19,"key":"Strength Potion"}],"is_trial":false,"path_per_floor":["M","?","?","M","$","R","M","R","T","M","?","$","E","M","R","B",null,"M","?","M","?","$","R","E"],"character_chosen":"DEFECT","items_purchased":["Loop"],"campfire_rested":1,"item_purchase_floors":[22],"current_hp_per_floor":[64,38,55,55,55,55,55,55,55,42,42,42,29,33,33,9,56,21,21,21,21,21,42,0],"gold":7,"neow_bonus":"THREE_ENEMY_KILL","is_prod":false,"is_daily":false,"chose_seed":false,"campfire_upgraded":3,"win_rate":0,"timestamp":1562302889,"path_taken":["M","?","?","M","?","R","M","R","T","?","?","?","E","M","R","BOSS","M","?","?","?","?","R","E"],"build_version":"2019-07-01","purchased_purges":2,"victory":false,"max_hp_per_floor":[71,71,71,71,71,71,71,71,71,71,71,71,71,71,71,71,71,71,71,71,71,71,71,71],"card_choices":[{"not_picked":["Capacitor","Steam Power"],"picked":"Beam Cell","floor":1},{"not_picked":["Genetic Algorithm","Cold Snap"],"picked":"Self Repair","floor":4},{"not_picked":["Leap","Go for the Eyes"],"picked":"Defragment","floor":7},{"not_picked":["Rebound","Compile Driver"],"picked":"Capacitor","floor":10},{"not_picked":["Beam Cell","Reinforced Body"],"picked":"Ball Lightning","floor":13},{"not_picked":["Storm","Redo","Reprogram"],"picked":"SKIP","floor":14},{"not_picked":["Fission","Creative AI"],"picked":"Echo Form","floor":16},{"not_picked":["Beam Cell"],"picked":"SKIP","floor":18}],"player_experience":1184790,"relics_obtained":[{"floor":9,"key":"PreservedInsect"},{"floor":13,"key":"Orichalcum"}],"event_choices":[{"damage_healed":0,"gold_gain":0,"player_choice":"Success","damage_taken":26,"relics_obtained":["Anchor"],"max_hp_gain":0,"max_hp_loss":0,"event_name":"Scrap Ooze","floor":2,"gold_loss":0},{"damage_healed":17,"gold_gain":0,"player_choice":"Healed","damage_taken":0,"max_hp_gain":0,"max_hp_loss":0,"event_name":"The Cleric","floor":3,"gold_loss":35},{"damage_healed":0,"gold_gain":0,"player_choice":"0 cards matched","damage_taken":0,"max_hp_gain":0,"max_hp_loss":0,"event_name":"Match and Keep!","floor":11,"gold_loss":0,"cards_obtained":[]},{"damage_healed":0,"gold_gain":0,"player_choice":"Got Potions","damage_taken":0,"max_hp_gain":0,"max_hp_loss":0,"event_name":"Lab","floor":19,"gold_loss":0},{"damage_healed":0,"gold_gain":0,"player_choice":"Bet on Murderer","damage_taken":0,"max_hp_gain":0,"max_hp_loss":0,"event_name":"The Joust","floor":21,"gold_loss":50}],"is_beta":false,"boss_relics":[{"not_picked":["Ectoplasm","Lizard Tail"],"picked":"Busted Crown"}],"items_purged_floors":[5,22],"is_endless":false,"potions_floor_spawned":[4,7],"killed_by":"Book of Stabbing","ascension_level":17}