{"gold_per_floor":[118,46,46,59,73,73,37,72,99,99,99,99,99,119,119,219,219,238,238,238,238,255,255,290,302,314,354,128,128,160,212,212,308,308,320,119,137,87,100,100,130,130,130,149,99,113,93,103,103,103],"floor_reached":50,"playtime":5156,"items_purged":["Defend_B","Defend_B","Defend_B","Writhe"],"score":756,"play_id":"9fabbbc0-7a85-4144-ae39-b67fff40eab9","local_time":"20190626101520","is_ascension_mode":true,"campfire_choices":[{"data":"Zap","floor":6,"key":"SMITH"},{"data":"Chaos","floor":10,"key":"SMITH"},{"floor":15,"key":"REST"},{"data":"Barrage","floor":23,"key":"SMITH"},{"data":"Electrodynamics","floor":25,"key":"SMITH"},{"data":"Loop","floor":29,"key":"SMITH"},{"floor":32,"key":"REST"},{"data":"Coolheaded","floor":40,"key":"SMITH"},{"data":"Loop","floor":42,"key":"SMITH"},{"floor":49,"key":"REST"}],"neow_cost":"NONE","seed_source_timestamp":1004671171471323,"circlet_count":0,"master_deck":["Strike_B+1","Strike_B+1","Defend_B","Zap+1","Dualcast+1","Conserve Battery+1","Capacitor","Barrage+1","Chaos+1","Loop+1","Coolheaded+1","Go for the Eyes+1","Electrodynamics+1","Coolheaded","Sunder+1","BootSequence+1","Loop+1","Ball Lightning+1","Tempest","Beam Cell+1","Loop","Compile Driver+1","Parasite","Ball Lightning+1"],"relics":["Cracked Core","Mercury Hourglass","Strawberry","Whetstone","Molten Egg 2","Busted Crown","MawBank","Letter Opener","Smiling Mask","Anchor","Red Mask","Bag of Marbles","Cursed Key","Oddly Smooth Stone","Art of War","Sundial"],"potions_floor_usage":[16,33,33,46,50,50,50],"damage_taken":[{"damage":1,"enemies":"Cultist","floor":1,"turns":3},{"damage":2,"enemies":"Jaw Worm","floor":4,"turns":3},{"damage":3,"enemies":"Small Slimes","floor":5,"turns":3},{"damage":18,"enemies":"Lagavulin","floor":8,"turns":5},{"damage":6,"enemies":"Looter","floor":14,"turns":3},{"damage":41,"enemies":"Slime Boss","floor":16,"turns":6},{"damage":0,"enemies":"Spheric Guardian","floor":18,"turns":3},{"damage":0,"enemies":"Chosen","floor":22,"turns":3},{"damage":18,"enemies":"Gremlin Leader","floor":24,"turns":5},{"damage":22,"enemies":"Book of Stabbing","floor":27,"turns":5},{"damage":0,"enemies":"Masked Bandits","floor":30,"turns":3},{"damage":44,"enemies":"Collector","floor":33,"turns":7},{"damage":0,"enemies":"3 Darklings","floor":35,"turns":3},{"damage":0,"enemies":"Orb Walker","floor":37,"turns":2},{"damage":0,"enemies":"Transient","floor":39,"turns":5},{"damage":23,"enemies":"Reptomancer","floor":41,"turns":5},{"damage":7,"enemies":"Jaw Worm Horde","floor":44,"turns":3},{"damage":20,"enemies":"Writhing Mass","floor":46,"turns":4},{"damage":1,"enemies":"Transient","floor":48,"turns":5},{"damage":76,"enemies":"Awakened One","floor":50,"turns":8}],"seed_played":"-7399470384989828517","potions_obtained":[{"floor":4,"key":"LiquidBronze"},{"floor":14,"key":"SpeedPotion"},{"floor":27,"key":"AttackPotion"},{"floor":35,"key":"Block Potion"},{"floor":41,"key":"Block Potion"},{"floor":44,"key":"Explosive Potion"},{"floor":47,"key":"Swift Potion"}],"is_trial":false,"path_per_floor":["M","$","T","M","M","R","$","E","T","R","?","?","T","M","R","B",null,"M","?","?","?","M","R","E","R","T","E","$","R","?","T","R","B",null,"M","$","M","$","M","R","E","R","T","M","$","M","?","M","R","B"],"character_chosen":"DEFECT","items_purchased":["Capacitor","Loop","Loop","Anchor","Oddly Smooth Stone"],"campfire_rested":3,"item_purchase_floors":[2,7,28,28,36],"current_hp_per_floor":[67,67,67,65,62,62,62,51,51,51,35,35,35,29,53,12,65,65,65,65,65,65,65,47,47,47,25,25,25,25,25,49,5,63,63,63,63,63,63,63,40,40,40,33,33,13,13,12,36,0],"gold":103,"neow_bonus":"REMOVE_CARD","is_prod":false,"is_daily":false,"chose_seed":false,"campfire_upgraded":7,"win_rate":0,"timestamp":1561515320,"path_taken":["M","?","?","?","M","R","?","E","T","R","?","?","?","M","R","BOSS","M","?","?","?","M","R","E","R","T","E","$","R","?","?","R","BOSS","M","$","?","?","M","R","E","R","T","M","$","M","?","?","R","BOSS"],"build_version":"2019-01-23","purchased_purges":4,"victory":false,"max_hp_per_floor":[75,75,75,75,75,75,75,82,82,82,82,82,82,82,82,82,82,82,82,82,82,82,82,82,82,82,82,82,82,82,82,82,82,82,82,82,82,82,82,82,82,82,82,82,82,82,82,82,82,82],"card_choices":[{"not_picked":["Compile Driver","Steam"],"picked":"Conserve Battery","floor":1},{"not_picked":["Force Field","Stack"],"picked":"Barrage","floor":4},{"not_picked":["Redo","Compile Driver"],"picked":"Chaos","floor":5},{"not_picked":["Streamline","Rebound"],"picked":"Coolheaded","floor":8},{"not_picked":["Coolheaded","Leap"],"picked":"Go for the Eyes+1","floor":14},{"not_picked":["Multi-Cast","Core Surge+1"],"picked":"Electrodynamics","floor":16},{"not_picked":[],"picked":"Coolheaded","floor":18},{"not_picked":["Rebound+1"],"picked":"SKIP","floor":22},{"not_picked":["Stack"],"picked":"SKIP","floor":24},{"not_picked":[],"picked":"BootSequence+1","floor":27},{"not_picked":[],"picked":"Ball Lightning+1","floor":30},{"not_picked":[],"picked":"Tempest","floor":35},{"not_picked":[],"picked":"Beam Cell+1","floor":37},{"not_picked":[],"picked":"Loop","floor":39},{"not_picked":[],"picked":"Compile Driver+1","floor":41},{"not_picked":["Tempest"],"picked":"SKIP","floor":44},{"not_picked":["Cold Snap+1"],"picked":"SKIP","floor":46},{"not_picked":[],"picked":"Ball Lightning+1","floor":48}],"player_experience":1047157,"relics_obtained":[{"floor":3,"key":"Mercury Hourglass"},{"floor":8,"key":"Strawberry"},{"floor":9,"key":"Whetstone"},{"floor":13,"key":"Molten Egg 2"},{"floor":24,"key":"MawBank"},{"floor":26,"key":"Letter Opener"},{"floor":27,"key":"Smiling Mask"},{"floor":30,"key":"Red Mask"},{"floor":31,"key":"Bag of Marbles"},{"floor":41,"key":"Art of War"},{"floor":43,"key":"Sundial"}],"event_choices":[{"damage_healed":0,"gold_gain":0,"player_choice":"Entered Light","damage_taken":16,"max_hp_gain":0,"max_hp_loss":0,"event_name":"Shining Light","floor":11,"gold_loss":0,"cards_upgraded":["Conserve Battery","Dualcast"]},{"cards_removed":["Strike_B"],"damage_healed":0,"gold_gain":0,"player_choice":"Forget","damage_taken":0,"max_hp_gain":0,"max_hp_loss":0,"event_name":"Living Wall","floor":12,"gold_loss":0},{"damage_healed":0,"gold_gain":0,"player_choice":"Ignored","damage_taken":0,"max_hp_gain":0,"max_hp_loss":0,"event_name":"Vampires","floor":19,"gold_loss":0},{"damage_healed":0,"gold_gain":0,"player_choice":"Ignored","damage_taken":0,"max_hp_gain":0,"max_hp_loss":0,"event_name":"The Mausoleum","floor":20,"gold_loss":0},{"damage_healed":0,"gold_gain":0,"player_choice":"Read","damage_taken":0,"max_hp_gain":0,"max_hp_loss":0,"event_name":"The Library","floor":21,"gold_loss":0,"cards_obtained":["Sunder"]},{"damage_healed":0,"gold_gain":0,"player_choice":"Fought Bandits","damage_taken":0,"max_hp_gain":0,"max_hp_loss":0,"event_name":"Masked Bandits","floor":30,"gold_loss":0},{"damage_healed":0,"gold_gain":0,"player_choice":"Bought 1 Potion","damage_taken":0,"max_hp_gain":0,"max_hp_loss":0,"event_name":"The Woman in Blue","floor":47,"gold_loss":0}],"is_beta":false,"boss_relics":[{"not_picked":["Black Star","Orrery"],"picked":"Busted Crown"},{"not_picked":["Tiny House","Coffee Dripper"],"picked":"Cursed Key"}],"items_purged_floors":[28,36,38,45],"is_endless":false,"potions_floor_spawned":[4,14,27,35,41,44],"killed_by":"Awakened One","ascension_level":9}