{"gold_per_floor":[117,117,117,130,146,146,4,4,53,53,69,86,97,123,123,228,228,244,244,255,104,118,153,153,78,78,5,34,46,58,90,102,114],"floor_reached":33,"playtime":3100,"items_purged":["Strike_B","Defend_B"],"score":320,"play_id":"8b8aadc9-93eb-4de7-ac26-31ac91db2d4a","local_time":"20190619043330","is_ascension_mode":true,"campfire_choices":[{"data":"Dualcast","floor":6,"key":"SMITH"},{"data":"Zap","floor":8,"key":"SMITH"},{"data":"Beam Cell","floor":10,"key":"SMITH"},{"floor":15,"key":"REST"},{"data":"Hologram","floor":24,"key":"SMITH"},{"floor":32,"key":"REST"}],"neow_cost":"NONE","seed_source_timestamp":629616952163347,"circlet_count":0,"master_deck":["Strike_B+1","Strike_B+1","Defend_B","Defend_B","Zap+1","Dualcast+1","Beam Cell+1","Turbo","Defragment","Gash","Darkness","Coolheaded+1","Coolheaded","Chill","All For One","Conserve Battery","Reprogram+1","Go for the Eyes","Hologram+1","Sunder+1"],"relics":["Cracked Core","Boot","Happy Flower","Whetstone","Nuclear Battery","Pear","MawBank","Vajra"],"potions_floor_usage":[16,16,23,33,33],"damage_taken":[{"damage":0,"enemies":"2 Louse","floor":1,"turns":2},{"damage":0,"enemies":"Cultist","floor":4,"turns":4},{"damage":7,"enemies":"Jaw Worm","floor":5,"turns":3},{"damage":16,"enemies":"3 Louse","floor":11,"turns":2},{"damage":10,"enemies":"2 Fungi Beasts","floor":12,"turns":3},{"damage":8,"enemies":"Large Slime","floor":13,"turns":5},{"damage":33,"enemies":"Gremlin Nob","floor":14,"turns":4},{"damage":13,"enemies":"The Guardian","floor":16,"turns":11},{"damage":12,"enemies":"Chosen","floor":18,"turns":4},{"damage":5,"enemies":"Spheric Guardian","floor":20,"turns":4},{"damage":7,"enemies":"Cultist and Chosen","floor":22,"turns":5},{"damage":9,"enemies":"Book of Stabbing","floor":23,"turns":3},{"damage":18,"enemies":"Snake Plant","floor":28,"turns":2},{"damage":11,"enemies":"Colosseum Slavers","floor":29,"turns":3},{"damage":9,"enemies":"Centurion and Healer","floor":31,"turns":3},{"damage":52,"enemies":"Collector","floor":33,"turns":7}],"seed_played":"5343730723798945917","potions_obtained":[{"floor":1,"key":"GamblersBrew"},{"floor":4,"key":"Dexterity Potion"},{"floor":12,"key":"FocusPotion"},{"floor":14,"key":"Dexterity Potion"},{"floor":22,"key":"Swift Potion"},{"floor":23,"key":"FearPotion"},{"floor":31,"key":"Energy Potion"}],"is_trial":false,"path_per_floor":["M","?","?","M","M","R","$","R","T","R","M","M","M","E","R","B",null,"M","?","M","$","M","E","R","?","T","?","M","?","$","M","R","B"],"character_chosen":"DEFECT","items_purchased":["Darkness","Go for the Eyes"],"campfire_rested":2,"item_purchase_floors":[7,21],"current_hp_per_floor":[75,75,75,75,68,68,68,68,68,68,52,42,34,1,23,10,75,63,63,58,58,51,52,52,52,52,52,34,23,23,14,39,0],"gold":114,"neow_bonus":"THREE_CARDS","is_prod":false,"is_daily":false,"chose_seed":false,"campfire_upgraded":4,"win_rate":0,"timestamp":1560933210,"path_taken":["M","?","?","M","M","R","$","R","T","R","M","M","?","E","R","BOSS","M","?","M","$","?","E","R","?","T","?","M","?","$","M","R","BOSS"],"build_version":"2019-01-23","purchased_purges":2,"victory":false,"max_hp_per_floor":[75,75,75,75,75,75,75,75,75,75,75,75,75,75,75,75,75,75,75,75,75,75,85,85,85,85,85,85,85,85,85,85,85],"card_choices":[{"not_picked":["Stack","Ball Lightning"],"picked":"Beam Cell","floor":0},{"not_picked":["Cold Snap","Tempest"],"picked":"Turbo","floor":1},{"not_picked":["Ball Lightning","Compile Driver"],"picked":"Defragment","floor":4},{"not_picked":["Leap","Creative AI"],"picked":"Gash","floor":5},{"not_picked":["Melter","Double Energy","Sweeping Beam"],"picked":"SKIP","floor":11},{"not_picked":["Barrage","Compile Driver"],"picked":"Coolheaded","floor":12},{"not_picked":["Go for the Eyes","Melter"],"picked":"Coolheaded","floor":13},{"not_picked":["Ball Lightning","Sunder"],"picked":"Chill","floor":14},{"not_picked":["Machine Learning","Seek"],"picked":"All For One","floor":16},{"not_picked":["Storm","Ball Lightning+1"],"picked":"Conserve Battery","floor":18},{"not_picked":["Rebound+1","Streamline"],"picked":"Reprogram+1","floor":20},{"not_picked":["Lockon","Rebound"],"picked":"Hologram","floor":22},{"not_picked":["Conserve Battery","Aggregate"],"picked":"Sunder+1","floor":23},{"not_picked":["Blizzard+1","Ball Lightning","Barrage+1"],"picked":"SKIP","floor":28},{"not_picked":["Hologram","Tempest","Turbo"],"picked":"SKIP","floor":31}],"player_experience":367110,"relics_obtained":[{"floor":9,"key":"Happy Flower"},{"floor":14,"key":"Whetstone"},{"floor":23,"key":"Pear"},{"floor":26,"key":"MawBank"}],"event_choices":[{"cards_removed":["Strike_B"],"damage_healed":0,"gold_gain":0,"player_choice":"Forget","damage_taken":0,"max_hp_gain":0,"max_hp_loss":0,"event_name":"Living Wall","floor":2,"gold_loss":0},{"damage_healed":0,"gold_gain":0,"player_choice":"Gave Potion","damage_taken":0,"relics_obtained":["Boot"],"max_hp_gain":0,"max_hp_loss":0,"event_name":"WeMeetAgain","floor":3,"gold_loss":0},{"damage_healed":0,"gold_gain":0,"player_choice":"Forge","damage_taken":0,"max_hp_gain":0,"max_hp_loss":0,"event_name":"Accursed Blacksmith","floor":19,"gold_loss":0,"cards_upgraded":["Coolheaded"]},{"cards_removed":["Defend_B"],"damage_healed":0,"gold_gain":0,"player_choice":"Gave Gold","damage_taken":0,"max_hp_gain":0,"max_hp_loss":0,"event_name":"Beggar","floor":25,"gold_loss":75},{"damage_healed":0,"gold_gain":0,"player_choice":"Obtained Relic","damage_taken":0,"relics_obtained":["Vajra"],"max_hp_gain":0,"max_hp_loss":0,"event_name":"Addict","floor":27,"gold_loss":85},{"damage_healed":0,"gold_gain":0,"player_choice":"Fight","damage_taken":0,"max_hp_gain":0,"max_hp_loss":0,"event_name":"Colosseum","floor":29,"gold_loss":0},{"damage_healed":0,"gold_gain":0,"player_choice":"Fled From Nobs","damage_taken":0,"max_hp_gain":0,"max_hp_loss":0,"event_name":"Colosseum","floor":29,"gold_loss":0}],"is_beta":false,"boss_relics":[{"not_picked":["Lizard Tail","Velvet Choker"],"picked":"Nuclear Battery"}],"items_purged_floors":[7,21],"is_endless":false,"potions_floor_spawned":[1,4,12,14,22,23,29,31],"killed_by":"Collector","ascension_level":4}