{"gold_per_floor":[118,118,43,43,57,57,72,97,97,97,121,151,151,186,186,260,260,270,270,286,161,172,201,201],"floor_reached":24,"playtime":968,"items_purged":["Strike_B","Strike_B"],"score":411,"play_id":"542729cb-db74-4e89-94a7-40847edacf0a","local_time":"20190705132138","is_ascension_mode":true,"campfire_choices":[{"data":"Zap","floor":6,"key":"SMITH"},{"data":"Dualcast","floor":10,"key":"SMITH"},{"data":"Cold Snap","floor":15,"key":"SMITH"}],"neow_cost":"NONE","seed_source_timestamp":525286528284968,"circlet_count":0,"master_deck":["AscendersBane","Strike_B","Strike_B","Defend_B","Defend_B+1","Defend_B+1","Defend_B+1","Zap+1","Dualcast+1","Go for the Eyes","Cold Snap+1","Conserve Battery","Steam+1","Self Repair","Conserve Battery","Electrodynamics","Beam Cell","Necronomicurse","Streamline"],"relics":["Cracked Core","NeowsBlessing","FaceOfCleric","Odd Mushroom","Pantograph","PreservedInsect","War Paint","Bag of Preparation","Busted Crown","Necronomicon","Peace Pipe"],"potions_floor_usage":[8,14,16,24],"damage_taken":[{"damage":0,"enemies":"Jaw Worm","floor":1,"turns":1},{"damage":0,"enemies":"2 Louse","floor":5,"turns":2},{"damage":0,"enemies":"Cultist","floor":7,"turns":1},{"damage":12,"enemies":"The Mushroom Lair","floor":8,"turns":5},{"damage":16,"enemies":"3 Sentries","floor":12,"turns":7},{"damage":6,"enemies":"Lagavulin","floor":14,"turns":7},{"damage":31,"enemies":"The Guardian","floor":16,"turns":18},{"damage":5,"enemies":"Spheric Guardian","floor":18,"turns":4},{"damage":0,"enemies":"Shell Parasite","floor":20,"turns":6},{"damage":25,"enemies":"Snake Plant","floor":22,"turns":5},{"damage":38,"enemies":"Gremlin Leader","floor":23,"turns":6},{"damage":14,"enemies":"Sentry and Sphere","floor":24,"turns":3}],"seed_played":"-7403823458048948504","potions_obtained":[{"floor":7,"key":"GamblersBrew"},{"floor":12,"key":"Weak Potion"},{"floor":14,"key":"Poison Potion"},{"floor":23,"key":"Swift Potion"}],"is_trial":false,"path_per_floor":["M","?","$","?","M","R","M","?","T","R","T","E","?","E","R","B",null,"M","?","M","$","M","E","M"],"character_chosen":"DEFECT","items_purchased":["Streamline"],"campfire_rested":0,"item_purchase_floors":[21],"current_hp_per_floor":[64,43,43,43,44,44,45,34,34,34,34,19,44,46,46,48,70,73,52,60,60,43,13,0],"gold":201,"neow_bonus":"THREE_ENEMY_KILL","is_prod":false,"is_daily":false,"chose_seed":false,"campfire_upgraded":3,"win_rate":0,"timestamp":1562304098,"path_taken":["M","?","$","?","?","R","M","?","T","R","?","E","?","E","R","BOSS","M","?","M","?","M","E","?"],"build_version":"2019-07-01","purchased_purges":2,"victory":false,"max_hp_per_floor":[71,71,71,71,72,72,73,74,74,74,74,75,75,76,76,77,77,78,78,79,79,80,81,81],"card_choices":[{"not_picked":["Turbo","Hologram"],"picked":"Go for the Eyes","floor":1},{"not_picked":["Scrape","Go for the Eyes"],"picked":"Cold Snap","floor":5},{"not_picked":["Blizzard","Stack"],"picked":"Conserve Battery","floor":7},{"not_picked":["Lockon","Capacitor"],"picked":"Steam","floor":8},{"not_picked":["Fission","Rip and Tear"],"picked":"Self Repair","floor":12},{"not_picked":["Streamline","Go for the Eyes"],"picked":"Conserve Battery","floor":14},{"not_picked":["Reboot","Fission"],"picked":"Electrodynamics","floor":16},{"not_picked":[],"picked":"Beam Cell","floor":18},{"not_picked":["Stack"],"picked":"SKIP","floor":20},{"not_picked":["Turbo"],"picked":"SKIP","floor":22},{"not_picked":["Rebound"],"picked":"SKIP","floor":23}],"player_experience":1185557,"relics_obtained":[{"floor":8,"key":"Odd Mushroom"},{"floor":9,"key":"Pantograph"},{"floor":11,"key":"PreservedInsect"},{"floor":12,"key":"War Paint"},{"floor":14,"key":"Bag of Preparation"},{"floor":19,"key":"Necronomicon"},{"floor":23,"key":"Peace Pipe"}],"event_choices":[{"damage_healed":0,"gold_gain":0,"player_choice":"Entered Light","damage_taken":21,"max_hp_gain":0,"max_hp_loss":0,"event_name":"Shining Light","floor":2,"gold_loss":0,"cards_upgraded":["Defend_B","Defend_B"]},{"damage_healed":0,"gold_gain":0,"player_choice":"Trade","damage_taken":0,"relics_obtained":["FaceOfCleric"],"max_hp_gain":0,"max_hp_loss":0,"event_name":"FaceTrader","floor":4,"gold_loss":0},{"damage_healed":0,"gold_gain":0,"player_choice":"Fought Mushrooms","damage_taken":0,"max_hp_gain":0,"max_hp_loss":0,"event_name":"Mushrooms","floor":8,"gold_loss":0},{"damage_healed":25,"gold_gain":0,"player_choice":"Banana","damage_taken":0,"max_hp_gain":0,"max_hp_loss":0,"event_name":"Big Fish","floor":13,"gold_loss":0},{"damage_healed":0,"gold_gain":0,"player_choice":"Obtained Book","damage_taken":21,"max_hp_gain":0,"max_hp_loss":0,"event_name":"Cursed Tome","floor":19,"gold_loss":0}],"is_beta":false,"boss_relics":[{"not_picked":["Velvet Choker","Eternal Feather"],"picked":"Busted Crown"}],"items_purged_floors":[3,21],"is_endless":false,"potions_floor_spawned":[7,12,14,23],"killed_by":"Sentry and Sphere","ascension_level":17}