{"gold_per_floor":[111,122,18,38,57,57,67,67,94,119,119,119,134,167,167,246,246,262,262,275,289,299,325,340,340,340,178,211,45,75,75,75,148,148,164,164,181,181,92,92,92],"floor_reached":41,"playtime":3140,"items_purged":["Strike_G"],"score":830,"play_id":"79cca055-0352-40f1-b15a-dc71015e2ca5","local_time":"20190705141638","is_ascension_mode":true,"campfire_choices":[{"data":"Cloak And Dagger","floor":6.0,"key":"SMITH"},{"data":"Dagger Spray","floor":8.0,"key":"SMITH"},{"data":"Poisoned Stab","floor":11.0,"key":"SMITH"},{"floor":15.0,"key":"REST"},{"floor":25.0,"key":"REST"},{"floor":32.0,"key":"REST"},{"floor":40.0,"key":"REST"}],"neow_cost":"TEN_PERCENT_HP_LOSS","seed_source_timestamp":0,"circlet_count":0,"master_deck":["AscendersBane","Strike_G+1","Strike_G+1","Strike_G+1","Strike_G+1","Defend_G+1","Defend_G+1","Defend_G+1","Defend_G+1","Defend_G+1","Survivor+1","Neutralize","Dagger Spray+1","Cloak And Dagger+1","Poisoned Stab+1","Flying Knee","Well Laid Plans","Acrobatics","Dodge and Roll","Footwork","Dodge and Roll","Night Terror+1","Backflip","Poisoned Stab","Sucker Punch+1","Corpse Explosion","Noxious Fumes","Deadly Poison","After Image","Footwork"],"special_seed":0,"relics":["Ring of the Snake","Mango","Dream Catcher","Bag of Preparation","Orichalcum","Fusion Hammer","Paper Crane","Dodecahedron","War Paint","Omamori","Bottled Lightning","Snecko Eye"],"potions_floor_usage":[41],"damage_taken":[{"damage":0.0,"enemies":"Small Slimes","floor":1.0,"turns":4.0},{"damage":0.0,"enemies":"2 Louse","floor":2.0,"turns":2.0},{"damage":1.0,"enemies":"Cultist","floor":4.0,"turns":4.0},{"damage":5.0,"enemies":"Looter","floor":5.0,"turns":3.0},{"damage":0.0,"enemies":"3 Louse","floor":7.0,"turns":2.0},{"damage":35.0,"enemies":"Lagavulin","floor":10.0,"turns":7.0},{"damage":4.0,"enemies":"Red Slaver","floor":13.0,"turns":4.0},{"damage":11.0,"enemies":"3 Sentries","floor":14.0,"turns":7.0},{"damage":20.0,"enemies":"Slime Boss","floor":16.0,"turns":12.0},{"damage":6.0,"enemies":"Shell Parasite","floor":18.0,"turns":7.0},{"damage":0.0,"enemies":"Chosen","floor":20.0,"turns":6.0},{"damage":0.0,"enemies":"Centurion and Healer","floor":21.0,"turns":8.0},{"damage":2.0,"enemies":"Snake Plant","floor":22.0,"turns":7.0},{"damage":10.0,"enemies":"Book of Stabbing","floor":23.0,"turns":7.0},{"damage":2.0,"enemies":"Cultist and Chosen","floor":24.0,"turns":8.0},{"damage":27.0,"enemies":"Gremlin Leader","floor":28.0,"turns":9.0},{"damage":8.0,"enemies":"Book of Stabbing","floor":30.0,"turns":6.0},{"damage":36.0,"enemies":"Collector","floor":33.0,"turns":10.0},{"damage":2.0,"enemies":"Orb Walker","floor":35.0,"turns":6.0},{"damage":14.0,"enemies":"3 Darklings","floor":37.0,"turns":2.0},{"damage":67,"enemies":"Giant Head","floor":41,"turns":10}],"seed_played":"-2727474753725733509","potions_obtained":[{"floor":5.0,"key":"SpeedPotion"},{"floor":7.0,"key":"GamblersBrew"},{"floor":13.0,"key":"Weak Potion"},{"floor":14.0,"key":"PowerPotion"},{"floor":18.0,"key":"LiquidBronze"},{"floor":28.0,"key":"SteroidPotion"},{"floor":33.0,"key":"SneckoOil"}],"is_trial":false,"path_per_floor":["M","M","$","M","M","R","M","R","T","E","R","?","M","E","R","B",null,"M","?","M","M","M","E","M","R","T","$","E","$","E","?","R","B",null,"M","?","M","?","$","R","E"],"character_chosen":"THE_SILENT","items_purchased":["Poisoned Stab","War Paint","Noxious Fumes","Deadly Poison","Poison Potion","Footwork"],"campfire_rested":4,"item_purchase_floors":[3,27,29,29,29,39],"current_hp_per_floor":[73,73,73,72,67,67,67,67,67,32,32,32,28,17,39,19,60,54,54,54,54,52,42,40,62,62,62,35,35,27,27,49,13,59,57,57,43,43,43,64,0],"gold":92,"neow_bonus":"ONE_RARE_RELIC","is_prod":false,"is_daily":false,"chose_seed":false,"campfire_upgraded":3,"win_rate":0,"timestamp":1562354198,"path_taken":["M","M","$","M","M","R","M","R","T","E","R","?","M","E","R","BOSS","M","?","M","M","M","E","M","R","T","$","E","$","E","?","R","BOSS","M","?","M","?","$","R","E"],"build_version":"2019-07-01","purchased_purges":1,"victory":false,"max_hp_per_floor":[74,74,74,74,74,74,74,74,74,74,74,74,74,74,74,74,74,74,74,74,74,74,74,74,74,74,74,74,74,74,74,74,74,74,74,74,74,70,70,70,70],"card_choices":[{"not_picked":["Deflect","Dodge and Roll"],"picked":"Dagger Spray","floor":1.0},{"not_picked":["Tactician","Crippling Poison"],"picked":"Cloak And Dagger","floor":2.0},{"not_picked":["Blur","Skewer"],"picked":"Flying Knee","floor":4.0},{"not_picked":["Phantasmal Killer","Outmaneuver"],"picked":"Well Laid Plans","floor":5.0},{"not_picked":["Outmaneuver","Dagger Spray"],"picked":"Acrobatics","floor":7.0},{"not_picked":["Storm of Steel","Setup","Outmaneuver"],"picked":"SKIP","floor":10.0},{"not_picked":["Outmaneuver","Skewer"],"picked":"Dodge and Roll","floor":13.0},{"not_picked":["Slice","Storm of Steel"],"picked":"Footwork","floor":14.0},{"not_picked":["Underhanded Strike","Eviscerate"],"picked":"Dodge and Roll","floor":15.0},{"not_picked":["Bullet Time","Envenom"],"picked":"Night Terror","floor":16.0},{"not_picked":["Quick Slash+1","Finisher+1","Slice"],"picked":"SKIP","floor":18.0},{"not_picked":["Underhanded Strike","Sucker Punch","Eviscerate"],"picked":"SKIP","floor":20.0},{"not_picked":["Well Laid Plans","Flying Knee","Deflect"],"picked":"SKIP","floor":21.0},{"not_picked":["PiercingWail","Finisher"],"picked":"Backflip","floor":22.0},{"not_picked":["Accuracy","Sucker Punch"],"picked":"Poisoned Stab","floor":23.0},{"not_picked":["Tactician","Slice","Skewer"],"picked":"SKIP","floor":24.0},{"not_picked":["Acrobatics","Bane"],"picked":"Sucker Punch+1","floor":25.0},{"not_picked":["Adrenaline","Tactician"],"picked":"Corpse Explosion","floor":28.0},{"not_picked":["Dagger Spray","Slice+1","Blade Dance"],"picked":"SKIP","floor":30.0},{"not_picked":["Corpse Explosion","Phantasmal Killer"],"picked":"After Image","floor":33.0},{"not_picked":["Choke","Cloak And Dagger","Dodge and Roll"],"picked":"SKIP","floor":35.0},{"not_picked":["Quick Slash","Cloak And Dagger","Deflect"],"picked":"SKIP","floor":37.0}],"player_experience":136144,"relics_obtained":[{"floor":9.0,"key":"Dream Catcher"},{"floor":10.0,"key":"Bag of Preparation"},{"floor":14.0,"key":"Orichalcum"},{"floor":23.0,"key":"Paper Crane"},{"floor":26.0,"key":"Dodecahedron"},{"floor":28.0,"key":"Omamori"},{"floor":30.0,"key":"Bottled Lightning"}],"event_choices":[{"damage_healed":0.0,"max_hp_gain":0.0,"max_hp_loss":0.0,"gold_gain":0.0,"event_name":"Shining Light","player_choice":"Ignored","floor":12.0,"gold_loss":0.0,"damage_taken":0.0},{"damage_healed":0.0,"max_hp_gain":0.0,"max_hp_loss":0.0,"gold_gain":0.0,"event_name":"Back to Basics","player_choice":"Simplicity","floor":19.0,"gold_loss":0.0,"damage_taken":0.0,"cards_upgraded":["Strike_G","Strike_G","Strike_G","Strike_G","Defend_G","Defend_G","Defend_G","Defend_G","Defend_G"]},{"damage_healed":0.0,"max_hp_gain":0.0,"max_hp_loss":0.0,"gold_gain":0.0,"event_name":"Cursed Tome","player_choice":"Ignored","floor":31.0,"gold_loss":0.0,"damage_taken":0.0},{"damage_healed":0.0,"max_hp_gain":0.0,"max_hp_loss":0.0,"gold_gain":0.0,"event_name":"Mysterious Sphere","player_choice":"Ignored","floor":36.0,"gold_loss":0.0,"damage_taken":0.0},{"damage_healed":0.0,"max_hp_gain":0.0,"max_hp_loss":4.0,"gold_gain":0.0,"event_name":"Winding Halls","player_choice":"Max HP","floor":38.0,"gold_loss":0.0,"damage_taken":0.0}],"is_beta":false,"boss_relics":[{"not_picked":["Coffee Dripper","White Beast Statue"],"picked":"Fusion Hammer"},{"not_picked":["Astrolabe","Pandora\u0027s Box"],"picked":"Snecko Eye"}],"items_purged_floors":[3],"is_endless":false,"potions_floor_spawned":[5,7,13,14,18,20,22,28,33],"killed_by":"Giant Head","ascension_level":16}