{"gold_per_floor":[111,111,43,9,25,60,60,85,153,173,35,61,81,81,81,160,160,100,100,15,15,15],"floor_reached":22,"playtime":1224,"items_purged":[],"score":389,"play_id":"4a603dc8-2c1c-4328-a684-586d0aea371d","local_time":"20190705213506","is_ascension_mode":true,"campfire_choices":[{"data":"Bouncing Flask","floor":7.0,"key":"SMITH"},{"floor":15,"key":"REST"}],"neow_cost":"NONE","seed_source_timestamp":598890367036645,"circlet_count":0,"master_deck":["AscendersBane","Strike_G","Strike_G","Strike_G","Strike_G","Strike_G","Defend_G","Defend_G+1","Defend_G","Defend_G","Defend_G","Survivor","Neutralize+1","Dagger Throw","Leg Sweep","Bouncing Flask+1","Prepared","Blur+1","Caltrops","Malaise","Footwork","Deadly Poison+1","Doppelganger+1","Backflip+1"],"special_seed":0,"relics":["Ring of the Snake","NeowsBlessing","Dream Catcher","Matryoshka","War Paint","Singing Bowl","Bottled Lightning","Toxic Egg 2","Gremlin Horn","Ectoplasm","Sundial"],"potions_floor_usage":[13,22],"damage_taken":[{"damage":0.0,"enemies":"Jaw Worm","floor":1.0,"turns":1.0},{"damage":0.0,"enemies":"Cultist","floor":5.0,"turns":1.0},{"damage":0.0,"enemies":"3 Sentries","floor":6.0,"turns":1.0},{"damage":10.0,"enemies":"Lagavulin","floor":8.0,"turns":6.0},{"damage":0.0,"enemies":"Small Slimes","floor":10.0,"turns":3.0},{"damage":39.0,"enemies":"Gremlin Nob","floor":12.0,"turns":6.0},{"damage":8,"enemies":"Gremlin Gang","floor":13,"turns":6},{"damage":8,"enemies":"Hexaghost","floor":16,"turns":10},{"damage":18,"enemies":"2 Thieves","floor":18,"turns":4},{"damage":6,"enemies":"Shell Parasite","floor":19,"turns":6},{"damage":9,"enemies":"Centurion and Healer","floor":21,"turns":10},{"damage":32,"enemies":"3 Cultists","floor":22,"turns":6}],"seed_played":"6130663092424628119","potions_obtained":[{"floor":5.0,"key":"Energy Potion"},{"floor":10.0,"key":"FearPotion"},{"floor":12.0,"key":"FearPotion"},{"floor":13,"key":"GamblersBrew"}],"is_trial":false,"path_per_floor":["M","?","$","$","M","E","R","E","T","M","$","E","M","T","R","B",null,"M","M","?","M","M"],"character_chosen":"THE_SILENT","items_purchased":["Leg Sweep","Bouncing Flask","Malaise"],"campfire_rested":1,"item_purchase_floors":[3,4,11],"current_hp_per_floor":[59,59,59,59,59,59,59,49,49,49,49,10,4,4,24,16,55,39,35,35,26,0],"gold":15,"neow_bonus":"THREE_ENEMY_KILL","is_prod":false,"is_daily":false,"chose_seed":false,"campfire_upgraded":1,"win_rate":0,"timestamp":1562333706,"path_taken":["M","?","?","$","M","E","R","E","T","M","$","E","?","?","R","BOSS","M","M","?","M","M"],"build_version":"2019-07-01","purchased_purges":0,"victory":false,"max_hp_per_floor":[66,66,66,66,66,66,66,66,66,66,66,66,68,68,68,68,68,70,72,72,72,72],"card_choices":[{"not_picked":["Acrobatics","Deflect"],"picked":"Dagger Throw","floor":1.0},{"not_picked":["Prepared","Outmaneuver","Underhanded Strike"],"picked":"SKIP","floor":5.0},{"not_picked":["Deflect","Flying Knee"],"picked":"Prepared","floor":6.0},{"not_picked":["Backflip","Cloak And Dagger"],"picked":"Blur","floor":8.0},{"not_picked":["PiercingWail","Dagger Throw"],"picked":"Caltrops","floor":10.0},{"not_picked":["Setup","Grand Finale"],"picked":"Footwork","floor":12.0},{"not_picked":["Endless Agony","Acrobatics","Backflip"],"picked":"Singing Bowl","floor":13},{"not_picked":["Dagger Spray","Sucker Punch"],"picked":"Deadly Poison+1","floor":15},{"not_picked":["Envenom","After Image"],"picked":"Doppelganger+1","floor":16},{"not_picked":["Footwork","Sucker Punch","Predator"],"picked":"Singing Bowl","floor":18},{"not_picked":["Setup+1","Poisoned Stab","Quick Slash"],"picked":"Singing Bowl","floor":19},{"not_picked":["Dagger Throw","Quick Slash"],"picked":"Backflip+1","floor":21}],"player_experience":826798,"relics_obtained":[{"floor":6.0,"key":"Dream Catcher"},{"floor":8.0,"key":"Matryoshka"},{"floor":9.0,"key":"War Paint"},{"floor":9.0,"key":"Singing Bowl"},{"floor":12.0,"key":"Bottled Lightning"},{"floor":14,"key":"Toxic Egg 2"},{"floor":14,"key":"Gremlin Horn"}],"event_choices":[{"damage_healed":0.0,"max_hp_gain":0.0,"max_hp_loss":0.0,"gold_gain":0.0,"event_name":"Upgrade Shrine","player_choice":"Upgraded","floor":2.0,"gold_loss":0.0,"damage_taken":0.0,"cards_upgraded":["Neutralize"]},{"damage_healed":0,"gold_gain":0,"player_choice":"Obtained Relic","damage_taken":0,"relics_obtained":["Sundial"],"max_hp_gain":0,"max_hp_loss":0,"event_name":"Addict","floor":20,"gold_loss":85}],"is_beta":false,"boss_relics":[{"not_picked":["Pandora\u0027s Box","Busted Crown"],"picked":"Ectoplasm"}],"items_purged_floors":[],"is_endless":false,"potions_floor_spawned":[5,10,12,13],"killed_by":"3 Cultists","ascension_level":14}