{"gold_per_floor":[109,409,409,409,422,452,462,462,462,462,478,498,530,541,541,636,636,650,610,627,640,658,658],"floor_reached":23,"playtime":1780,"items_purged":[],"score":280,"play_id":"868291ef-e5c4-4bfa-941a-02cd244bce1b","local_time":"20190704155522","is_ascension_mode":false,"campfire_choices":[{"data":"Barrage","floor":8,"key":"SMITH"},{"data":"Creative AI","floor":15,"key":"SMITH"}],"neow_cost":"NONE","seed_source_timestamp":82508678654541,"circlet_count":0,"master_deck":["Strike_B","Strike_B+1","Strike_B","Strike_B","Defend_B","Defend_B","Defend_B","Defend_B","Zap+1","Dualcast","Conserve Battery","BootSequence+1","Redo","Barrage+1","Reinforced Body","Cold Snap","Gash","Creative AI+1","All For One","Beam Cell+1","Redo","Stack+1","Loop+1"],"relics":["Cracked Core","NeowsBlessing","Old Coin","Ice Cream","Calipers","Question Card","Ornamental Fan","White Beast Statue"],"potions_floor_usage":[18,21,21,23],"damage_taken":[{"damage":0,"enemies":"Small Slimes","floor":1,"turns":1},{"damage":0,"enemies":"Jaw Worm","floor":5,"turns":1},{"damage":0,"enemies":"Lagavulin","floor":6,"turns":1},{"damage":0,"enemies":"Cultist","floor":7,"turns":3},{"damage":3,"enemies":"Exordium Thugs","floor":11,"turns":4},{"damage":0,"enemies":"3 Louse","floor":12,"turns":2},{"damage":14,"enemies":"Gremlin Nob","floor":13,"turns":4},{"damage":1,"enemies":"Red Slaver","floor":14,"turns":3},{"damage":0,"enemies":"Slime Boss","floor":16,"turns":8},{"damage":0,"enemies":"3 Byrds","floor":18,"turns":3},{"damage":17,"enemies":"Shell Parasite","floor":20,"turns":6},{"damage":14,"enemies":"Sentry and Sphere","floor":21,"turns":4},{"damage":21,"enemies":"3 Cultists","floor":22,"turns":6},{"damage":27,"enemies":"Slavers","floor":23,"turns":3}],"seed_played":"-4719141517005846200","potions_obtained":[{"floor":7,"key":"Poison Potion"},{"floor":13,"key":"PowerPotion"},{"floor":14,"key":"SteroidPotion"},{"floor":18,"key":"SteroidPotion"},{"floor":20,"key":"Fire Potion"},{"floor":21,"key":"EssenceOfSteel"},{"floor":22,"key":"PowerPotion"}],"is_trial":false,"path_per_floor":["M","?","?","?","M","E","M","R","T","T","M","M","E","M","R","B",null,"M","?","M","M","M","E"],"character_chosen":"DEFECT","items_purchased":[],"campfire_rested":0,"item_purchase_floors":[],"current_hp_per_floor":[75,68,68,68,68,68,68,68,68,68,65,65,51,50,50,50,75,75,75,58,44,23,0],"gold":658,"neow_bonus":"THREE_ENEMY_KILL","is_prod":false,"is_daily":false,"chose_seed":false,"campfire_upgraded":2,"win_rate":0.0,"timestamp":1562219722,"path_taken":["M","?","?","?","?","E","M","R","T","?","M","M","E","M","R","BOSS","M","?","M","?","M","E"],"build_version":"2019-07-01","purchased_purges":0,"victory":false,"max_hp_per_floor":[75,75,75,75,75,75,75,75,75,75,75,75,75,75,75,75,75,75,75,75,75,75,75],"card_choices":[{"not_picked":["Barrage","Stack"],"picked":"Conserve Battery","floor":1},{"not_picked":["Barrage","Lockon"],"picked":"BootSequence","floor":5},{"not_picked":["Steam Power","Consume"],"picked":"Redo","floor":6},{"not_picked":["Leap","Reinforced Body"],"picked":"Barrage","floor":7},{"not_picked":["Beam Cell","Stack","Hologram"],"picked":"Reinforced Body","floor":11},{"not_picked":["Blizzard","Streamline","Hologram"],"picked":"Cold Snap","floor":12},{"not_picked":["White Noise","Compile Driver","Beam Cell"],"picked":"Gash","floor":13},{"not_picked":["Cold Snap","Skim","Redo"],"picked":"Creative AI","floor":14},{"not_picked":["Multi-Cast","Amplify","Reboot"],"picked":"All For One","floor":16},{"not_picked":["Melter","Coolheaded","Reinforced Body+1"],"picked":"Beam Cell+1","floor":18},{"not_picked":["Force Field","Static Discharge","Scrape+1"],"picked":"Redo","floor":20},{"not_picked":["Storm","Cold Snap","Redo"],"picked":"Stack+1","floor":21},{"not_picked":["Cold Snap","Fusion","White Noise+1"],"picked":"Loop+1","floor":22}],"player_experience":4848,"relics_obtained":[{"floor":6,"key":"Ice Cream"},{"floor":9,"key":"Calipers"},{"floor":10,"key":"Question Card"},{"floor":13,"key":"Ornamental Fan"}],"event_choices":[{"damage_healed":0,"gold_gain":0,"player_choice":"Success","damage_taken":7,"relics_obtained":["Old Coin"],"max_hp_gain":0,"max_hp_loss":0,"event_name":"Scrap Ooze","floor":2,"gold_loss":0},{"damage_healed":0,"gold_gain":0,"player_choice":"Ignored","damage_taken":0,"max_hp_gain":0,"max_hp_loss":0,"event_name":"Liars Game","floor":3,"gold_loss":0},{"damage_healed":0,"gold_gain":0,"player_choice":"Grow","damage_taken":0,"max_hp_gain":0,"max_hp_loss":0,"event_name":"Living Wall","floor":4,"gold_loss":0,"cards_upgraded":["Zap"]},{"damage_healed":0,"gold_gain":0,"player_choice":"Upgraded Two","damage_taken":0,"max_hp_gain":0,"max_hp_loss":0,"event_name":"Designer","floor":19,"gold_loss":40,"cards_upgraded":["Strike_B","BootSequence"]}],"is_beta":false,"boss_relics":[{"not_picked":["Runic Dome","Busted Crown"],"picked":"White Beast Statue"}],"items_purged_floors":[],"is_endless":false,"potions_floor_spawned":[7,13,14,18,20,21,22],"killed_by":"Slavers","ascension_level":0}