{"gold_per_floor":[112,37,37,37,51,87,12,37,37,51,82,82,82,101,101,199,199,222,222,122,138,156,156,171,171,224,224,245,160,160],"floor_reached":30,"playtime":1028,"items_purged":["Strike_R","Strike_R"],"score":502,"play_id":"581f7e29-ba9f-4741-b595-62fe9430087e","local_time":"20190112125606","is_ascension_mode":true,"campfire_choices":[{"data":"Uppercut","floor":13,"key":"SMITH"},{"floor":15,"key":"REST"},{"data":"Infernal Blade","floor":23,"key":"SMITH"},{"data":"Seeing Red","floor":25,"key":"SMITH"}],"neow_cost":"NONE","seed_source_timestamp":11744081934400,"circlet_count":0,"master_deck":["AscendersBane","Defend_R","Defend_R","Defend_R+1","Defend_R+1","Bash","Infernal Blade+1","Whirlwind+1","Uppercut+1","Demon Form","Rampage","RitualDagger","Seeing Red+1","Bite","Bite","Bite","Bite","Bite"],"relics":["Burning Blood","NeowsBlessing","Golden Idol","Darkstone Periapt","War Paint","Whetstone","Coffee Dripper","Centennial Puzzle","Gremlin Horn"],"potions_floor_usage":[11,14,28,30],"damage_taken":[{"damage":0,"enemies":"Small Slimes","floor":1,"turns":1},{"damage":0,"enemies":"Jaw Worm","floor":5,"turns":1},{"damage":0,"enemies":"Lagavulin","floor":6,"turns":2},{"damage":0,"enemies":"2 Louse","floor":8,"turns":3},{"damage":3,"enemies":"Looter","floor":10,"turns":4},{"damage":16,"enemies":"Gremlin Nob","floor":11,"turns":3},{"damage":0,"enemies":"Large Slime","floor":14,"turns":4},{"damage":42,"enemies":"Hexaghost","floor":16,"turns":7},{"damage":3,"enemies":"Spheric Guardian","floor":18,"turns":3},{"damage":11,"enemies":"Shell Parasite","floor":21,"turns":3},{"damage":23,"enemies":"Snake Plant","floor":22,"turns":3},{"damage":26,"enemies":"Sentry and Sphere","floor":24,"turns":5},{"damage":4,"enemies":"Cultist and Chosen","floor":28,"turns":4},{"damage":41,"enemies":"Book of Stabbing","floor":30,"turns":5}],"seed_played":"-6573894838481713051","potions_obtained":[{"floor":1,"key":"SpeedPotion"},{"floor":5,"key":"Fire Potion"},{"floor":14,"key":"Fruit Juice"},{"floor":22,"key":"Explosive Potion"},{"floor":24,"key":"Poison Potion"}],"is_trial":false,"path_per_floor":["M","$","?","$","M","E","?","M","T","M","E","$","R","M","R","B",null,"M","?","$","M","M","R","M","R","T","?","M","?","E"],"character_chosen":"IRONCLAD","items_purchased":[],"campfire_rested":1,"item_purchase_floors":[],"current_hp_per_floor":[74,74,68,68,68,68,68,68,68,68,58,58,58,69,73,37,64,67,61,61,56,39,39,19,19,19,19,31,31,0],"gold":160,"neow_bonus":"THREE_ENEMY_KILL","is_prod":false,"is_daily":false,"chose_seed":false,"campfire_upgraded":3,"win_rate":0,"timestamp":1547268966,"path_taken":["M","$","?","$","M","E","?","M","T","M","E","?","R","M","R","BOSS","M","?","$","M","M","R","M","R","T","?","M","?","E"],"build_version":"2019-01-10","purchased_purges":2,"victory":false,"max_hp_per_floor":[75,75,68,68,68,68,68,68,68,68,68,68,68,73,73,73,73,73,73,73,73,73,73,73,73,73,51,51,51,51],"card_choices":[{"not_picked":["Twin Strike","Sever Soul"],"picked":"Infernal Blade","floor":1},{"not_picked":["Pommel Strike","Clothesline"],"picked":"Whirlwind","floor":5},{"not_picked":["Cleave","Rupture","Headbutt"],"picked":"SKIP","floor":6},{"not_picked":["Cleave","Thunderclap"],"picked":"Uppercut","floor":8},{"not_picked":["Pommel Strike","Clothesline"],"picked":"Demon Form","floor":10},{"not_picked":["Sword Boomerang","Intimidate","Corruption"],"picked":"SKIP","floor":11},{"not_picked":["Armaments","Hemokinesis","Wild Strike"],"picked":"SKIP","floor":14},{"not_picked":["Clash","Sword Boomerang"],"picked":"Rampage","floor":18},{"not_picked":["Clash","Flex","Thunderclap"],"picked":"SKIP","floor":21},{"not_picked":["Flex","Sentinel","Cleave"],"picked":"SKIP","floor":22},{"not_picked":["Body Slam","Rampage"],"picked":"Seeing Red","floor":24},{"not_picked":["Cleave","Metallicize","Reckless Charge"],"picked":"SKIP","floor":28}],"player_experience":658136,"relics_obtained":[{"floor":6,"key":"Darkstone Periapt"},{"floor":9,"key":"War Paint"},{"floor":11,"key":"Whetstone"},{"floor":26,"key":"Centennial Puzzle"}],"event_choices":[{"damage_healed":0,"gold_gain":0,"player_choice":"Lose Max HP","damage_taken":0,"relics_obtained":["Golden Idol"],"max_hp_gain":0,"max_hp_loss":7,"event_name":"Golden Idol","floor":3,"gold_loss":0},{"cards_removed":["Strike_R"],"damage_healed":0,"gold_gain":0,"player_choice":"Card Removal","damage_taken":0,"max_hp_gain":0,"max_hp_loss":0,"event_name":"The Cleric","floor":7,"gold_loss":75},{"damage_healed":0,"gold_gain":0,"player_choice":"Joined the Cult","damage_taken":6,"max_hp_gain":0,"max_hp_loss":0,"event_name":"Nest","floor":19,"gold_loss":0,"cards_obtained":["RitualDagger"]},{"damage_healed":0,"gold_gain":0,"player_choice":"Became a vampire","damage_taken":0,"max_hp_gain":0,"max_hp_loss":22,"event_name":"Vampires","floor":27,"gold_loss":0,"cards_obtained":["Bite","Bite","Bite","Bite","Bite"]},{"damage_healed":0,"gold_gain":0,"player_choice":"Obtained Relic","damage_taken":0,"relics_obtained":["Gremlin Horn"],"max_hp_gain":0,"max_hp_loss":0,"event_name":"Addict","floor":29,"gold_loss":85}],"is_beta":false,"boss_relics":[{"not_picked":["Fusion Hammer","Empty Cage"],"picked":"Coffee Dripper"}],"items_purged_floors":[2,20],"is_endless":false,"potions_floor_spawned":[1,5,14,22,24],"killed_by":"Book of Stabbing","ascension_level":16}