{"gold_per_floor":[110,125,135,135,146,159,159,70,70,102,102,102,137,137,137,241,241,253,266,365,384,384,384,395,43,94,121,137,137,185,220,220,316,316,330,330,135,135,151,151,61,94,147,147,147,166,31,46,46,46,46,46,46,79,79],"floor_reached":55,"playtime":5053,"items_purged":["Strike_B","Strike_B","Defend_B","Defend_B"],"score":1109,"play_id":"feba974e-35ea-49f7-9bf9-2fc5c4ec0e85","local_time":"20190628195845","is_ascension_mode":true,"campfire_choices":[{"data":"Zap","floor":7,"key":"SMITH"},{"data":"Defragment","floor":12,"key":"SMITH"},{"data":"Sweeping Beam","floor":15,"key":"SMITH"},{"data":"Self Repair","floor":23,"key":"SMITH"},{"data":"Defragment","floor":29,"key":"SMITH"},{"data":"Defragment","floor":32,"key":"SMITH"},{"floor":40,"key":"RECALL"},{"data":"Go for the Eyes","floor":45,"key":"SMITH"},{"data":"Capacitor","floor":49,"key":"SMITH"},{"data":"Coolheaded","floor":52,"key":"SMITH"}],"neow_cost":"NONE","seed_source_timestamp":1212623484064586,"circlet_count":0,"master_deck":["AscendersBane","Zap+1","Dualcast+1","Sweeping Beam","Sweeping Beam+1","Beam Cell","Self Repair+1","Defragment+1","Turbo","Self Repair+1","Chill","Beam Cell","Redo+1","Defragment+1","Coolheaded+1","Defragment+1","Capacitor+1","Compile Driver","Stack+1","Skim+1","Leap+1","Go for the Eyes+1","Ball Lightning+1","Double Energy","Trip","FTL","Madness","Machine Learning"],"relics":["Cracked Core","Smiling Mask","Emotion Chip","Cables","DataDisk","Mercury Hourglass","Coffee Dripper","MutagenicStrength","Lee\u0027s Waffle","Juzu Bracelet","Pocketwatch","Ancient Tea Set","Meat on the Bone","Astrolabe","Pen Nib","Calipers","Blue Candle"],"potions_floor_usage":[5,10,27,27,31,31,55,55,55],"damage_taken":[{"damage":1,"enemies":"Cultist","floor":1,"turns":3},{"damage":3,"enemies":"Small Slimes","floor":2,"turns":3},{"damage":13,"enemies":"2 Louse","floor":3,"turns":2},{"damage":2,"enemies":"Blue Slaver","floor":5,"turns":4},{"damage":1,"enemies":"Looter","floor":6,"turns":2},{"damage":14,"enemies":"3 Sentries","floor":10,"turns":4},{"damage":32,"enemies":"Gremlin Nob","floor":13,"turns":4},{"damage":38,"enemies":"Slime Boss","floor":16,"turns":6},{"damage":12,"enemies":"Chosen","floor":18,"turns":3},{"damage":12,"enemies":"3 Byrds","floor":19,"turns":3},{"damage":20,"enemies":"Centurion and Healer","floor":21,"turns":4},{"damage":18,"enemies":"3 Cultists","floor":24,"turns":5},{"damage":6,"enemies":"Gremlin Leader","floor":27,"turns":8},{"damage":33,"enemies":"Shelled Parasite and Fungi","floor":28,"turns":4},{"damage":28,"enemies":"Slavers","floor":31,"turns":3},{"damage":20,"enemies":"Automaton","floor":33,"turns":11},{"damage":0,"enemies":"3 Shapes","floor":35,"turns":6},{"damage":0,"enemies":"3 Darklings","floor":39,"turns":5},{"damage":13,"enemies":"Giant Head","floor":42,"turns":7},{"damage":0,"enemies":"Transient","floor":46,"turns":5},{"damage":7,"enemies":"Writhing Mass","floor":48,"turns":5},{"damage":26,"enemies":"Awakened One","floor":50,"turns":11},{"damage":66,"enemies":"Shield and Spear","floor":54,"turns":8},{"damage":97,"enemies":"The Heart","floor":55,"turns":5}],"seed_played":"-6219553295982876552","potions_obtained":[{"floor":1,"key":"Block Potion"},{"floor":3,"key":"SkillPotion"},{"floor":16,"key":"FocusPotion"},{"floor":21,"key":"Ancient Potion"},{"floor":24,"key":"Energy Potion"},{"floor":27,"key":"Energy Potion"},{"floor":28,"key":"PowerPotion"},{"floor":35,"key":"Regen Potion"},{"floor":36,"key":"EntropicBrew"},{"floor":36,"key":"FocusPotion"}],"is_trial":false,"path_per_floor":["M","M","M","T","M","M","R","$","T","E","?","R","E","?","R","B",null,"M","M","?","M","?","R","M","$","T","E","M","R","T","E","R","B",null,"M","?","$","?","M","R","?","E","T","?","R","M","$","M","R","B",null,"R","$","E","B"],"character_chosen":"DEFECT","items_purchased":["Defragment","Defragment","Lee\u0027s Waffle","Coolheaded","Pen Nib","Madness"],"campfire_rested":0,"item_purchase_floors":[8,25,25,25,37,47],"current_hp_per_floor":[67,64,51,51,49,48,48,48,48,41,41,41,16,41,41,10,59,54,49,49,43,43,43,42,82,82,82,66,66,66,55,55,64,78,82,82,82,82,82,82,82,82,82,82,82,82,82,82,82,76,81,81,81,47,0],"gold":79,"neow_bonus":"RANDOM_COMMON_RELIC","is_prod":false,"is_daily":false,"chose_seed":false,"campfire_upgraded":9,"win_rate":0,"timestamp":1561723125,"path_taken":["M","M","M","?","M","M","R","$","T","E","?","R","E","?","R","BOSS","M","M","?","M","?","R","M","$","T","E","M","R","?","E","R","BOSS","M","?","$","?","M","R","?","E","T","?","R","M","$","M","R","BOSS","R","$","E","BOSS"],"build_version":"2019-01-23","purchased_purges":4,"victory":false,"max_hp_per_floor":[75,75,75,75,75,75,75,75,75,75,75,75,75,75,75,75,75,75,75,75,75,75,75,75,82,82,82,82,82,82,82,82,82,82,82,82,82,82,82,82,82,82,82,82,82,82,82,82,82,82,82,82,82,82,82],"card_choices":[{"not_picked":["Consume","Conserve Battery"],"picked":"Sweeping Beam","floor":1},{"not_picked":["Rebound","FTL"],"picked":"Sweeping Beam","floor":2},{"not_picked":["Sweeping Beam","Go for the Eyes"],"picked":"Steam","floor":3},{"not_picked":["Leap","Hyperbeam"],"picked":"Beam Cell","floor":5},{"not_picked":["Heatsinks","Lockon"],"picked":"Self Repair","floor":6},{"not_picked":["Rebound","Scrape","Hologram"],"picked":"SKIP","floor":10},{"not_picked":["Static Discharge","Capacitor"],"picked":"Turbo","floor":13},{"not_picked":["Steam","Beam Cell"],"picked":"Self Repair","floor":18},{"not_picked":["Sweeping Beam","Ball Lightning+1"],"picked":"Chill","floor":19},{"not_picked":["Compile Driver","Biased Cognition"],"picked":"Beam Cell","floor":21},{"not_picked":["Ball Lightning","Compile Driver"],"picked":"Redo+1","floor":24},{"not_picked":["Cold Snap","Conserve Battery"],"picked":"Defragment","floor":27},{"not_picked":["Coolheaded","Compile Driver"],"picked":"Capacitor","floor":28},{"not_picked":["Sweeping Beam","Steam"],"picked":"Compile Driver","floor":31},{"not_picked":["Melter","Self Repair+1"],"picked":"Go for the Eyes","floor":35},{"not_picked":["Sunder","Steam"],"picked":"Ball Lightning+1","floor":39},{"not_picked":["Rainbow","Stack"],"picked":"Double Energy","floor":42},{"not_picked":["Flash of Steel","Discovery"],"picked":"Trip","floor":44},{"not_picked":["Genetic Algorithm","Sweeping Beam"],"picked":"FTL","floor":46},{"not_picked":["Storm","Beam Cell","Hologram+1"],"picked":"SKIP","floor":48},{"not_picked":["Recycle","Auto Shields"],"picked":"Machine Learning","floor":54}],"player_experience":1091659,"relics_obtained":[{"floor":4,"key":"Emotion Chip"},{"floor":9,"key":"Cables"},{"floor":10,"key":"DataDisk"},{"floor":13,"key":"Mercury Hourglass"},{"floor":26,"key":"Juzu Bracelet"},{"floor":27,"key":"Pocketwatch"},{"floor":30,"key":"Ancient Tea Set"},{"floor":31,"key":"Meat on the Bone"},{"floor":42,"key":"Calipers"},{"floor":54,"key":"Blue Candle"}],"event_choices":[{"damage_healed":0,"gold_gain":0,"player_choice":"Grow","damage_taken":0,"max_hp_gain":0,"max_hp_loss":0,"event_name":"Living Wall","floor":11,"gold_loss":0,"cards_upgraded":["Dualcast"]},{"damage_healed":25,"gold_gain":0,"player_choice":"Banana","damage_taken":0,"max_hp_gain":0,"max_hp_loss":0,"event_name":"Big Fish","floor":14,"gold_loss":0},{"damage_healed":0,"gold_gain":99,"player_choice":"Stole From Cult","damage_taken":0,"max_hp_gain":0,"max_hp_loss":0,"event_name":"Nest","floor":20,"gold_loss":0},{"damage_healed":0,"gold_gain":0,"player_choice":"Inject Mutagens","damage_taken":0,"relics_obtained":["MutagenicStrength"],"max_hp_gain":0,"max_hp_loss":0,"event_name":"Drug Dealer","floor":22,"gold_loss":0},{"damage_healed":0,"gold_gain":0,"player_choice":"Got Potions","damage_taken":0,"max_hp_gain":0,"max_hp_loss":0,"event_name":"Lab","floor":36,"gold_loss":0},{"cards_removed":["Steam"],"damage_healed":0,"gold_gain":0,"player_choice":"Purged","damage_taken":0,"max_hp_gain":0,"max_hp_loss":0,"event_name":"Purifier","floor":38,"gold_loss":0},{"cards_removed":["Defend_B"],"damage_healed":0,"gold_gain":0,"player_choice":"Upgrade and Remove","damage_taken":0,"max_hp_gain":0,"max_hp_loss":0,"event_name":"Designer","floor":41,"gold_loss":90,"cards_upgraded":["Self Repair"]},{"damage_healed":0,"gold_gain":0,"player_choice":"Memory 1","damage_taken":0,"max_hp_gain":0,"max_hp_loss":0,"event_name":"SensoryStone","floor":44,"gold_loss":0}],"is_beta":false,"boss_relics":[{"not_picked":["Velvet Choker","Fusion Hammer"],"picked":"Coffee Dripper"},{"not_picked":["FrozenCore","Orrery"],"picked":"Astrolabe"}],"items_purged_floors":[8,25,37,47],"is_endless":false,"potions_floor_spawned":[1,3,16,21,24,27,28,35,46,48],"killed_by":"The Heart","ascension_level":12}