{"gold_per_floor":[113,181,197,197,214,248,248,265,290,290,318,334,58,58,58,162,162,181,280,280,27,27,57,76,102,180,210,227,245,13,31,31,129,129,149,0,0,0,55,55,155,186,186,186,13,13,25,54,54,54],"floor_reached":51,"playtime":4419,"items_purged":["Strike_B","Defend_B"],"score":1358,"play_id":"13e4856b-6504-4009-b309-394cebb8e7c0","local_time":"20190628181825","is_ascension_mode":true,"campfire_choices":[{"data":"Zap","floor":7,"key":"SMITH"},{"floor":10,"key":"REST"},{"floor":15,"key":"REST"},{"data":"Defragment","floor":32,"key":"SMITH"},{"data":"1","floor":40,"key":"LIFT"},{"floor":44,"key":"RECALL"},{"data":"2","floor":46,"key":"LIFT"},{"data":"3","floor":49,"key":"LIFT"}],"neow_cost":"NONE","seed_source_timestamp":1207228565998431,"circlet_count":0,"master_deck":["AscendersBane","Strike_B","Strike_B+1","Defend_B","Defend_B","Defend_B","Zap+1","Dualcast+1","Double Energy","Turbo","Defragment+1","Steam","Beam Cell","Go for the Eyes+1","Coolheaded","Reboot","White Noise","Sweeping Beam","FTL","Cold Snap+1","Static Discharge","Tempest","Hologram+1","Defragment","Heatsinks+1","Seek","Hologram+1","Madness","Madness","Capacitor+1","Melter","Stack+1"],"relics":["Runic Pyramid","Pantograph","Gambling Chip","Omamori","Shuriken","Bag of Preparation","Thread and Needle","Nuclear Battery","Gremlin Horn","Centennial Puzzle","Bag of Marbles","Ornamental Fan","Potion Belt","Membership Card","Fusion Hammer","Red Mask","Girya","Calipers","Ginger","PreservedInsect","Whetstone","Anchor"],"potions_floor_usage":[8,11,16,16,24,27,33,33,50],"damage_taken":[{"damage":1,"enemies":"Cultist","floor":1,"turns":4},{"damage":3,"enemies":"Jaw Worm","floor":3,"turns":4},{"damage":0,"enemies":"Small Slimes","floor":5,"turns":5},{"damage":35,"enemies":"Lagavulin","floor":6,"turns":7},{"damage":1,"enemies":"Looter","floor":8,"turns":4},{"damage":35,"enemies":"3 Sentries","floor":11,"turns":10},{"damage":3,"enemies":"Blue Slaver","floor":12,"turns":4},{"damage":27,"enemies":"Slime Boss","floor":16,"turns":14},{"damage":5,"enemies":"Spheric Guardian","floor":18,"turns":5},{"damage":0,"enemies":"Gremlin Leader","floor":23,"turns":9},{"damage":0,"enemies":"2 Thieves","floor":24,"turns":4},{"damage":24,"enemies":"Slavers","floor":25,"turns":6},{"damage":0,"enemies":"Book of Stabbing","floor":27,"turns":6},{"damage":0,"enemies":"Snecko","floor":28,"turns":3},{"damage":2,"enemies":"Shelled Parasite and Fungi","floor":29,"turns":4},{"damage":2,"enemies":"Sentry and Sphere","floor":31,"turns":4},{"damage":22,"enemies":"Automaton","floor":33,"turns":14},{"damage":0,"enemies":"Orb Walker","floor":35,"turns":2},{"damage":1,"enemies":"2 Orb Walkers","floor":39,"turns":4},{"damage":0,"enemies":"Mind Bloom Boss Battle","floor":41,"turns":6},{"damage":0,"enemies":"Reptomancer","floor":42,"turns":4},{"damage":4,"enemies":"3 Shapes","floor":47,"turns":1},{"damage":0,"enemies":"Nemesis","floor":48,"turns":3},{"damage":9,"enemies":"Awakened One","floor":50,"turns":11}],"seed_played":"-6695826550050122036","potions_obtained":[{"floor":1,"key":"GamblersBrew"},{"floor":6,"key":"SpeedPotion"},{"floor":8,"key":"Poison Potion"},{"floor":11,"key":"Poison Potion"},{"floor":23,"key":"Swift Potion"},{"floor":25,"key":"Regen Potion"},{"floor":27,"key":"SpeedPotion"},{"floor":31,"key":"EssenceOfSteel"},{"floor":41,"key":"Weak Potion"},{"floor":42,"key":"EssenceOfSteel"}],"is_trial":false,"path_per_floor":["M","T","M","?","M","E","R","M","T","R","E","M","$","T","R","B",null,"M","?","?","$","?","E","M","E","T","E","M","M","$","M","R","B",null,"M","?","T","?","?","R","?","E","T","R","$","R","M","E","R","B",null],"character_chosen":"DEFECT","items_purchased":["Bag of Preparation","Coolheaded","Gremlin Horn","Membership Card","Defragment","Whetstone","SkillPotion","SkillPotion"],"campfire_rested":2,"item_purchase_floors":[13,13,21,30,30,45,45,45],"current_hp_per_floor":[67,67,64,64,64,29,29,28,28,50,15,12,12,12,34,32,64,59,59,59,59,59,59,59,35,35,50,50,48,48,46,46,49,69,69,69,69,60,59,59,75,75,75,75,75,75,71,71,71,66],"gold":54,"neow_bonus":"BOSS_RELIC","is_prod":false,"is_daily":false,"chose_seed":false,"campfire_upgraded":2,"win_rate":0,"timestamp":1561717105,"path_taken":["M","?","?","?","M","E","R","M","T","R","E","?","?","?","R","BOSS","M","?","?","$","?","E","M","E","T","E","M","M","$","?","R","BOSS","M","?","?","?","?","R","?","E","T","R","$","R","M","E","R","BOSS"],"build_version":"2019-01-23","purchased_purges":2,"victory":true,"max_hp_per_floor":[75,75,75,75,75,75,75,75,75,75,75,75,75,75,75,75,75,75,75,75,75,75,75,75,75,75,75,75,75,75,75,75,75,75,75,75,75,75,75,75,75,75,75,75,75,75,75,75,75,75],"card_choices":[{"not_picked":["Heatsinks","Leap"],"picked":"Double Energy","floor":1},{"not_picked":["Hello World","Stack"],"picked":"Turbo","floor":3},{"not_picked":["Force Field","Go for the Eyes"],"picked":"Defragment","floor":5},{"not_picked":["Hologram","Streamline"],"picked":"Steam","floor":6},{"not_picked":["Auto Shields","Turbo"],"picked":"Beam Cell","floor":8},{"not_picked":["Hologram","Reprogram","Beam Cell"],"picked":"SKIP","floor":11},{"not_picked":["Steam","Compile Driver"],"picked":"Go for the Eyes","floor":12},{"not_picked":["Fission","Meteor Strike"],"picked":"Reboot","floor":16},{"not_picked":["Sweeping Beam+1","Gash"],"picked":"White Noise","floor":18},{"not_picked":["Leap+1","BootSequence"],"picked":"FTL","floor":23},{"not_picked":["Chill","Leap"],"picked":"Cold Snap+1","floor":24},{"not_picked":["Rebound","Steam Power"],"picked":"Static Discharge","floor":25},{"not_picked":["Biased Cognition","Glacier"],"picked":"Tempest","floor":27},{"not_picked":["Lockon","Ball Lightning"],"picked":"Hologram+1","floor":28},{"not_picked":["Turbo","Barrage","Auto Shields"],"picked":"SKIP","floor":29},{"not_picked":["Coolheaded","Rebound"],"picked":"Heatsinks+1","floor":31},{"not_picked":["Meteor Strike","Rainbow"],"picked":"Seek","floor":33},{"not_picked":["Fusion","Conserve Battery"],"picked":"Hologram+1","floor":35},{"not_picked":["Auto Shields+1","Coolheaded+1"],"picked":"Capacitor+1","floor":41},{"not_picked":["Redo","Gash+1","Hello World+1"],"picked":"SKIP","floor":42},{"not_picked":["Go for the Eyes","Ball Lightning"],"picked":"Melter","floor":47},{"not_picked":["Steam Power","Ball Lightning"],"picked":"Stack+1","floor":48}],"player_experience":1087240,"relics_obtained":[{"floor":2,"key":"Pantograph"},{"floor":6,"key":"Gambling Chip"},{"floor":9,"key":"Omamori"},{"floor":11,"key":"Shuriken"},{"floor":14,"key":"Thread and Needle"},{"floor":23,"key":"Centennial Puzzle"},{"floor":25,"key":"Bag of Marbles"},{"floor":26,"key":"Ornamental Fan"},{"floor":27,"key":"Potion Belt"},{"floor":37,"key":"Girya"},{"floor":39,"key":"Calipers"},{"floor":41,"key":"Ginger"},{"floor":42,"key":"PreservedInsect"},{"floor":48,"key":"Anchor"}],"event_choices":[{"cards_removed":["Strike_B"],"damage_healed":0,"gold_gain":0,"player_choice":"Purged","damage_taken":0,"max_hp_gain":0,"max_hp_loss":0,"event_name":"Purifier","floor":4,"gold_loss":0},{"damage_healed":0,"gold_gain":99,"player_choice":"Stole From Cult","damage_taken":0,"max_hp_gain":0,"max_hp_loss":0,"event_name":"Nest","floor":19,"gold_loss":0},{"damage_healed":0,"gold_gain":0,"player_choice":"Read","damage_taken":0,"max_hp_gain":0,"max_hp_loss":0,"event_name":"The Library","floor":20,"gold_loss":0,"cards_obtained":["Sweeping Beam"]},{"damage_healed":0,"gold_gain":0,"player_choice":"Upgraded","damage_taken":0,"max_hp_gain":0,"max_hp_loss":0,"event_name":"Upgrade Shrine","floor":22,"gold_loss":0,"cards_upgraded":["Dualcast"]},{"damage_healed":0,"gold_gain":0,"player_choice":"Paid","damage_taken":0,"relics_obtained":["Red Mask"],"max_hp_gain":0,"max_hp_loss":0,"event_name":"Tomb of Lord Red Mask","floor":36,"gold_loss":149},{"damage_healed":0,"gold_gain":0,"player_choice":"Embrace Madness","damage_taken":9,"max_hp_gain":0,"max_hp_loss":0,"event_name":"Winding Halls","floor":38,"gold_loss":0,"cards_obtained":["Madness","Madness"]},{"damage_healed":0,"gold_gain":0,"player_choice":"Fight","damage_taken":0,"max_hp_gain":0,"max_hp_loss":0,"event_name":"Mysterious Sphere","floor":39,"gold_loss":0},{"damage_healed":0,"gold_gain":0,"player_choice":"Fight","damage_taken":0,"max_hp_gain":0,"max_hp_loss":0,"event_name":"MindBloom","floor":41,"gold_loss":0}],"is_beta":false,"boss_relics":[{"not_picked":["Coffee Dripper","Pandora\u0027s Box"],"picked":"Nuclear Battery"},{"not_picked":["Empty Cage","Lizard Tail"],"picked":"Fusion Hammer"}],"items_purged_floors":[13,45],"is_endless":false,"potions_floor_spawned":[1,6,8,11,23,25,27,31,41,42],"ascension_level":11}