{"gold_per_floor":[111,111,130,130,141,141,170,180,204,221,238,238,27,39,39,118,118,130,55,55,71,84,84,117,117,117,128,138,173,173,8,8,84,84,98,0,17,17,17,17,29,29,82,92,127,145,145,145],"floor_reached":48,"playtime":2886,"items_purged":["Strike_B"],"score":1025,"play_id":"1c44a9e5-118c-4147-ba01-1d0802228d8f","local_time":"20190705160253","is_ascension_mode":true,"campfire_choices":[{"data":"Dualcast","floor":6,"key":"SMITH"},{"data":"Glacier","floor":12,"key":"SMITH"},{"floor":15,"key":"REST"},{"data":"Go for the Eyes","floor":23,"key":"SMITH"},{"data":"Thunder Strike","floor":25,"key":"SMITH"},{"data":"Hologram","floor":30,"key":"SMITH"},{"data":"Loop","floor":32,"key":"SMITH"},{"data":"Seek","floor":40,"key":"SMITH"},{"data":"Deep Breath","floor":42,"key":"SMITH"},{"data":"Strike_B","floor":47,"key":"PURGE"}],"neow_cost":"NONE","seed_source_timestamp":533028831442812,"circlet_count":0,"master_deck":["AscendersBane","Defend_B","Defend_B+1","Defend_B+1","Defend_B","Zap+1","Dualcast+1","Ball Lightning","Beam Cell","Ball Lightning","Rebound","Go for the Eyes+1","Tempest","Glacier+1","Cold Snap","Thunder Strike+1","Steam+1","Hologram+1","Cold Snap","Redo+1","Conserve Battery","Loop+1","Seek+1","Redo+1","Turbo+1","Deep Breath+1","Chill+1","Redo+1"],"relics":["Cracked Core","CultistMask","War Paint","Strawberry","Chemical X","Coffee Dripper","Dream Catcher","Sundial","Ornamental Fan","DataDisk","Philosopher\u0027s Stone","Red Mask","Boot","Peace Pipe"],"potions_floor_usage":[16,16,21,27,33,41,45,48,48],"damage_taken":[{"damage":1,"enemies":"Cultist","floor":1,"turns":3},{"damage":10,"enemies":"Small Slimes","floor":3,"turns":3},{"damage":0,"enemies":"2 Louse","floor":5,"turns":2},{"damage":31,"enemies":"Gremlin Nob","floor":7,"turns":4},{"damage":14,"enemies":"Exordium Wildlife","floor":8,"turns":2},{"damage":0,"enemies":"Large Slime","floor":10,"turns":3},{"damage":6,"enemies":"Exordium Thugs","floor":11,"turns":3},{"damage":2,"enemies":"3 Louse","floor":14,"turns":2},{"damage":0,"enemies":"Slime Boss","floor":16,"turns":7},{"damage":0,"enemies":"Spheric Guardian","floor":18,"turns":4},{"damage":1,"enemies":"3 Byrds","floor":21,"turns":4},{"damage":2,"enemies":"Centurion and Healer","floor":22,"turns":7},{"damage":13,"enemies":"Gremlin Leader","floor":24,"turns":7},{"damage":7,"enemies":"Snake Plant","floor":27,"turns":3},{"damage":0,"enemies":"Shelled Parasite and Fungi","floor":28,"turns":4},{"damage":8,"enemies":"Book of Stabbing","floor":29,"turns":6},{"damage":16,"enemies":"Champ","floor":33,"turns":6},{"damage":0,"enemies":"3 Shapes","floor":35,"turns":4},{"damage":0,"enemies":"Orb Walker","floor":37,"turns":3},{"damage":19,"enemies":"Transient","floor":41,"turns":6},{"damage":7,"enemies":"4 Shapes","floor":44,"turns":4},{"damage":23,"enemies":"Nemesis","floor":45,"turns":4},{"damage":21,"enemies":"Spire Growth","floor":46,"turns":5},{"damage":15,"enemies":"3 Darklings","floor":48,"turns":2}],"seed_played":"-3675019083430422892","potions_obtained":[{"floor":5,"key":"Ancient Potion"},{"floor":7,"key":"Ancient Potion"},{"floor":14,"key":"Regen Potion"},{"floor":16,"key":"EssenceOfSteel"},{"floor":22,"key":"EssenceOfSteel"},{"floor":24,"key":"Poison Potion"},{"floor":27,"key":"GamblersBrew"},{"floor":29,"key":"Strength Potion"},{"floor":35,"key":"SteroidPotion"},{"floor":44,"key":"Dexterity Potion"},{"floor":46,"key":"Swift Potion"}],"is_trial":false,"path_per_floor":["M","?","M","?","M","R","E","M","T","M","M","R","$","M","R","B",null,"M","$","?","M","M","R","E","R","T","M","M","E","R","$","R","B",null,"M","?","M","?","?","R","M","R","T","M","E","M","R","M"],"character_chosen":"DEFECT","items_purchased":["Chemical X","DataDisk"],"campfire_rested":1,"item_purchase_floors":[13,31],"current_hp_per_floor":[63,63,53,53,53,53,22,8,15,15,9,9,9,7,30,45,70,70,70,70,69,67,67,54,54,54,47,47,39,39,39,39,23,64,64,64,64,64,78,78,59,59,59,52,29,8,8,0],"gold":145,"neow_bonus":"UPGRADE_CARD","is_prod":false,"is_daily":false,"chose_seed":false,"campfire_upgraded":8,"win_rate":0,"timestamp":1562313773,"path_taken":["M","?","?","?","M","R","E","M","T","M","M","R","$","M","R","BOSS","M","$","?","M","M","R","E","R","T","M","M","E","R","$","R","BOSS","M","?","M","?","?","R","M","R","T","M","E","M","R","M"],"build_version":"2019-07-01","purchased_purges":1,"victory":false,"max_hp_per_floor":[71,71,71,71,71,71,71,71,78,78,78,78,78,78,78,78,78,78,78,78,78,78,78,78,78,78,78,78,78,78,78,78,78,78,78,78,78,78,78,78,78,78,78,78,78,78,78,78],"card_choices":[{"not_picked":["Turbo","Storm"],"picked":"Ball Lightning","floor":1},{"not_picked":["Auto Shields","Redo"],"picked":"Beam Cell","floor":3},{"not_picked":["Go for the Eyes","Beam Cell"],"picked":"Ball Lightning","floor":5},{"not_picked":["Hello World","Turbo"],"picked":"Rebound","floor":7},{"not_picked":["Streamline","Gash"],"picked":"Go for the Eyes","floor":8},{"not_picked":["Barrage","Go for the Eyes"],"picked":"Tempest","floor":10},{"not_picked":["Beam Cell","Capacitor"],"picked":"Glacier","floor":11},{"not_picked":["Leap","Ball Lightning"],"picked":"Cold Snap","floor":14},{"not_picked":["Multi-Cast","Hyperbeam"],"picked":"Thunder Strike","floor":16},{"not_picked":["Conserve Battery","Capacitor"],"picked":"Steam+1","floor":18},{"not_picked":["Sweeping Beam","Lockon"],"picked":"Hologram","floor":21},{"not_picked":["Steam","Fission"],"picked":"Cold Snap","floor":22},{"not_picked":["Gash","Turbo"],"picked":"Redo+1","floor":24},{"not_picked":["Genetic Algorithm","Sweeping Beam"],"picked":"Conserve Battery","floor":27},{"not_picked":["Rebound","Steam"],"picked":"Loop","floor":28},{"not_picked":["Amplify","Rebound","Sunder"],"picked":"SKIP","floor":29},{"not_picked":["Buffer","Thunder Strike"],"picked":"Seek","floor":33},{"not_picked":["Steam","Cold Snap"],"picked":"Redo+1","floor":35},{"not_picked":["Scrape","Coolheaded"],"picked":"Turbo+1","floor":37},{"not_picked":["Trip","Mind Blast"],"picked":"Deep Breath","floor":38},{"not_picked":["Hologram","Leap"],"picked":"Chill+1","floor":41},{"not_picked":["Rebound","Cold Snap"],"picked":"Redo+1","floor":44},{"not_picked":["Beam Cell","Ball Lightning","Sweeping Beam"],"picked":"SKIP","floor":45},{"not_picked":["Barrage","Go for the Eyes","Sunder"],"picked":"SKIP","floor":46}],"player_experience":1187298,"relics_obtained":[{"floor":7,"key":"War Paint"},{"floor":9,"key":"Strawberry"},{"floor":24,"key":"Dream Catcher"},{"floor":26,"key":"Sundial"},{"floor":29,"key":"Ornamental Fan"},{"floor":43,"key":"Boot"},{"floor":45,"key":"Peace Pipe"}],"event_choices":[{"damage_healed":0,"gold_gain":0,"player_choice":"Trade","damage_taken":0,"relics_obtained":["CultistMask"],"max_hp_gain":0,"max_hp_loss":0,"event_name":"FaceTrader","floor":2,"gold_loss":0},{"cards_removed":["Strike_B"],"damage_healed":0,"gold_gain":0,"player_choice":"Forget","damage_taken":0,"max_hp_gain":0,"max_hp_loss":0,"event_name":"Living Wall","floor":4,"gold_loss":0},{"cards_removed":["Strike_B"],"damage_healed":0,"gold_gain":0,"player_choice":"Elegance","damage_taken":0,"max_hp_gain":0,"max_hp_loss":0,"event_name":"Back to Basics","floor":20,"gold_loss":0},{"damage_healed":0,"gold_gain":0,"player_choice":"Paid","damage_taken":0,"relics_obtained":["Red Mask"],"max_hp_gain":0,"max_hp_loss":0,"event_name":"Tomb of Lord Red Mask","floor":36,"gold_loss":98},{"damage_healed":0,"gold_gain":0,"player_choice":"Memory 1","damage_taken":0,"max_hp_gain":0,"max_hp_loss":0,"event_name":"SensoryStone","floor":38,"gold_loss":0},{"damage_healed":14,"gold_gain":0,"player_choice":"Full Heal","damage_taken":0,"max_hp_gain":0,"max_hp_loss":0,"event_name":"Wheel of Change","floor":39,"gold_loss":0}],"is_beta":false,"boss_relics":[{"not_picked":["Black Star","Runic Pyramid"],"picked":"Coffee Dripper"},{"not_picked":["White Beast Statue","Astrolabe"],"picked":"Philosopher\u0027s Stone"}],"items_purged_floors":[19],"is_endless":false,"potions_floor_spawned":[5,7,14,16,22,24,27,29,35,44,46],"killed_by":"3 Darklings","ascension_level":17}