{"gold_per_floor":[116,116,132,132,132,132,14,43,96,107,107,107,121,156,156,276,276,295,295,318,359,375,413,413,413,413,8,26,70,70,70,70,201,201,225,52,52,177,177,221,252,280,292,323,350,362,414,475,487,499],"floor_reached":51,"playtime":5221,"items_purged":[],"score":856,"play_id":"9bb91bda-a5e4-487f-b8ff-a29c2d6ba116","local_time":"20190705082136","is_ascension_mode":false,"campfire_choices":[{"data":"Neutralize","floor":6,"key":"SMITH"},{"floor":15,"key":"REST"},{"data":"Jack Of All Trades","floor":24,"key":"SMITH"},{"data":"Noxious Fumes","floor":32,"key":"SMITH"},{"data":"Discovery","floor":46,"key":"SMITH"},{"data":"Prepared","floor":49,"key":"SMITH"}],"neow_cost":"NONE","seed_source_timestamp":138221947582152,"circlet_count":0,"master_deck":["Strike_G+1","Strike_G+1","Strike_G","Strike_G","Defend_G","Defend_G","Defend_G","Defend_G+1","Defend_G","Survivor","Neutralize+1","Malaise","Bouncing Flask+1","Heel Hook+1","Noxious Fumes+1","Escape Plan","Distraction","Masterful Stab","Calculated Gamble","Blur","After Image","Masterful Stab","Jack Of All Trades+1","Outmaneuver","Dagger Spray","Dodge and Roll+1","Calculated Gamble+1","RitualDagger","Prepared+1","Infinite Blades","Shame","Malaise","Infinite Blades+1","Corpse Explosion","Discovery+1","Slice+1","Bane+1","Tactician","Tools of the Trade","Footwork+1","All Out Attack+1","Reflex+1"],"relics":["Ring of the Snake","FossilizedHelix","Bag of Preparation","Golden Idol","Gambling Chip","Sozu","Thread and Needle","Vajra","Snake Skull","Ninja Scroll","Molten Egg 2","Pen Nib","Black Star","WingedGreaves","Pear","Potion Belt","MawBank","Tingsha","Pantograph","Whetstone","Frozen Egg 2","Happy Flower"],"potions_floor_usage":[13,50],"damage_taken":[{"damage":6,"enemies":"Jaw Worm","floor":1,"turns":5},{"damage":7,"enemies":"2 Louse","floor":3,"turns":3},{"damage":9,"enemies":"Lagavulin","floor":8,"turns":7},{"damage":0,"enemies":"Small Slimes","floor":10,"turns":3},{"damage":14,"enemies":"3 Louse","floor":13,"turns":3},{"damage":12,"enemies":"Gremlin Nob","floor":14,"turns":4},{"damage":3,"enemies":"The Guardian","floor":16,"turns":8},{"damage":6,"enemies":"3 Byrds","floor":18,"turns":5},{"damage":0,"enemies":"Shell Parasite","floor":20,"turns":4},{"damage":0,"enemies":"Snake Plant","floor":21,"turns":4},{"damage":0,"enemies":"Chosen and Byrds","floor":22,"turns":5},{"damage":0,"enemies":"Book of Stabbing","floor":23,"turns":6},{"damage":0,"enemies":"Snecko","floor":28,"turns":4},{"damage":2,"enemies":"Gremlin Leader","floor":29,"turns":5},{"damage":35,"enemies":"Automaton","floor":33,"turns":10},{"damage":17,"enemies":"3 Shapes","floor":35,"turns":8},{"damage":0,"enemies":"Mind Bloom Boss Battle","floor":38,"turns":5},{"damage":12,"enemies":"Giant Head","floor":40,"turns":8},{"damage":0,"enemies":"Reptomancer","floor":41,"turns":6},{"damage":5,"enemies":"3 Darklings","floor":42,"turns":5},{"damage":0,"enemies":"Sphere and 2 Shapes","floor":44,"turns":3},{"damage":0,"enemies":"Transient","floor":45,"turns":5},{"damage":41,"enemies":"Giant Head","floor":47,"turns":7},{"damage":41,"enemies":"Donu and Deca","floor":50,"turns":10}],"seed_played":"-1477713997535360711","potions_obtained":[{"floor":1,"key":"Dexterity Potion"},{"floor":8,"key":"Regen Potion"}],"is_trial":false,"path_per_floor":["M","?","M","?","?","R","$","E","T","M","?","?","M","E","R","B",null,"M","?","M","M","M","E","R","?","T","$","M","E","?","$","R","B",null,"M","$","?","?","?","E","E","M","T","M","M","R","E","T","R","B",null],"character_chosen":"THE_SILENT","items_purchased":["Noxious Fumes","Escape Plan","Snake Skull","Ninja Scroll","Corpse Explosion","Discovery"],"campfire_rested":1,"item_purchase_floors":[7,7,27,27,36,36],"current_hp_per_floor":[64,64,57,43,43,43,43,34,34,34,34,17,15,3,24,21,70,64,64,64,64,64,64,64,58,58,58,58,56,56,56,56,21,70,53,53,53,53,70,68,68,63,63,63,63,63,22,22,22,6],"gold":511,"neow_bonus":"ONE_RANDOM_RARE_CARD","is_prod":false,"is_daily":false,"chose_seed":false,"campfire_upgraded":5,"win_rate":0.0,"timestamp":1562278896,"path_taken":["M","?","M","?","?","R","?","E","T","M","?","?","?","E","R","BOSS","M","?","M","?","M","E","R","?","T","?","?","E","?","$","R","BOSS","M","$","?","?","?","E","E","M","T","M","?","R","E","?","R","BOSS"],"build_version":"2019-07-01","purchased_purges":0,"victory":true,"max_hp_per_floor":[70,70,70,70,70,70,70,70,70,70,70,70,70,70,70,70,70,70,70,70,70,70,70,70,70,70,70,70,70,70,70,70,70,70,70,70,70,70,70,80,80,80,80,80,80,80,80,80,80,80],"card_choices":[{"not_picked":["Flying Knee","Well Laid Plans"],"picked":"Bouncing Flask","floor":1},{"not_picked":["Prepared","Blade Dance"],"picked":"Heel Hook","floor":3},{"not_picked":["Prepared","Bullet Time"],"picked":"Distraction","floor":8},{"not_picked":["Crippling Poison","Flying Knee"],"picked":"Masterful Stab","floor":10},{"not_picked":["Poisoned Stab","Sucker Punch"],"picked":"Calculated Gamble","floor":13},{"not_picked":["Underhanded Strike","Outmaneuver"],"picked":"Blur","floor":14},{"not_picked":["Night Terror","Doppelganger"],"picked":"After Image","floor":16},{"not_picked":["Acrobatics","Backflip"],"picked":"Masterful Stab","floor":18},{"not_picked":["Acrobatics","Bane"],"picked":"Outmaneuver","floor":20},{"not_picked":["Dagger Throw","Night Terror"],"picked":"Dagger Spray","floor":21},{"not_picked":["Underhanded Strike","Deadly Poison"],"picked":"Dodge and Roll+1","floor":22},{"not_picked":["Reflex","Sucker Punch"],"picked":"Calculated Gamble+1","floor":23},{"not_picked":["Heel Hook","Leg Sweep"],"picked":"Prepared","floor":28},{"not_picked":["Sucker Punch","Blade Dance"],"picked":"Infinite Blades","floor":29},{"not_picked":["Envenom","Phantasmal Killer"],"picked":"Malaise","floor":33},{"not_picked":["Outmaneuver","Dagger Spray+1"],"picked":"Infinite Blades+1","floor":35},{"not_picked":["Blur","Bane+1"],"picked":"Slice+1","floor":38},{"not_picked":["Dodge and Roll+1","Riddle With Holes+1"],"picked":"Bane+1","floor":40},{"not_picked":["PiercingWail","Skewer+1"],"picked":"Tactician","floor":41},{"not_picked":["Underhanded Strike+1","Dagger Spray+1"],"picked":"Tools of the Trade","floor":42},{"not_picked":["Underhanded Strike+1","Blade Dance"],"picked":"Footwork+1","floor":44},{"not_picked":["Finisher+1","Eviscerate+1"],"picked":"All Out Attack+1","floor":45},{"not_picked":["Poisoned Stab+1","Leg Sweep"],"picked":"Reflex+1","floor":47}],"player_experience":24203,"relics_obtained":[{"floor":8,"key":"FossilizedHelix"},{"floor":9,"key":"Bag of Preparation"},{"floor":14,"key":"Gambling Chip"},{"floor":23,"key":"Thread and Needle"},{"floor":26,"key":"Vajra"},{"floor":29,"key":"Molten Egg 2"},{"floor":38,"key":"WingedGreaves"},{"floor":40,"key":"Pear"},{"floor":40,"key":"Potion Belt"},{"floor":41,"key":"MawBank"},{"floor":41,"key":"Tingsha"},{"floor":43,"key":"Pantograph"},{"floor":47,"key":"Whetstone"},{"floor":47,"key":"Frozen Egg 2"},{"floor":48,"key":"Happy Flower"}],"event_choices":[{"damage_healed":0,"gold_gain":0,"player_choice":"Ignored","damage_taken":0,"max_hp_gain":0,"max_hp_loss":0,"event_name":"Liars Game","floor":2,"gold_loss":0},{"damage_healed":0,"gold_gain":0,"player_choice":"Entered Light","damage_taken":14,"max_hp_gain":0,"max_hp_loss":0,"event_name":"Shining Light","floor":4,"gold_loss":0,"cards_upgraded":["Defend_G","Strike_G"]},{"damage_healed":0,"gold_gain":0,"player_choice":"Grow","damage_taken":0,"max_hp_gain":0,"max_hp_loss":0,"event_name":"Living Wall","floor":5,"gold_loss":0,"cards_upgraded":["Bouncing Flask"]},{"damage_healed":0,"gold_gain":0,"player_choice":"Leave","damage_taken":0,"max_hp_gain":0,"max_hp_loss":0,"event_name":"The Cleric","floor":11,"gold_loss":0},{"damage_healed":0,"gold_gain":0,"player_choice":"Take Damage","damage_taken":17,"relics_obtained":["Golden Idol"],"max_hp_gain":0,"max_hp_loss":0,"event_name":"Golden Idol","floor":12,"gold_loss":0},{"damage_healed":0,"gold_gain":0,"player_choice":"1 cards matched","damage_taken":0,"max_hp_gain":0,"max_hp_loss":0,"event_name":"Match and Keep!","floor":19,"gold_loss":0,"cards_obtained":["Jack Of All Trades"]},{"damage_healed":0,"gold_gain":0,"player_choice":"Joined the Cult","damage_taken":6,"max_hp_gain":0,"max_hp_loss":0,"event_name":"Nest","floor":25,"gold_loss":0,"cards_obtained":["RitualDagger"]},{"damage_healed":0,"gold_gain":0,"player_choice":"Stole Relic","damage_taken":0,"relics_obtained":["Pen Nib"],"max_hp_gain":0,"max_hp_loss":0,"event_name":"Addict","floor":30,"gold_loss":0,"cards_obtained":["Shame"]},{"cards_removed":["Strike_G"],"damage_healed":0,"gold_gain":0,"player_choice":"Removed Attack","damage_taken":0,"max_hp_gain":0,"max_hp_loss":0,"event_name":"Falling","floor":37,"gold_loss":0},{"damage_healed":0,"gold_gain":0,"player_choice":"Fight","damage_taken":0,"max_hp_gain":0,"max_hp_loss":0,"event_name":"MindBloom","floor":38,"gold_loss":0},{"damage_healed":17,"gold_gain":0,"player_choice":"Full Heal","damage_taken":0,"max_hp_gain":0,"max_hp_loss":0,"event_name":"Wheel of Change","floor":39,"gold_loss":0}],"is_beta":false,"boss_relics":[{"not_picked":["Ectoplasm","Velvet Choker"],"picked":"Sozu"},{"not_picked":["Busted Crown","Runic Dome"],"picked":"Black Star"}],"items_purged_floors":[],"is_endless":false,"potions_floor_spawned":[1,8,18,21,23,28,35,40,42,45],"ascension_level":0}