{"gold_per_floor":[111,121,136,90,90,90,100,100,100,100,51,61,61,73,73,178,178,149,74,94,107,117,117,135,135,135,135,50,64,64,74,74,174,174,189,237,46,46,46,46,46],"floor_reached":41,"playtime":2954,"items_purged":[],"score":383,"play_id":"f5a9a8c8-89e5-4d13-87f9-0b5a482f3b6d","local_time":"20190630162020","is_ascension_mode":false,"campfire_choices":[{"data":"Armaments","floor":6,"key":"SMITH"},{"data":"Rage","floor":13,"key":"SMITH"},{"data":"Searing Blow","floor":15,"key":"SMITH"},{"floor":23,"key":"REST"},{"floor":25,"key":"REST"},{"floor":27,"key":"REST"},{"data":"Corruption","floor":30,"key":"SMITH"},{"floor":32,"key":"REST"},{"floor":40,"key":"REST"}],"neow_cost":"NONE","seed_source_timestamp":696386459926669,"circlet_count":0,"master_deck":["Strike_R","Strike_R","Strike_R+1","Strike_R","Strike_R","Defend_R","Defend_R","Defend_R","Bash","Armaments+1","Anger+1","Rage+1","Flex","Inflame","Heavy Blade","Searing Blow+1","Barricade","Rage+1","Twin Strike+1","Iron Wave","Cleave+1","Iron Wave+1","Corruption+1","Sentinel","Double Tap","Flex+1","Clash+1"],"relics":["Burning Blood","Letter Opener","Runic Pyramid","Dodecahedron","Mercury Hourglass","Sozu","Magic Flower","Chemical X"],"potions_floor_usage":[3,16,16,16,33,33,36],"damage_taken":[{"damage":14,"enemies":"2 Louse","floor":1,"turns":3},{"damage":7,"enemies":"Cultist","floor":2,"turns":5},{"damage":1,"enemies":"Jaw Worm","floor":3,"turns":2},{"damage":3,"enemies":"Blue Slaver","floor":7,"turns":4},{"damage":5,"enemies":"Looter","floor":12,"turns":2},{"damage":8,"enemies":"Red Slaver","floor":14,"turns":2},{"damage":25,"enemies":"Slime Boss","floor":16,"turns":8},{"damage":63,"enemies":"2 Thieves","floor":18,"turns":5},{"damage":0,"enemies":"Chosen","floor":20,"turns":4},{"damage":19,"enemies":"Snake Plant","floor":21,"turns":5},{"damage":19,"enemies":"Centurion and Healer","floor":22,"turns":6},{"damage":38,"enemies":"Shelled Parasite and Fungi","floor":24,"turns":6},{"damage":3,"enemies":"Snecko","floor":29,"turns":5},{"damage":16,"enemies":"Centurion and Healer","floor":31,"turns":5},{"damage":75,"enemies":"Automaton","floor":33,"turns":10},{"damage":0,"enemies":"Orb Walker","floor":35,"turns":4},{"damage":53,"enemies":"2 Orb Walkers","floor":36,"turns":6},{"damage":73,"enemies":"Reptomancer","floor":41,"turns":2}],"seed_played":"-5370577318593699682","potions_obtained":[{"floor":2,"key":"Fire Potion"},{"floor":10,"key":"Strength Potion"},{"floor":10,"key":"Energy Potion"},{"floor":10,"key":"FearPotion"},{"floor":12,"key":"Ancient Potion"},{"floor":14,"key":"SteroidPotion"},{"floor":21,"key":"Strength Potion"},{"floor":24,"key":"LiquidBronze"},{"floor":33,"key":"SkillPotion"}],"is_trial":false,"path_per_floor":["M","M","M","$","?","R","M","?","T","?","$","M","R","M","R","B",null,"M","?","M","M","M","R","M","R","T","R","?","M","R","M","R","B",null,"M","?","$","?","?","R","E"],"character_chosen":"IRONCLAD","items_purchased":["Flex","Heavy Blade","Chemical X"],"campfire_rested":5,"item_purchase_floors":[4,11,37],"current_hp_per_floor":[80,79,84,84,89,89,92,73,73,73,73,74,74,72,72,53,93,36,36,42,29,16,43,11,38,38,65,65,68,68,58,85,16,93,93,46,46,46,46,73,0],"gold":46,"neow_bonus":"TEN_PERCENT_HP_BONUS","is_prod":false,"is_daily":false,"chose_seed":false,"campfire_upgraded":4,"win_rate":0.0,"timestamp":1561936820,"path_taken":["M","M","M","$","?","R","M","?","T","?","$","M","R","?","R","BOSS","M","?","M","M","M","R","M","R","T","R","?","M","R","M","R","BOSS","M","?","$","?","?","R","E"],"build_version":"2019-01-23","purchased_purges":0,"victory":false,"max_hp_per_floor":[88,88,88,88,93,93,93,93,93,93,93,93,93,93,93,93,93,93,93,93,93,93,93,93,93,93,93,93,93,93,93,93,93,93,93,93,93,93,93,93,93],"card_choices":[{"not_picked":["Shrug It Off","Sword Boomerang"],"picked":"Armaments","floor":1},{"not_picked":["Perfected Strike","Warcry"],"picked":"Anger","floor":2},{"not_picked":["Dual Wield","Shockwave"],"picked":"Rage","floor":3},{"not_picked":["Heavy Blade","Fire Breathing"],"picked":"Inflame","floor":7},{"not_picked":["Uppercut","Rupture"],"picked":"Feel No Pain","floor":12},{"not_picked":["Evolve","Perfected Strike"],"picked":"Searing Blow","floor":14},{"not_picked":["Dark Embrace","Limit Break"],"picked":"Barricade","floor":16},{"not_picked":["Burning Pact","Havoc+1"],"picked":"Rage+1","floor":18},{"not_picked":["Evolve","Warcry"],"picked":"Twin Strike+1","floor":20},{"not_picked":["Evolve","Feel No Pain"],"picked":"Iron Wave","floor":21},{"not_picked":["Pommel Strike","Headbutt+1"],"picked":"Cleave+1","floor":22},{"not_picked":["Second Wind+1","Armaments"],"picked":"Iron Wave+1","floor":24},{"not_picked":["Sentinel","Searing Blow+1"],"picked":"Corruption","floor":29},{"not_picked":["Havoc","Headbutt"],"picked":"Sentinel","floor":31},{"not_picked":["Brutality","Bludgeon"],"picked":"Double Tap","floor":33},{"not_picked":["Iron Wave","Clash+1"],"picked":"Flex+1","floor":35},{"not_picked":["Wild Strike+1","Twin Strike+1"],"picked":"Clash+1","floor":36}],"player_experience":48098,"relics_obtained":[{"floor":9,"key":"Letter Opener"},{"floor":26,"key":"Dodecahedron"},{"floor":36,"key":"Magic Flower"}],"event_choices":[{"damage_healed":0,"gold_gain":0,"player_choice":"Donut","damage_taken":0,"max_hp_gain":5,"max_hp_loss":0,"event_name":"Big Fish","floor":5,"gold_loss":0},{"damage_healed":0,"gold_gain":0,"player_choice":"Entered Light","damage_taken":19,"max_hp_gain":0,"max_hp_loss":0,"event_name":"Shining Light","floor":8,"gold_loss":0,"cards_upgraded":["Anger","Strike_R"]},{"damage_healed":0,"gold_gain":0,"player_choice":"Got Potions","damage_taken":0,"max_hp_gain":0,"max_hp_loss":0,"event_name":"Lab","floor":10,"gold_loss":0},{"cards_removed":["Feel No Pain"],"damage_healed":0,"gold_gain":0,"player_choice":"Gave Gold","damage_taken":0,"max_hp_gain":0,"max_hp_loss":0,"event_name":"Beggar","floor":19,"gold_loss":75},{"damage_healed":0,"gold_gain":0,"player_choice":"Obtained Relic","damage_taken":0,"relics_obtained":["Mercury Hourglass"],"max_hp_gain":0,"max_hp_loss":0,"event_name":"Addict","floor":28,"gold_loss":85},{"damage_healed":0,"gold_gain":0,"player_choice":"Fight","damage_taken":0,"max_hp_gain":0,"max_hp_loss":0,"event_name":"Mysterious Sphere","floor":36,"gold_loss":0},{"cards_removed":["Defend_R"],"damage_healed":0,"gold_gain":0,"player_choice":"Removed Skill","damage_taken":0,"max_hp_gain":0,"max_hp_loss":0,"event_name":"Falling","floor":38,"gold_loss":0},{"damage_healed":0,"gold_gain":0,"player_choice":"Ignored","damage_taken":0,"max_hp_gain":0,"max_hp_loss":0,"event_name":"SecretPortal","floor":39,"gold_loss":0}],"is_beta":false,"boss_relics":[{"not_picked":["Black Blood","Eternal Feather"],"picked":"Runic Pyramid"},{"not_picked":["Coffee Dripper","Black Star"],"picked":"Sozu"}],"items_purged_floors":[],"is_endless":false,"potions_floor_spawned":[2,12,14,21,24,33,35],"killed_by":"Reptomancer","ascension_level":0}