{"gold_per_floor":[109,124,142,159,171,196,196,223,246,272,288,82,97,123,123,194,244,263,277,34,52,71,100,100,112,137,64,64,64,82,92,92,166,166,183,183,236,256,272,272,272,272,272,272,291,302,56,67,67,67],"floor_reached":51,"playtime":5024,"items_purged":[],"score":1154,"play_id":"3e50a068-6ede-4eb2-ac49-7e5bf31b2531","local_time":"20190706002845","is_ascension_mode":true,"campfire_choices":[{"floor":7.0,"key":"REST"},{"floor":15.0,"key":"REST"},{"floor":24.0,"key":"REST"},{"floor":28.0,"key":"REST"},{"floor":32.0,"key":"REST"},{"floor":40.0,"key":"REST"},{"data":"Terror","floor":42.0,"key":"SMITH"},{"floor":49,"key":"REST"}],"neow_cost":"PERCENT_DAMAGE","seed_source_timestamp":643317718942700,"circlet_count":0,"master_deck":["AscendersBane","Strike_G","Strike_G","Strike_G","Strike_G","Strike_G","Defend_G","Defend_G","Defend_G+1","Defend_G","Defend_G","Survivor","Neutralize","Noxious Fumes","Sucker Punch","Bane","Deflect","Dash+1","Bouncing Flask+1","Infinite Blades+1","Noxious Fumes+1","PiercingWail","Terror+1","Bane","Malaise","Riddle With Holes","Escape Plan+1","Well Laid Plans+1","Bullet Time+1","Dodge and Roll+1","Footwork+1","Leg Sweep+1","Corpse Explosion+1","Clumsy","Bane+1","Backflip+1","Sucker Punch+1","Finesse+1","PiercingWail+1","Backflip+1","Apotheosis+1","Parasite"],"special_seed":0,"relics":["Ring of the Snake","Frozen Egg 2","Blood Vial","Vajra","Art of War","Omamori","Odd Mushroom","Tiny House","Toxic Egg 2","Oddly Smooth Stone","War Paint","Calling Bell","Molten Egg 2","FossilizedHelix","Bag of Preparation","Pocketwatch","Question Card"],"potions_floor_usage":[46,50,50],"damage_taken":[{"damage":1.0,"enemies":"2 Louse","floor":1.0,"turns":6.0},{"damage":1.0,"enemies":"Small Slimes","floor":2.0,"turns":4.0},{"damage":0.0,"enemies":"Cultist","floor":3.0,"turns":5.0},{"damage":0.0,"enemies":"Looter","floor":4.0,"turns":4.0},{"damage":14.0,"enemies":"Large Slime","floor":5.0,"turns":8.0},{"damage":11.0,"enemies":"Gremlin Nob","floor":6.0,"turns":6.0},{"damage":6.0,"enemies":"3 Sentries","floor":8.0,"turns":8.0},{"damage":19.0,"enemies":"Gremlin Nob","floor":10.0,"turns":4.0},{"damage":11.0,"enemies":"Lots of Slimes","floor":11.0,"turns":3.0},{"damage":1.0,"enemies":"Exordium Wildlife","floor":13.0,"turns":4.0},{"damage":9.0,"enemies":"The Mushroom Lair","floor":14.0,"turns":4.0},{"damage":20.0,"enemies":"Hexaghost","floor":16.0,"turns":7.0},{"damage":7.0,"enemies":"Chosen","floor":18.0,"turns":5.0},{"damage":20.0,"enemies":"Shell Parasite","floor":19.0,"turns":7.0},{"damage":5.0,"enemies":"Snecko","floor":21.0,"turns":5.0},{"damage":23.0,"enemies":"Snake Plant","floor":22.0,"turns":7.0},{"damage":21.0,"enemies":"Book of Stabbing","floor":23.0,"turns":7.0},{"damage":22.0,"enemies":"3 Cultists","floor":25.0,"turns":7.0},{"damage":1.0,"enemies":"Sentry and Sphere","floor":30.0,"turns":5.0},{"damage":8.0,"enemies":"Snake Plant","floor":31.0,"turns":5.0},{"damage":17.0,"enemies":"Automaton","floor":33.0,"turns":12.0},{"damage":5.0,"enemies":"3 Darklings","floor":35.0,"turns":5.0},{"damage":14.0,"enemies":"2 Orb Walkers","floor":37.0,"turns":3.0},{"damage":0.0,"enemies":"3 Shapes","floor":38.0,"turns":4.0},{"damage":18.0,"enemies":"3 Darklings","floor":39.0,"turns":5.0},{"damage":13.0,"enemies":"Maw","floor":45.0,"turns":9.0},{"damage":2,"enemies":"Spire Growth","floor":46,"turns":6},{"damage":9,"enemies":"Writhing Mass","floor":48,"turns":7},{"damage":22,"enemies":"Awakened One","floor":50,"turns":21}],"seed_played":"-577592876884856300","potions_obtained":[{"floor":3.0,"key":"Block Potion"},{"floor":4.0,"key":"SkillPotion"},{"floor":6.0,"key":"Weak Potion"},{"floor":10.0,"key":"SteroidPotion"},{"floor":16.0,"key":"Weak Potion"},{"floor":17.0,"key":"Block Potion"},{"floor":18.0,"key":"Dexterity Potion"},{"floor":22.0,"key":"PowerPotion"},{"floor":25.0,"key":"Ancient Potion"},{"floor":31.0,"key":"LiquidBronze"},{"floor":35.0,"key":"FearPotion"},{"floor":38.0,"key":"SteroidPotion"},{"floor":39.0,"key":"Block Potion"},{"floor":45.0,"key":"GhostInAJar"}],"is_trial":false,"path_per_floor":["M","M","M","M","M","E","R","E","T","E","M","$","M","?","R","B",null,"M","M","$","M","M","E","R","M","T","$","R","?","M","M","R","B",null,"M","$","?","M","M","R","?","R","T","?","M","M","$","M","R","B",null],"character_chosen":"THE_SILENT","items_purchased":["Omamori","Strength Potion","Toxic Egg 2","LiquidBronze","Apotheosis+1","Energy Potion"],"campfire_rested":7,"item_purchase_floors":[12,12,20,27,47,47],"current_hp_per_floor":[55,54,54,54,40,29,52,46,46,29,20,20,21,14,37,19,68,63,45,45,42,21,2,26,6,6,6,30,30,31,25,49,34,71,68,68,56,58,42,66,66,66,66,66,55,55,55,48,71,51],"gold":67,"neow_bonus":"TWENTY_PERCENT_HP_BONUS","is_prod":false,"is_daily":false,"chose_seed":false,"campfire_upgraded":1,"win_rate":0,"timestamp":1562365725,"path_taken":["M","M","M","M","M","E","R","E","T","E","M","$","M","?","R","BOSS","M","M","$","M","M","E","R","M","T","$","R","?","M","M","R","BOSS","M","$","?","M","M","R","?","R","T","?","M","M","$","M","R","BOSS"],"build_version":"2019-07-01","purchased_purges":0,"victory":true,"max_hp_per_floor":[78,78,78,78,78,78,78,78,78,78,78,78,78,78,78,78,83,83,83,83,83,83,83,83,83,83,83,83,83,83,83,83,83,83,83,83,83,83,83,83,83,83,83,79,79,79,79,79,79,79],"card_choices":[{"not_picked":["Acrobatics","Crippling Poison"],"picked":"Noxious Fumes","floor":1.0},{"not_picked":["Choke","Acrobatics"],"picked":"Sucker Punch","floor":2.0},{"not_picked":["Finisher","Endless Agony"],"picked":"Bane","floor":3.0},{"not_picked":["Sucker Punch","Flying Knee"],"picked":"Deflect","floor":4.0},{"not_picked":["Heel Hook","Outmaneuver"],"picked":"Dash","floor":5.0},{"not_picked":["Blade Dance","Skewer"],"picked":"Bouncing Flask","floor":6.0},{"not_picked":["Dagger Spray","Slice"],"picked":"Infinite Blades+1","floor":8.0},{"not_picked":["Blade Dance","Flying Knee"],"picked":"Noxious Fumes+1","floor":10.0},{"not_picked":["Tactician","Acrobatics"],"picked":"PiercingWail","floor":11.0},{"not_picked":["Prepared","Distraction"],"picked":"Terror","floor":13.0},{"not_picked":["Eviscerate","Infinite Blades+1"],"picked":"Bane","floor":14.0},{"not_picked":["Bullet Time","Grand Finale"],"picked":"Malaise","floor":16.0},{"not_picked":["Masterful Stab","Acrobatics"],"picked":"Riddle With Holes","floor":17.0},{"not_picked":["Underhanded Strike","Slice","Masterful Stab"],"picked":"SKIP","floor":18.0},{"not_picked":["Quick Slash","Outmaneuver+1","Prepared"],"picked":"SKIP","floor":19.0},{"not_picked":["Heel Hook","Dagger Spray"],"picked":"Escape Plan+1","floor":21.0},{"not_picked":["Calculated Gamble+1","Bane"],"picked":"Well Laid Plans+1","floor":22.0},{"not_picked":["Flying Knee","All Out Attack"],"picked":"Bullet Time+1","floor":23.0},{"not_picked":["Slice","Choke"],"picked":"Dodge and Roll+1","floor":25.0},{"not_picked":["Blade Dance+1","Dodge and Roll+1"],"picked":"Footwork+1","floor":30.0},{"not_picked":["Prepared+1","Expertise+1"],"picked":"Leg Sweep+1","floor":31.0},{"not_picked":["Doppelganger+1","Phantasmal Killer+1"],"picked":"Corpse Explosion+1","floor":33.0},{"not_picked":["Flying Knee+1","Setup+1"],"picked":"Bane+1","floor":35.0},{"not_picked":["Dagger Throw+1","Deflect+1"],"picked":"Backflip+1","floor":38.0},{"not_picked":["Outmaneuver+1","Reflex+1"],"picked":"Sucker Punch+1","floor":39.0},{"not_picked":["Thinking Ahead+1","Secret Weapon+1"],"picked":"Finesse+1","floor":41.0},{"not_picked":["Quick Slash+1","Slice+1","Poisoned Stab+1"],"picked":"PiercingWail+1","floor":45.0},{"not_picked":["Deadly Poison+1","Acrobatics+1","Footwork+1"],"picked":"Backflip+1","floor":46},{"not_picked":["Reflex+1","Blade Dance+1","Crippling Poison+1","Masterful Stab+1"],"picked":"SKIP","floor":48}],"player_experience":833186,"relics_obtained":[{"floor":6.0,"key":"Frozen Egg 2"},{"floor":8.0,"key":"Blood Vial"},{"floor":9.0,"key":"Vajra"},{"floor":10.0,"key":"Art of War"},{"floor":14.0,"key":"Odd Mushroom"},{"floor":23.0,"key":"Oddly Smooth Stone"},{"floor":26.0,"key":"War Paint"},{"floor":34.0,"key":"Molten Egg 2"},{"floor":34.0,"key":"FossilizedHelix"},{"floor":34.0,"key":"Bag of Preparation"},{"floor":37.0,"key":"Pocketwatch"},{"floor":43.0,"key":"Question Card"}],"event_choices":[{"damage_healed":0.0,"max_hp_gain":0.0,"max_hp_loss":0.0,"gold_gain":0.0,"event_name":"Mushrooms","player_choice":"Fought Mushrooms","floor":14.0,"gold_loss":0.0,"damage_taken":0.0},{"damage_healed":0.0,"max_hp_gain":0.0,"max_hp_loss":0.0,"gold_gain":0.0,"event_name":"FaceTrader","player_choice":"Leave","floor":29.0,"gold_loss":0.0,"damage_taken":0.0},{"damage_healed":0.0,"max_hp_gain":0.0,"max_hp_loss":0.0,"gold_gain":0.0,"event_name":"Mysterious Sphere","player_choice":"Fight","floor":37.0,"gold_loss":0.0,"damage_taken":0.0},{"damage_healed":0.0,"max_hp_gain":0.0,"max_hp_loss":0.0,"gold_gain":0.0,"event_name":"SensoryStone","player_choice":"Memory 1","floor":41.0,"gold_loss":0.0,"damage_taken":0.0},{"damage_healed":0.0,"max_hp_gain":0.0,"max_hp_loss":4.0,"gold_gain":0.0,"event_name":"Winding Halls","player_choice":"Max HP","floor":44.0,"gold_loss":0.0,"damage_taken":0.0}],"is_beta":false,"boss_relics":[{"not_picked":["Snecko Eye","Ectoplasm"],"picked":"Tiny House"},{"not_picked":["Philosopher\u0027s Stone","Lizard Tail"],"picked":"Calling Bell"}],"items_purged_floors":[],"is_endless":false,"potions_floor_spawned":[3,4,6,10,16,18,19,22,25,31,35,38,39,45],"ascension_level":15}