{"gold_per_floor":[119,135,85,101,101,101,26,26,26,26,50,50,50,68,68,198,198,219,134,152,73,73,73,88,88,88,88,123,143,158,183,183,311,311,325,348,362,342,358,396,396,439,451,501,513,543,573,601,613,625],"floor_reached":51,"playtime":5053,"items_purged":["Strike_B"],"score":1053,"play_id":"28f29e0d-32cb-419d-b769-f536175e11e0","local_time":"20190626114015","is_ascension_mode":true,"campfire_choices":[{"data":"Zap","floor":6,"key":"SMITH"},{"data":"White Noise","floor":13,"key":"SMITH"},{"data":"Glacier","floor":15,"key":"SMITH"},{"data":"Self Repair","floor":23,"key":"SMITH"},{"data":"Defragment","floor":27,"key":"SMITH"},{"data":"Coolheaded","floor":32,"key":"SMITH"},{"data":"Buffer","floor":41,"key":"SMITH"},{"data":"Reboot","floor":45,"key":"SMITH"},{"data":"Blizzard","floor":49,"key":"SMITH"}],"neow_cost":"NONE","seed_source_timestamp":1009871205655608,"circlet_count":0,"master_deck":["Strike_B+1","Defend_B","Defend_B","Zap+1","Dualcast+1","Coolheaded+1","Cold Snap","FTL","White Noise+1","Glacier+1","Machine Learning","Coolheaded","Self Repair+1","Defragment+1","White Noise+1","Go for the Eyes+1","Reboot+1","Glacier","Electrodynamics","All For One+1","Sunder+1","Thunder Strike+1","Go for the Eyes+1","White Noise","Buffer+1","Loop+1","Tempest+1","Blizzard+1","Chill+1"],"relics":["Runic Pyramid","Golden Idol","Mercury Hourglass","Question Card","Coffee Dripper","DataDisk","Darkstone Periapt","Kunai","Astrolabe","Pantograph","MawBank","Meat on the Bone","Calipers"],"potions_floor_usage":[29,42,50,50],"damage_taken":[{"damage":0,"enemies":"Small Slimes","floor":1,"turns":4},{"damage":4,"enemies":"2 Louse","floor":2,"turns":2},{"damage":15,"enemies":"Jaw Worm","floor":4,"turns":6},{"damage":1,"enemies":"Looter","floor":11,"turns":3},{"damage":0,"enemies":"2 Fungi Beasts","floor":14,"turns":3},{"damage":1,"enemies":"Hexaghost","floor":16,"turns":8},{"damage":11,"enemies":"2 Thieves","floor":18,"turns":4},{"damage":0,"enemies":"Spheric Guardian","floor":20,"turns":4},{"damage":4,"enemies":"Centurion and Healer","floor":24,"turns":7},{"damage":2,"enemies":"Book of Stabbing","floor":28,"turns":6},{"damage":0,"enemies":"3 Cultists","floor":29,"turns":6},{"damage":0,"enemies":"Cultist and Chosen","floor":30,"turns":5},{"damage":7,"enemies":"Snake Plant","floor":31,"turns":5},{"damage":18,"enemies":"Collector","floor":33,"turns":11},{"damage":7,"enemies":"3 Darklings","floor":35,"turns":4},{"damage":4,"enemies":"Orb Walker","floor":36,"turns":4},{"damage":7,"enemies":"3 Darklings","floor":37,"turns":3},{"damage":0,"enemies":"Writhing Mass","floor":39,"turns":5},{"damage":3,"enemies":"Giant Head","floor":40,"turns":6},{"damage":20,"enemies":"Nemesis","floor":42,"turns":9},{"damage":0,"enemies":"Giant Head","floor":44,"turns":12},{"damage":0,"enemies":"Maw","floor":46,"turns":6},{"damage":5,"enemies":"3 Darklings","floor":47,"turns":4},{"damage":24,"enemies":"4 Shapes","floor":48,"turns":3},{"damage":9,"enemies":"Awakened One","floor":50,"turns":11}],"seed_played":"722705336568060502","potions_obtained":[{"floor":2,"key":"SkillPotion"},{"floor":4,"key":"FocusPotion"},{"floor":20,"key":"FearPotion"},{"floor":24,"key":"Block Potion"},{"floor":30,"key":"Weak Potion"},{"floor":38,"key":"SkillPotion"},{"floor":42,"key":"SpeedPotion"},{"floor":47,"key":"PowerPotion"}],"is_trial":false,"path_per_floor":["M","M","?","M","?","R","$","?","T","T","M","$","R","M","R","B",null,"M","?","M","$","?","R","M","?","T","R","E","M","M","M","R","B",null,"M","M","M","?","M","E","R","E","T","E","R","M","M","M","R","B",null],"character_chosen":"DEFECT","items_purchased":["Defragment"],"campfire_rested":0,"item_purchase_floors":[21],"current_hp_per_floor":[68,64,64,49,49,49,49,35,35,35,34,34,34,34,34,33,60,49,49,49,49,49,49,55,55,55,55,63,69,69,69,69,61,67,60,66,59,59,69,69,69,59,59,69,69,69,69,45,45,60],"gold":637,"neow_bonus":"BOSS_RELIC","is_prod":false,"is_daily":false,"chose_seed":false,"campfire_upgraded":9,"win_rate":0,"timestamp":1561520415,"path_taken":["M","M","?","M","?","R","$","?","T","?","M","?","R","M","R","BOSS","M","?","M","$","?","R","?","?","T","R","E","?","M","M","R","BOSS","M","M","M","?","?","E","R","E","T","E","R","M","M","M","R","BOSS"],"build_version":"2019-01-23","purchased_purges":1,"victory":true,"max_hp_per_floor":[75,75,75,75,69,69,69,69,69,69,69,69,69,69,69,69,69,69,69,69,69,69,69,69,69,69,69,69,69,69,69,69,69,69,69,69,69,69,69,69,69,69,69,69,69,69,69,69,69,69],"card_choices":[{"not_picked":["Rebound","Leap"],"picked":"Coolheaded","floor":1},{"not_picked":["Steam","Aggregate"],"picked":"Cold Snap","floor":2},{"not_picked":["Hello World","Reprogram"],"picked":"FTL","floor":4},{"not_picked":["Chaos","Sweeping Beam","Hologram"],"picked":"White Noise","floor":11},{"not_picked":["Scrape","Darkness","Rebound"],"picked":"Glacier","floor":14},{"not_picked":["Seek","Multi-Cast","Meteor Strike"],"picked":"Machine Learning","floor":16},{"not_picked":["Steam","Darkness","Go for the Eyes"],"picked":"Coolheaded","floor":18},{"not_picked":["Beam Cell","Steam+1","Conserve Battery"],"picked":"Self Repair","floor":20},{"not_picked":["Redo","Turbo+1","Sweeping Beam"],"picked":"Go for the Eyes+1","floor":24},{"not_picked":["Barrage","Storm","Coolheaded"],"picked":"Reboot","floor":28},{"not_picked":["Storm","Leap+1","Streamline","Hologram"],"picked":"SKIP","floor":29},{"not_picked":["Stack+1","Conserve Battery","Melter"],"picked":"Glacier","floor":30},{"not_picked":["Gash+1","Rebound","Undo","Cold Snap"],"picked":"SKIP","floor":31},{"not_picked":["Fission","Core Surge","All For One"],"picked":"Electrodynamics","floor":33},{"not_picked":["Streamline","Sunder+1","Turbo+1","BootSequence"],"picked":"SKIP","floor":35},{"not_picked":["Turbo+1","Undo","Conserve Battery+1"],"picked":"Go for the Eyes+1","floor":36},{"not_picked":["Melter","Go for the Eyes+1","Force Field+1"],"picked":"White Noise","floor":37},{"not_picked":["BootSequence","Loop","Coolheaded"],"picked":"Buffer","floor":39},{"not_picked":["Scrape+1","Auto Shields","BootSequence+1"],"picked":"Loop+1","floor":40},{"not_picked":["Barrage+1","Genetic Algorithm+1","Compile Driver+1","Cold Snap+1"],"picked":"SKIP","floor":42},{"not_picked":["Sunder","Rebound+1","Conserve Battery"],"picked":"Tempest+1","floor":44},{"not_picked":["Fission","Leap","Scrape","Heatsinks+1"],"picked":"SKIP","floor":46},{"not_picked":["Double Energy+1","Beam Cell+1","Barrage"],"picked":"Blizzard","floor":47},{"not_picked":["Streamline+1","Steam","Stack+1"],"picked":"Chill+1","floor":48}],"player_experience":1052313,"relics_obtained":[{"floor":9,"key":"Mercury Hourglass"},{"floor":10,"key":"Question Card"},{"floor":26,"key":"Darkstone Periapt"},{"floor":28,"key":"Kunai"},{"floor":40,"key":"Pantograph"},{"floor":42,"key":"MawBank"},{"floor":43,"key":"Meat on the Bone"},{"floor":44,"key":"Calipers"}],"event_choices":[{"cards_removed":["Strike_B"],"damage_healed":0,"gold_gain":0,"player_choice":"Card Removal","damage_taken":0,"max_hp_gain":0,"max_hp_loss":0,"event_name":"The Cleric","floor":3,"gold_loss":50},{"damage_healed":0,"gold_gain":0,"player_choice":"Lose Max HP","damage_taken":0,"relics_obtained":["Golden Idol"],"max_hp_gain":0,"max_hp_loss":6,"event_name":"Golden Idol","floor":5,"gold_loss":0},{"damage_healed":0,"gold_gain":0,"player_choice":"Entered Light","damage_taken":14,"max_hp_gain":0,"max_hp_loss":0,"event_name":"Shining Light","floor":8,"gold_loss":0,"cards_upgraded":["Strike_B","Dualcast"]},{"damage_healed":0,"gold_gain":0,"player_choice":"Obtained Relic","damage_taken":0,"relics_obtained":["DataDisk"],"max_hp_gain":0,"max_hp_loss":0,"event_name":"Addict","floor":19,"gold_loss":85},{"damage_healed":0,"gold_gain":0,"player_choice":"Copied","damage_taken":0,"max_hp_gain":0,"max_hp_loss":0,"event_name":"Duplicator","floor":22,"gold_loss":0,"cards_obtained":["White Noise"]},{"damage_healed":0,"gold_gain":0,"player_choice":"Leave","damage_taken":0,"max_hp_gain":0,"max_hp_loss":0,"event_name":"FaceTrader","floor":25,"gold_loss":0},{"damage_healed":0,"gold_gain":0,"player_choice":"Bought 1 Potion","damage_taken":0,"max_hp_gain":0,"max_hp_loss":0,"event_name":"The Woman in Blue","floor":38,"gold_loss":0}],"is_beta":false,"boss_relics":[{"not_picked":["Tiny House","Inserter"],"picked":"Coffee Dripper"},{"not_picked":["Nuclear Battery","Eternal Feather"],"picked":"Astrolabe"}],"items_purged_floors":[7],"is_endless":false,"potions_floor_spawned":[2,4,20,24,30,33,35,42,44,47],"ascension_level":9}