{"gold_per_floor":[113,127,141,160,174,201,201,211,211,243,256,256,256,276,276,353,353,364,380,398,313,331,331,347,360,360,387,387,406,406,426,426,499,499,511,511,511,531,546,546,546],"floor_reached":41,"playtime":3817,"items_purged":[],"score":810,"play_id":"39561f3d-b8c3-4322-92c9-5df0e5126f37","local_time":"20190703085844","is_ascension_mode":true,"campfire_choices":[{"data":"Zap","floor":7,"key":"SMITH"},{"data":"Dualcast","floor":12,"key":"SMITH"},{"floor":15,"key":"REST"},{"floor":23,"key":"REST"},{"floor":28,"key":"REST"},{"data":"Defragment","floor":32,"key":"SMITH"},{"floor":40,"key":"REST"}],"neow_cost":"NONE","seed_source_timestamp":333829299654315,"circlet_count":0,"master_deck":["AscendersBane","Strike_B","Strike_B","Strike_B","Defend_B","Defend_B","Defend_B","Defend_B","Zap+1","Dualcast+1","Glacier","Defragment+1","Loop","Ball Lightning","Sweeping Beam","Ball Lightning","Capacitor","Go for the Eyes","Amplify","Melter","Conserve Battery","Turbo","Steam","Coolheaded+1","Streamline+1","Loop","Glacier","Madness","Madness","Reinforced Body+1"],"relics":["Cracked Core","Bottled Lightning","FossilizedHelix","Anchor","Runic Pyramid","Mummified Hand","Gremlin Horn","Lantern","Nuclear Battery"],"potions_floor_usage":[4,5,6,16,22,29,30,41],"damage_taken":[{"damage":1,"enemies":"Cultist","floor":1,"turns":4},{"damage":3,"enemies":"2 Louse","floor":2,"turns":3},{"damage":7,"enemies":"Jaw Worm","floor":3,"turns":6},{"damage":8,"enemies":"Large Slime","floor":4,"turns":6},{"damage":0,"enemies":"Exordium Wildlife","floor":5,"turns":3},{"damage":5,"enemies":"Lagavulin","floor":6,"turns":8},{"damage":6,"enemies":"Looter","floor":8,"turns":3},{"damage":7,"enemies":"3 Sentries","floor":10,"turns":6},{"damage":0,"enemies":"2 Fungi Beasts","floor":11,"turns":2},{"damage":0,"enemies":"Exordium Thugs","floor":14,"turns":5},{"damage":31,"enemies":"Hexaghost","floor":16,"turns":10},{"damage":0,"enemies":"Chosen","floor":18,"turns":5},{"damage":30,"enemies":"2 Thieves","floor":19,"turns":4},{"damage":0,"enemies":"Sentry and Sphere","floor":20,"turns":3},{"damage":16,"enemies":"3 Cultists","floor":22,"turns":5},{"damage":14,"enemies":"Chosen and Byrds","floor":24,"turns":6},{"damage":3,"enemies":"Cultist and Chosen","floor":25,"turns":7},{"damage":10,"enemies":"Snake Plant","floor":29,"turns":5},{"damage":5,"enemies":"Colosseum Slavers","floor":30,"turns":3},{"damage":0,"enemies":"Centurion and Healer","floor":31,"turns":7},{"damage":0,"enemies":"Champ","floor":33,"turns":13},{"damage":0,"enemies":"Orb Walker","floor":35,"turns":4},{"damage":16,"enemies":"3 Darklings","floor":38,"turns":8},{"damage":0,"enemies":"Maw","floor":39,"turns":10},{"damage":55,"enemies":"Giant Head","floor":41,"turns":11}],"seed_played":"2507139531464820376","potions_obtained":[{"floor":1,"key":"SteroidPotion"},{"floor":3,"key":"Energy Potion"},{"floor":5,"key":"EssenceOfSteel"},{"floor":10,"key":"Strength Potion"},{"floor":20,"key":"Explosive Potion"},{"floor":25,"key":"Regen Potion"},{"floor":29,"key":"Block Potion"},{"floor":31,"key":"Fire Potion"},{"floor":38,"key":"PowerPotion"}],"is_trial":false,"path_per_floor":["M","M","M","M","M","E","R","M","T","E","M","R","?","M","R","B",null,"M","M","M","?","M","R","M","M","T","T","R","M","?","M","R","B",null,"M","?","?","M","M","R","E"],"character_chosen":"DEFECT","items_purchased":[],"campfire_rested":4,"item_purchase_floors":[],"current_hp_per_floor":[63,60,53,45,45,40,40,34,34,27,27,27,27,27,48,17,58,58,28,28,28,12,33,19,16,16,16,37,39,34,34,34,34,62,62,62,49,33,33,54,0],"gold":546,"neow_bonus":"REMOVE_CARD","is_prod":false,"is_daily":false,"chose_seed":false,"campfire_upgraded":3,"win_rate":0,"timestamp":1562115524,"path_taken":["M","M","M","?","M","E","R","M","T","E","?","R","?","M","R","BOSS","M","M","?","?","M","R","M","M","T","?","R","M","?","M","R","BOSS","M","?","?","M","M","R","E"],"build_version":"2019-07-01","purchased_purges":0,"victory":false,"max_hp_per_floor":[71,71,71,71,71,71,71,71,71,71,71,71,71,71,71,71,71,71,71,71,71,71,71,71,71,71,71,71,71,71,71,71,71,71,71,71,71,71,71,71,71],"card_choices":[{"not_picked":["Go for the Eyes","Reprogram"],"picked":"Glacier","floor":1},{"not_picked":["Sunder","Leap"],"picked":"Defragment","floor":2},{"not_picked":["Steam","Conserve Battery"],"picked":"FTL","floor":3},{"not_picked":["Barrage","Stack","Chaos"],"picked":"SKIP","floor":4},{"not_picked":["Biased Cognition","Hello World"],"picked":"Loop","floor":5},{"not_picked":["Static Discharge","Conserve Battery"],"picked":"Ball Lightning","floor":6},{"not_picked":["Reinforced Body","Scrape"],"picked":"Sweeping Beam","floor":8},{"not_picked":["Compile Driver","Stack"],"picked":"Ball Lightning","floor":10},{"not_picked":["Compile Driver","Rebound"],"picked":"Capacitor","floor":11},{"not_picked":["Gash","Stack"],"picked":"Go for the Eyes","floor":14},{"not_picked":["Hyperbeam","Meteor Strike"],"picked":"Amplify","floor":16},{"not_picked":["Genetic Algorithm","Gash"],"picked":"Melter","floor":18},{"not_picked":["Sweeping Beam","Blizzard","Gash"],"picked":"SKIP","floor":19},{"not_picked":["Leap","Hologram"],"picked":"Conserve Battery","floor":20},{"not_picked":["Steam Power","Ball Lightning"],"picked":"Turbo","floor":22},{"not_picked":["Rainbow","Barrage"],"picked":"Steam","floor":24},{"not_picked":["Ball Lightning","Skim"],"picked":"Coolheaded+1","floor":25},{"not_picked":["Coolheaded","Cold Snap"],"picked":"Streamline+1","floor":29},{"not_picked":["Beam Cell","Scrape"],"picked":"Loop","floor":31},{"not_picked":["Streamline+1","Leap"],"picked":"Glacier","floor":35},{"not_picked":["Hello World","Aggregate"],"picked":"Reinforced Body+1","floor":38},{"not_picked":["Rebound+1","Chaos","Steam"],"picked":"SKIP","floor":39}],"player_experience":1143076,"relics_obtained":[{"floor":6,"key":"Bottled Lightning"},{"floor":9,"key":"FossilizedHelix"},{"floor":10,"key":"Anchor"},{"floor":26,"key":"Gremlin Horn"},{"floor":27,"key":"Lantern"}],"event_choices":[{"damage_healed":0,"gold_gain":0,"player_choice":"Leave","damage_taken":0,"max_hp_gain":0,"max_hp_loss":0,"event_name":"FaceTrader","floor":13,"gold_loss":0},{"damage_healed":0,"gold_gain":0,"player_choice":"Obtained Relic","damage_taken":0,"relics_obtained":["Mummified Hand"],"max_hp_gain":0,"max_hp_loss":0,"event_name":"Addict","floor":21,"gold_loss":85},{"damage_healed":0,"gold_gain":0,"player_choice":"Fight","damage_taken":0,"max_hp_gain":0,"max_hp_loss":0,"event_name":"Colosseum","floor":30,"gold_loss":0},{"damage_healed":0,"gold_gain":0,"player_choice":"Fled From Nobs","damage_taken":0,"max_hp_gain":0,"max_hp_loss":0,"event_name":"Colosseum","floor":30,"gold_loss":0},{"cards_removed":["FTL"],"damage_healed":0,"gold_gain":0,"player_choice":"Removed Attack","damage_taken":0,"max_hp_gain":0,"max_hp_loss":0,"event_name":"Falling","floor":36,"gold_loss":0},{"damage_healed":0,"gold_gain":0,"player_choice":"Embrace Madness","damage_taken":13,"max_hp_gain":0,"max_hp_loss":0,"event_name":"Winding Halls","floor":37,"gold_loss":0,"cards_obtained":["Madness","Madness"]}],"is_beta":false,"boss_relics":[{"not_picked":["Inserter","Snecko Eye"],"picked":"Runic Pyramid"},{"not_picked":["Calling Bell","Tiny House"],"picked":"Nuclear Battery"}],"items_purged_floors":[],"is_endless":false,"potions_floor_spawned":[1,3,5,10,20,25,29,30,31,38],"killed_by":"Giant Head","ascension_level":15}