{"gold_per_floor":[112,287,302,321,336,100,100,100,145,175,175,194,194,212,212,286,286,296,323,336,336,347,347,381,381,408,420,420,121,137,150,150,224,274,285,302,157,175,397,397,426,426,426,10,10,20,38,12,12,12],"floor_reached":50,"playtime":3229,"items_purged":[],"score":890,"play_id":"76c9367b-11a8-4882-ae80-d09fe3621af5","local_time":"20190620141012","is_ascension_mode":true,"campfire_choices":[{"data":"Electrodynamics","floor":8.0,"key":"SMITH"},{"data":"Go for the Eyes","floor":11.0,"key":"SMITH"},{"data":"Loop","floor":15.0,"key":"SMITH"},{"floor":23.0,"key":"REST"},{"floor":25.0,"key":"REST"},{"floor":28.0,"key":"REST"},{"data":"Go for the Eyes","floor":32.0,"key":"SMITH"},{"floor":40.0,"key":"REST"},{"floor":45.0,"key":"REST"},{"floor":49,"key":"REST"}],"neow_cost":"TEN_PERCENT_HP_LOSS","seed_source_timestamp":592599666736000,"circlet_count":0,"master_deck":["AscendersBane","Strike_B+1","Strike_B+1","Strike_B","Defend_B","Defend_B","Defend_B+1","Defend_B","Zap","Dualcast","Electrodynamics+1","BootSequence","Consume+1","Go for the Eyes+1","Lockon","Ball Lightning","Cold Snap","Loop+1","Barrage","Core Surge","Stack","Stack","Reinforced Body","Streamline","Undo+1","Go for the Eyes+1","Thunder Strike","Rainbow","Leap","Conserve Battery","Rebound+1","Tempest","Aggregate","Master of Strategy","Conserve Battery","Undo+1"],"special_seed":0,"relics":["Cracked Core","Runic Capacitor","Blood Vial","War Paint","Empty Cage","Red Mask","Vajra","Regal Pillow","FossilizedHelix","Tiny House","Oddly Smooth Stone","Whetstone","Torii","Membership Card","Pen Nib","Ancient Tea Set"],"potions_floor_usage":[47,50,50],"damage_taken":[{"damage":0.0,"enemies":"Small Slimes","floor":1.0,"turns":2.0},{"damage":6.0,"enemies":"Jaw Worm","floor":3.0,"turns":4.0},{"damage":0.0,"enemies":"2 Louse","floor":4.0,"turns":3.0},{"damage":1.0,"enemies":"Red Slaver","floor":5.0,"turns":4.0},{"damage":20.0,"enemies":"3 Sentries","floor":10.0,"turns":5.0},{"damage":3.0,"enemies":"Looter","floor":12.0,"turns":3.0},{"damage":3.0,"enemies":"Large Slime","floor":14.0,"turns":3.0},{"damage":21.0,"enemies":"Slime Boss","floor":16.0,"turns":7.0},{"damage":13.0,"enemies":"2 Thieves","floor":18.0,"turns":4.0},{"damage":22.0,"enemies":"Masked Bandits","floor":19.0,"turns":3.0},{"damage":0.0,"enemies":"Chosen","floor":20.0,"turns":4.0},{"damage":11.0,"enemies":"Snecko","floor":22.0,"turns":5.0},{"damage":37.0,"enemies":"Gremlin Leader","floor":24.0,"turns":5.0},{"damage":9.0,"enemies":"Snake Plant","floor":27.0,"turns":5.0},{"damage":0.0,"enemies":"Centurion and Healer","floor":30.0,"turns":6.0},{"damage":0.0,"enemies":"Chosen and Byrds","floor":31.0,"turns":6.0},{"damage":51.0,"enemies":"Automaton","floor":33.0,"turns":7.0},{"damage":0.0,"enemies":"Orb Walker","floor":35.0,"turns":6.0},{"damage":39.0,"enemies":"3 Darklings","floor":36.0,"turns":7.0},{"damage":17.0,"enemies":"Transient","floor":38.0,"turns":5.0},{"damage":46.0,"enemies":"Reptomancer","floor":41.0,"turns":7.0},{"damage":32.0,"enemies":"Writhing Mass","floor":46.0,"turns":8.0},{"damage":1,"enemies":"Spire Growth","floor":47,"turns":5},{"damage":57,"enemies":"Time Eater","floor":50,"turns":6}],"seed_played":"-8915371348171649765","potions_obtained":[{"floor":1.0,"key":"FocusPotion"},{"floor":5.0,"key":"Fire Potion"},{"floor":10.0,"key":"Fire Potion"},{"floor":19.0,"key":"SteroidPotion"},{"floor":20.0,"key":"Dexterity Potion"},{"floor":22.0,"key":"Regen Potion"},{"floor":30.0,"key":"Swift Potion"},{"floor":31.0,"key":"Block Potion"},{"floor":34.0,"key":"Dexterity Potion"},{"floor":38.0,"key":"Ancient Potion"},{"floor":46.0,"key":"Ancient Potion"}],"is_trial":false,"path_per_floor":["M","?","M","M","M","$","?","R","T","E","R","M","?","M","R","B",null,"M","?","M","?","M","R","E","R","T","M","R","$","M","M","R","B",null,"M","M","$","M","?","R","E","?","T","$","R","M","M","$","R","B"],"character_chosen":"DEFECT","items_purchased":["Runic Capacitor","Ball Lightning","FossilizedHelix","Oddly Smooth Stone","Membership Card","Pen Nib","Ancient Tea Set","Conserve Battery","Dexterity Potion","Fire Potion","Strength Potion"],"campfire_rested":6,"item_purchase_floors":[6,6,29,37,44,44,44,44,44,44,48],"current_hp_per_floor":[64,64,58,58,57,57,62,62,62,44,44,43,43,42,42,23,58,47,27,29,29,20,40,19,39,39,32,67,67,69,69,69,18,61,63,26,26,11,11,48,4,4,4,4,41,11,12,12,49,0],"gold":12,"neow_bonus":"THREE_RARE_CARDS","is_prod":false,"is_daily":false,"chose_seed":false,"campfire_upgraded":4,"win_rate":0,"timestamp":1561032612,"path_taken":["M","?","M","M","M","$","?","R","T","E","R","M","?","?","R","BOSS","M","?","M","?","M","R","E","R","T","?","R","$","?","M","R","BOSS","M","M","?","M","?","R","E","?","T","$","R","M","M","$","R","BOSS"],"build_version":"2019-01-23","purchased_purges":0,"victory":false,"max_hp_per_floor":[64,64,64,64,64,64,69,69,69,69,69,69,69,69,69,69,69,69,69,69,69,69,69,69,69,69,69,69,69,69,69,69,69,74,74,74,74,74,74,74,74,74,74,74,74,74,74,74,74,74],"card_choices":[{"not_picked":["Meteor Strike","Hyperbeam"],"picked":"Electrodynamics","floor":0.0},{"not_picked":["Streamline","Turbo"],"picked":"BootSequence","floor":1.0},{"not_picked":["Gash","Lockon"],"picked":"Consume","floor":3.0},{"not_picked":["Coolheaded","Storm"],"picked":"Go for the Eyes","floor":4.0},{"not_picked":["Barrage","Scrape"],"picked":"Lockon","floor":5.0},{"not_picked":["Compile Driver","Barrage"],"picked":"Cold Snap","floor":10.0},{"not_picked":["Auto Shields","Sunder"],"picked":"Loop","floor":12.0},{"not_picked":["Self Repair","Steam Power"],"picked":"Barrage","floor":14.0},{"not_picked":["Biased Cognition","Amplify"],"picked":"Core Surge","floor":16.0},{"not_picked":["Lockon","Redo"],"picked":"Stack","floor":18.0},{"not_picked":["BootSequence","Redo"],"picked":"Stack","floor":19.0},{"not_picked":["Sweeping Beam","Cold Snap"],"picked":"Reinforced Body","floor":20.0},{"not_picked":["Turbo","Recycle+1"],"picked":"Streamline","floor":22.0},{"not_picked":["Sunder","Double Energy"],"picked":"Undo","floor":24.0},{"not_picked":["Turbo","Streamline","Fusion"],"picked":"SKIP","floor":27.0},{"not_picked":["Turbo","Sweeping Beam"],"picked":"Go for the Eyes","floor":30.0},{"not_picked":["Rebound","Reinforced Body"],"picked":"Thunder Strike","floor":31.0},{"not_picked":["Multi-Cast","All For One"],"picked":"Rainbow","floor":33.0},{"not_picked":["Heatsinks+1","Ball Lightning"],"picked":"Leap","floor":34.0},{"not_picked":["Compile Driver","Rainbow"],"picked":"Conserve Battery","floor":35.0},{"not_picked":["Redo","Barrage+1"],"picked":"Rebound+1","floor":36.0},{"not_picked":["Turbo+1","Cold Snap"],"picked":"Tempest","floor":38.0},{"not_picked":["Heatsinks","Fission"],"picked":"Aggregate","floor":41.0},{"not_picked":["Finesse","Jack Of All Trades"],"picked":"Master of Strategy","floor":42.0},{"not_picked":["Barrage","Chaos"],"picked":"Undo+1","floor":46.0},{"not_picked":["Gash","Compile Driver","Sweeping Beam"],"picked":"SKIP","floor":47}],"player_experience":816555,"relics_obtained":[{"floor":9.0,"key":"Blood Vial"},{"floor":10.0,"key":"War Paint"},{"floor":19.0,"key":"Red Mask"},{"floor":24.0,"key":"Vajra"},{"floor":26.0,"key":"Regal Pillow"},{"floor":41.0,"key":"Whetstone"},{"floor":43.0,"key":"Torii"}],"event_choices":[{"damage_healed":0.0,"max_hp_gain":0.0,"max_hp_loss":0.0,"gold_gain":175.0,"event_name":"Liars Game","player_choice":"AGREE","floor":2.0,"gold_loss":0.0,"damage_taken":0.0,"cards_obtained":["Doubt"]},{"damage_healed":0.0,"max_hp_gain":5.0,"max_hp_loss":0.0,"gold_gain":0.0,"event_name":"Big Fish","player_choice":"Donut","floor":7.0,"gold_loss":0.0,"damage_taken":0.0},{"damage_healed":0.0,"max_hp_gain":0.0,"max_hp_loss":0.0,"gold_gain":0.0,"event_name":"Lab","player_choice":"Got Potions","floor":13.0,"gold_loss":0.0,"damage_taken":0.0},{"damage_healed":0.0,"max_hp_gain":0.0,"max_hp_loss":0.0,"gold_gain":0.0,"event_name":"Masked Bandits","player_choice":"Fought Bandits","floor":19.0,"gold_loss":0.0,"damage_taken":0.0},{"damage_healed":0.0,"max_hp_gain":0.0,"max_hp_loss":0.0,"gold_gain":0.0,"event_name":"FaceTrader","player_choice":"Leave","floor":21.0,"gold_loss":0.0,"damage_taken":0.0},{"damage_healed":0.0,"max_hp_gain":0.0,"max_hp_loss":0.0,"gold_gain":222.0,"event_name":"Tomb of Lord Red Mask","player_choice":"Wore Mask","floor":39.0,"gold_loss":0.0,"damage_taken":0.0},{"damage_healed":0.0,"max_hp_gain":0.0,"max_hp_loss":0.0,"gold_gain":0.0,"event_name":"SensoryStone","player_choice":"Memory 1","floor":42.0,"gold_loss":0.0,"damage_taken":0.0}],"is_beta":false,"boss_relics":[{"not_picked":["Busted Crown","White Beast Statue"],"picked":"Empty Cage"},{"not_picked":["Runic Pyramid","Runic Dome"],"picked":"Tiny House"}],"items_purged_floors":[],"is_endless":false,"potions_floor_spawned":[1,5,10,12,16,19,20,22,30,31,38,46],"killed_by":"Time Eater","ascension_level":14}