{"gold_per_floor":[110,121,131,131,147,147,161,161,188,33,33,33,64,18,18,117,117,133,133,150,167,193,193,219,219,219,219,234,234,234,149,149,251,251,263,280,300,7,26,46,46,58,58,78,78,96,111,111,111,111],"floor_reached":51,"playtime":9727,"items_purged":["Strike_B","Strike_B"],"score":714,"play_id":"1d3d0bd1-6cc5-4910-bb2b-529b4be51e5a","local_time":"20190618125745","is_ascension_mode":true,"campfire_choices":[{"data":"Zap","floor":6,"key":"SMITH"},{"data":"Dualcast","floor":8,"key":"SMITH"},{"data":"Coolheaded","floor":15,"key":"SMITH"},{"floor":23,"key":"REST"},{"floor":25,"key":"REST"},{"floor":27,"key":"REST"},{"data":"Seek","floor":32,"key":"SMITH"},{"floor":41,"key":"REST"},{"data":"Go for the Eyes","floor":45,"key":"SMITH"},{"data":"Turbo","floor":49,"key":"SMITH"}],"neow_cost":"NONE","seed_source_timestamp":566822234973484,"circlet_count":0,"master_deck":["Defend_B","Defend_B","Defend_B","Zap+1","Dualcast+1","Steam","Sunder+1","Beam Cell","Hologram","Reprogram","Go for the Eyes+1","Coolheaded+1","All For One","Turbo+1","Gash","Beam Cell","Scrape+1","Seek+1","Gash+1","Chill+1","Panache","Darkness+1","BootSequence"],"relics":["Cracked Core","Omamori","Juzu Bracelet","Mummified Hand","Dream Catcher","Sozu","Red Mask","Vajra","Mercury Hourglass","Molten Egg 2","Eternal Feather","Letter Opener"],"potions_floor_usage":[16,22,50],"damage_taken":[{"damage":10,"enemies":"Small Slimes","floor":1,"turns":4},{"damage":0,"enemies":"Cultist","floor":2,"turns":3},{"damage":1,"enemies":"Jaw Worm","floor":3,"turns":3},{"damage":0,"enemies":"Exordium Wildlife","floor":5,"turns":2},{"damage":6,"enemies":"Looter","floor":7,"turns":2},{"damage":9,"enemies":"Lagavulin","floor":13,"turns":5},{"damage":36,"enemies":"Slime Boss","floor":16,"turns":11},{"damage":13,"enemies":"Shell Parasite","floor":18,"turns":5},{"damage":11,"enemies":"3 Byrds","floor":20,"turns":4},{"damage":22,"enemies":"Sentry and Sphere","floor":21,"turns":4},{"damage":25,"enemies":"Masked Bandits","floor":22,"turns":4},{"damage":9,"enemies":"Book of Stabbing","floor":24,"turns":4},{"damage":0,"enemies":"Centurion and Healer","floor":28,"turns":3},{"damage":0,"enemies":"Colosseum Slavers","floor":29,"turns":2},{"damage":41,"enemies":"Automaton","floor":33,"turns":7},{"damage":15,"enemies":"3 Shapes","floor":35,"turns":3},{"damage":1,"enemies":"3 Darklings","floor":36,"turns":2},{"damage":11,"enemies":"Writhing Mass","floor":37,"turns":5},{"damage":26,"enemies":"Transient","floor":39,"turns":5},{"damage":0,"enemies":"Jaw Worm Horde","floor":40,"turns":4},{"damage":8,"enemies":"Spire Growth","floor":42,"turns":3},{"damage":0,"enemies":"4 Shapes","floor":44,"turns":3},{"damage":2,"enemies":"Sphere and 2 Shapes","floor":46,"turns":3},{"damage":0,"enemies":"Jaw Worm Horde","floor":47,"turns":2},{"damage":23,"enemies":"Awakened One","floor":50,"turns":8}],"seed_played":"-3156308815538809489","potions_obtained":[{"floor":1,"key":"FocusPotion"},{"floor":7,"key":"GamblersBrew"},{"floor":16,"key":"EssenceOfSteel"}],"is_trial":false,"path_per_floor":["M","M","M","?","M","R","M","R","T","$","?","T","E","$","R","B",null,"M","?","M","M","?","R","E","R","T","R","M","?","?","?","R","B",null,"M","M","M","$","M","M","R","M","T","M","R","M","M","?","R","B",null],"character_chosen":"DEFECT","items_purchased":["Reprogram","Coolheaded","Panache"],"campfire_rested":4,"item_purchase_floors":[10,14,38],"current_hp_per_floor":[65,65,64,64,64,64,58,58,58,58,51,51,42,42,42,6,75,62,62,51,29,4,26,17,39,39,61,61,61,61,61,61,20,75,60,59,48,48,22,22,56,48,48,48,60,58,58,58,70,47],"gold":111,"neow_bonus":"RANDOM_COMMON_RELIC","is_prod":false,"is_daily":false,"chose_seed":false,"campfire_upgraded":6,"win_rate":0,"timestamp":1560877065,"path_taken":["M","M","M","?","M","R","?","R","T","$","?","?","E","?","R","BOSS","M","?","M","M","?","R","E","R","T","R","M","?","?","?","R","BOSS","M","M","M","$","M","M","R","M","T","M","R","M","M","?","R","BOSS"],"build_version":"2019-01-23","purchased_purges":2,"victory":true,"max_hp_per_floor":[75,75,75,75,75,75,75,75,75,75,75,75,75,75,75,75,75,75,75,75,75,75,75,75,75,75,75,75,75,75,75,75,75,75,75,75,75,75,75,75,75,75,75,75,75,75,75,75,75,75],"card_choices":[{"not_picked":["Ball Lightning","Recycle","Lockon"],"picked":"SKIP","floor":1},{"not_picked":["Streamline","Loop"],"picked":"Steam","floor":2},{"not_picked":["Reprogram","Leap"],"picked":"Sunder","floor":3},{"not_picked":["Hello World","Leap"],"picked":"Beam Cell","floor":5},{"not_picked":["Sweeping Beam","Reinforced Body"],"picked":"Hologram","floor":7},{"not_picked":["Hologram","Amplify"],"picked":"Go for the Eyes","floor":13},{"not_picked":["Thunder Strike","Creative AI"],"picked":"All For One","floor":16},{"not_picked":["Stack","Steam Power"],"picked":"Turbo","floor":18},{"not_picked":["Leap+1","Coolheaded"],"picked":"Gash","floor":20},{"not_picked":["Compile Driver","Conserve Battery"],"picked":"Beam Cell","floor":21},{"not_picked":["Fission","Barrage+1"],"picked":"Scrape+1","floor":22},{"not_picked":["Reprogram","Capacitor"],"picked":"Seek","floor":24},{"not_picked":["Turbo","Barrage+1","Defragment"],"picked":"SKIP","floor":28},{"not_picked":["Stack","Chaos+1"],"picked":"Gash+1","floor":35},{"not_picked":["Undo+1","Leap","Beam Cell+1"],"picked":"SKIP","floor":36},{"not_picked":["Recycle","Sweeping Beam+1"],"picked":"Chill+1","floor":37},{"not_picked":["Cold Snap+1","Redo"],"picked":"Darkness+1","floor":39},{"not_picked":["Defragment","Streamline+1","Stack"],"picked":"SKIP","floor":40},{"not_picked":["Compile Driver+1","Hologram"],"picked":"BootSequence","floor":41},{"not_picked":["Recycle","Darkness","Fusion+1"],"picked":"SKIP","floor":42},{"not_picked":["Reinforced Body+1","Glacier+1","Redo"],"picked":"SKIP","floor":44},{"not_picked":["Stack","Cold Snap+1","Compile Driver+1"],"picked":"SKIP","floor":46},{"not_picked":["Conserve Battery","Sunder+1","Buffer"],"picked":"SKIP","floor":47}],"player_experience":353286,"relics_obtained":[{"floor":9,"key":"Juzu Bracelet"},{"floor":12,"key":"Mummified Hand"},{"floor":13,"key":"Dream Catcher"},{"floor":22,"key":"Red Mask"},{"floor":24,"key":"Vajra"},{"floor":26,"key":"Mercury Hourglass"},{"floor":43,"key":"Letter Opener"}],"event_choices":[{"cards_removed":["Strike_B"],"damage_healed":0,"gold_gain":0,"player_choice":"Card Removal","damage_taken":0,"max_hp_gain":0,"max_hp_loss":0,"event_name":"Wheel of Change","floor":4,"gold_loss":0},{"cards_removed":["Defend_B"],"damage_healed":0,"gold_gain":0,"player_choice":"Card Removal","damage_taken":7,"max_hp_gain":0,"max_hp_loss":0,"event_name":"Golden Wing","floor":11,"gold_loss":0},{"cards_removed":["Strike_B"],"damage_healed":0,"gold_gain":0,"player_choice":"Elegance","damage_taken":0,"max_hp_gain":0,"max_hp_loss":0,"event_name":"Back to Basics","floor":19,"gold_loss":0},{"damage_healed":0,"gold_gain":0,"player_choice":"Fought Bandits","damage_taken":0,"max_hp_gain":0,"max_hp_loss":0,"event_name":"Masked Bandits","floor":22,"gold_loss":0},{"damage_healed":0,"gold_gain":0,"player_choice":"Fight","damage_taken":0,"max_hp_gain":0,"max_hp_loss":0,"event_name":"Colosseum","floor":29,"gold_loss":0},{"damage_healed":0,"gold_gain":0,"player_choice":"Fled From Nobs","damage_taken":0,"max_hp_gain":0,"max_hp_loss":0,"event_name":"Colosseum","floor":29,"gold_loss":0},{"damage_healed":0,"gold_gain":0,"player_choice":"Upgraded","damage_taken":0,"max_hp_gain":0,"max_hp_loss":0,"event_name":"Upgrade Shrine","floor":30,"gold_loss":0,"cards_upgraded":["Sunder"]},{"damage_healed":0,"gold_gain":0,"player_choice":"Obtained Relic","damage_taken":0,"relics_obtained":["Molten Egg 2"],"max_hp_gain":0,"max_hp_loss":0,"event_name":"Addict","floor":31,"gold_loss":85},{"damage_healed":0,"gold_gain":0,"player_choice":"Ignored","damage_taken":0,"max_hp_gain":0,"max_hp_loss":0,"event_name":"Mysterious Sphere","floor":48,"gold_loss":0}],"is_beta":false,"boss_relics":[{"not_picked":["Empty Cage","Pandora\u0027s Box"],"picked":"Sozu"},{"not_picked":["Philosopher\u0027s Stone","Black Star"],"picked":"Eternal Feather"}],"items_purged_floors":[10,38],"is_endless":false,"potions_floor_spawned":[1,7,16,18,33,35,42,44,46,47],"ascension_level":3}