{"gold_per_floor":[113,113,113,124,138,138,165,165,165,195,213,223,223,238,238,316,316,329,343,343,343,362,395,395],"floor_reached":24,"playtime":4137,"items_purged":[],"score":388,"play_id":"2ca1dff4-8b9b-47bf-a5a9-eecb5ba34e54","local_time":"20190702130007","is_ascension_mode":true,"campfire_choices":[{"data":"Dualcast","floor":6,"key":"SMITH"},{"floor":13,"key":"REST"},{"data":"1","floor":15,"key":"LIFT"}],"neow_cost":"NONE","seed_source_timestamp":261593226714228,"circlet_count":0,"master_deck":["AscendersBane","Strike_B","Strike_B","Strike_B","Defend_B","Defend_B","Defend_B","Defend_B","Zap+1","Dualcast+1","Auto Shields","Sweeping Beam","Steam","Steam","Cold Snap","Conserve Battery","Go for the Eyes","Defragment","Go for the Eyes","Loop","Ball Lightning","Rainbow","Self Repair","Coolheaded","Ball Lightning+1","Chaos+1","Conserve Battery","Skim"],"relics":["FrozenCore","Prayer Wheel","Unceasing Top","Girya","Omamori","Symbiotic Virus"],"potions_floor_usage":[7,10,23,23,23,24,24],"damage_taken":[{"damage":0,"enemies":"Small Slimes","floor":1,"turns":3},{"damage":1,"enemies":"Jaw Worm","floor":4,"turns":3},{"damage":0,"enemies":"2 Louse","floor":5,"turns":3},{"damage":2,"enemies":"3 Sentries","floor":7,"turns":6},{"damage":19,"enemies":"Gremlin Nob","floor":10,"turns":5},{"damage":0,"enemies":"Blue Slaver","floor":11,"turns":4},{"damage":10,"enemies":"Lots of Slimes","floor":12,"turns":4},{"damage":0,"enemies":"3 Louse","floor":14,"turns":4},{"damage":1,"enemies":"The Guardian","floor":16,"turns":9},{"damage":3,"enemies":"Shell Parasite","floor":18,"turns":6},{"damage":13,"enemies":"Spheric Guardian","floor":19,"turns":6},{"damage":15,"enemies":"Cultist and Chosen","floor":22,"turns":7},{"damage":30,"enemies":"Book of Stabbing","floor":23,"turns":6},{"damage":8,"enemies":"Centurion and Healer","floor":24,"turns":4}],"seed_played":"-3794477507413737437","potions_obtained":[{"floor":1,"key":"FocusPotion"},{"floor":5,"key":"Explosive Potion"},{"floor":12,"key":"SpeedPotion"},{"floor":16,"key":"Dexterity Potion"},{"floor":18,"key":"LiquidBronze"},{"floor":22,"key":"EntropicBrew"},{"floor":23,"key":"Energy Potion"}],"is_trial":false,"path_per_floor":["M","?","?","M","M","R","E","?","T","E","M","M","R","M","R","B",null,"M","M","?","?","M","E","M"],"character_chosen":"DEFECT","items_purchased":[],"campfire_rested":1,"item_purchase_floors":[],"current_hp_per_floor":[64,64,52,51,51,51,49,42,42,23,23,13,34,34,34,33,62,59,53,53,46,38,8,0],"gold":395,"neow_bonus":"UPGRADE_CARD","is_prod":false,"is_daily":false,"chose_seed":false,"campfire_upgraded":1,"win_rate":0,"timestamp":1562043607,"path_taken":["M","?","?","M","M","R","E","?","T","E","M","M","R","M","R","BOSS","M","M","?","?","?","E","M"],"build_version":"2019-01-23","purchased_purges":0,"victory":false,"max_hp_per_floor":[71,71,71,71,71,71,71,71,71,71,71,71,71,71,71,71,71,71,71,71,71,71,71,71],"card_choices":[{"not_picked":["Turbo","Leap"],"picked":"Auto Shields","floor":1},{"not_picked":["Go for the Eyes","Stack"],"picked":"Sweeping Beam","floor":4},{"not_picked":["Turbo","Hologram"],"picked":"Steam","floor":4},{"not_picked":["Redo","Barrage"],"picked":"Steam","floor":5},{"not_picked":["Scrape","Gash","Cold Snap"],"picked":"SKIP","floor":5},{"not_picked":["Scrape","Gash"],"picked":"Cold Snap","floor":5},{"not_picked":["Beam Cell","Streamline"],"picked":"Conserve Battery","floor":7},{"not_picked":["Auto Shields","Fission"],"picked":"Go for the Eyes","floor":10},{"not_picked":["Darkness","Barrage"],"picked":"Defragment","floor":11},{"not_picked":["Storm","Hello World"],"picked":"Go for the Eyes","floor":11},{"not_picked":["Aggregate","Barrage","Leap"],"picked":"SKIP","floor":12},{"not_picked":["Redo","Force Field","Genetic Algorithm"],"picked":"SKIP","floor":12},{"not_picked":["Cold Snap","Doom and Gloom"],"picked":"Loop","floor":14},{"not_picked":["Coolheaded","Static Discharge"],"picked":"Ball Lightning","floor":14},{"not_picked":["Hyperbeam","Thunder Strike"],"picked":"Rainbow","floor":16},{"not_picked":["Steam","Cold Snap"],"picked":"Self Repair","floor":18},{"not_picked":["Streamline","Rebound","Chaos"],"picked":"SKIP","floor":18},{"not_picked":["Rebound","Go for the Eyes"],"picked":"Coolheaded","floor":19},{"not_picked":["Sweeping Beam","Chill"],"picked":"Ball Lightning+1","floor":19},{"not_picked":["Rebound","Turbo"],"picked":"Chaos+1","floor":22},{"not_picked":["Cold Snap","Stack"],"picked":"Conserve Battery","floor":22},{"not_picked":["Ball Lightning","Auto Shields"],"picked":"Skim","floor":23}],"player_experience":1129706,"relics_obtained":[{"floor":7,"key":"Unceasing Top"},{"floor":9,"key":"Girya"},{"floor":10,"key":"Omamori"},{"floor":23,"key":"Symbiotic Virus"}],"event_choices":[{"damage_healed":0,"gold_gain":0,"player_choice":"Ignored","damage_taken":0,"max_hp_gain":0,"max_hp_loss":0,"event_name":"Liars Game","floor":2,"gold_loss":0},{"damage_healed":0,"gold_gain":0,"player_choice":"Success","damage_taken":12,"relics_obtained":["Prayer Wheel"],"max_hp_gain":0,"max_hp_loss":0,"event_name":"Scrap Ooze","floor":3,"gold_loss":0},{"cards_removed":["Strike_B"],"damage_healed":0,"gold_gain":0,"player_choice":"Card Removal","damage_taken":7,"max_hp_gain":0,"max_hp_loss":0,"event_name":"Golden Wing","floor":8,"gold_loss":0},{"damage_healed":0,"gold_gain":0,"player_choice":"Ignored","damage_taken":0,"max_hp_gain":0,"max_hp_loss":0,"event_name":"Ghosts","floor":20,"gold_loss":0},{"damage_healed":0,"gold_gain":0,"player_choice":"Damaged","damage_taken":7,"max_hp_gain":0,"max_hp_loss":0,"event_name":"Wheel of Change","floor":21,"gold_loss":0}],"is_beta":false,"boss_relics":[{"not_picked":["Orrery","Runic Dome"],"picked":"FrozenCore"}],"items_purged_floors":[],"is_endless":false,"potions_floor_spawned":[1,5,12,16,18,22,23],"killed_by":"Centurion and Healer","ascension_level":14}