{"gold_per_floor":[117,36,56,56,156,156,185,185,209,224,224,250,265,279,279,380,380,400,11,24,24,42,71,71],"floor_reached":24,"playtime":1326,"items_purged":[],"score":377,"play_id":"faa1b18a-1e85-42bd-a9f3-23ce79096c4b","local_time":"20190626130240","is_ascension_mode":true,"campfire_choices":[{"data":"Zap","floor":6,"key":"SMITH"},{"data":"Dualcast","floor":8,"key":"SMITH"},{"data":"Capacitor","floor":11,"key":"SMITH"},{"data":"Blizzard","floor":15,"key":"SMITH"}],"neow_cost":"NONE","seed_source_timestamp":1018571043009792,"circlet_count":0,"master_deck":["AscendersBane","Strike_B+1","Strike_B","Strike_B","Strike_B+1","Defend_B","Defend_B","Defend_B","Defend_B","Zap+1","Dualcast+1","Coolheaded","Glacier","Go for the Eyes","Chill","Capacitor+1","Blizzard+1","Echo Form","Defragment","Bandage Up","Blizzard","Capacitor+1","Core Surge"],"relics":["Cracked Core","NeowsBlessing","Whetstone","PreservedInsect","Kunai","Philosopher\u0027s Stone","DataDisk","Anchor"],"potions_floor_usage":[16,24],"damage_taken":[{"damage":0,"enemies":"Cultist","floor":1,"turns":1},{"damage":0,"enemies":"Small Slimes","floor":3,"turns":1},{"damage":0,"enemies":"3 Sentries","floor":7,"turns":2},{"damage":0,"enemies":"Jaw Worm","floor":10,"turns":4},{"damage":4,"enemies":"Lagavulin","floor":12,"turns":7},{"damage":1,"enemies":"Blue Slaver","floor":13,"turns":5},{"damage":11,"enemies":"Exordium Wildlife","floor":14,"turns":5},{"damage":11,"enemies":"Hexaghost","floor":16,"turns":10},{"damage":18,"enemies":"2 Thieves","floor":18,"turns":4},{"damage":6,"enemies":"Chosen","floor":20,"turns":6},{"damage":7,"enemies":"Snecko","floor":22,"turns":6},{"damage":50,"enemies":"Slavers","floor":23,"turns":7},{"damage":29,"enemies":"Cultist and Chosen","floor":24,"turns":4}],"seed_played":"-5111619080841253517","potions_obtained":[{"floor":1,"key":"SpeedPotion"},{"floor":7,"key":"SpeedPotion"},{"floor":12,"key":"PowerPotion"},{"floor":16,"key":"FearPotion"}],"is_trial":false,"path_per_floor":["M","$","M","?","?","R","E","R","T","M","R","E","M","M","R","B",null,"M","$","M","?","M","E","M"],"character_chosen":"DEFECT","items_purchased":["Glacier","DataDisk","Defragment","Bandage Up","Blizzard"],"campfire_rested":0,"item_purchase_floors":[2,19,19,19,19],"current_hp_per_floor":[68,68,68,73,73,73,73,73,73,73,73,69,68,57,57,46,72,54,54,52,52,53,7,0],"gold":71,"neow_bonus":"THREE_ENEMY_KILL","is_prod":false,"is_daily":false,"chose_seed":false,"campfire_upgraded":4,"win_rate":0,"timestamp":1561525360,"path_taken":["M","?","M","?","?","R","E","R","T","M","R","E","M","M","R","BOSS","M","$","?","?","M","E","M"],"build_version":"2019-01-23","purchased_purges":0,"victory":false,"max_hp_per_floor":[75,75,75,80,80,80,80,80,80,80,80,80,80,80,80,80,80,80,80,80,80,80,80,80],"card_choices":[{"not_picked":["Undo","Stack"],"picked":"Coolheaded","floor":1},{"not_picked":["Darkness","Beam Cell"],"picked":"Go for the Eyes","floor":3},{"not_picked":["Skim","Undo"],"picked":"Chill","floor":7},{"not_picked":["Leap","Go for the Eyes"],"picked":"Capacitor","floor":10},{"not_picked":["Redo","Rebound"],"picked":"Blizzard","floor":12},{"not_picked":["Gash","Heatsinks","Sunder"],"picked":"SKIP","floor":13},{"not_picked":["Steam","Barrage","Redo"],"picked":"SKIP","floor":14},{"not_picked":["Reboot","Buffer"],"picked":"Echo Form","floor":16},{"not_picked":["Barrage","Rebound","Force Field"],"picked":"SKIP","floor":18},{"not_picked":["Undo","Streamline+1","Hologram"],"picked":"SKIP","floor":20},{"not_picked":["Reinforced Body+1","Skim","Hologram"],"picked":"SKIP","floor":22},{"not_picked":["BootSequence+1","Steam"],"picked":"Core Surge","floor":23}],"player_experience":1058557,"relics_obtained":[{"floor":7,"key":"Whetstone"},{"floor":9,"key":"PreservedInsect"},{"floor":12,"key":"Kunai"},{"floor":23,"key":"Anchor"}],"event_choices":[{"damage_healed":0,"gold_gain":0,"player_choice":"Donut","damage_taken":0,"max_hp_gain":5,"max_hp_loss":0,"event_name":"Big Fish","floor":4,"gold_loss":0},{"damage_healed":0,"gold_gain":100,"player_choice":"Pray","damage_taken":0,"max_hp_gain":0,"max_hp_loss":0,"event_name":"Golden Shrine","floor":5,"gold_loss":0},{"damage_healed":0,"gold_gain":0,"player_choice":"Copied","damage_taken":0,"max_hp_gain":0,"max_hp_loss":0,"event_name":"Duplicator","floor":21,"gold_loss":0,"cards_obtained":["Capacitor"]}],"is_beta":false,"boss_relics":[{"not_picked":["Velvet Choker","Coffee Dripper"],"picked":"Philosopher\u0027s Stone"}],"items_purged_floors":[],"is_endless":false,"potions_floor_spawned":[1,7,12,16,18],"killed_by":"Cultist and Chosen","ascension_level":10}