{"gold_per_floor":[118,118,130,140,158,176,201,201,272,292,292,54,76,91,91,91],"floor_reached":16,"playtime":971,"items_purged":[],"score":104,"play_id":"688e9255-580e-4ef9-a1de-1363461f7bff","local_time":"20190704165653","is_ascension_mode":false,"campfire_choices":[{"data":"Distraction","floor":8,"key":"SMITH"},{"data":"Distraction","floor":11,"key":"SMITH"},{"data":"Dramatic Entrance","floor":15,"key":"SMITH"}],"neow_cost":"NONE","seed_source_timestamp":87009380282043,"circlet_count":0,"master_deck":["Strike_G","Strike_G","Strike_G","Strike_G","Strike_G","Defend_G","Defend_G","Defend_G","Defend_G","Survivor","Neutralize","Quick Slash","Flying Knee","Underhanded Strike","Masterful Stab","Distraction+1","Distraction+1","Endless Agony","Dramatic Entrance+1","Dagger Throw","Dash"],"relics":["Velvet Choker","Anchor","Bottled Lightning","Bag of Marbles","Odd Mushroom"],"potions_floor_usage":[],"damage_taken":[{"damage":1,"enemies":"Jaw Worm","floor":1,"turns":5},{"damage":1,"enemies":"Cultist","floor":3,"turns":4},{"damage":0,"enemies":"2 Louse","floor":4,"turns":3},{"damage":0,"enemies":"Blue Slaver","floor":5,"turns":3},{"damage":2,"enemies":"Exordium Thugs","floor":6,"turns":4},{"damage":25,"enemies":"Gremlin Nob","floor":7,"turns":4},{"damage":0,"enemies":"3 Louse","floor":10,"turns":2},{"damage":0,"enemies":"The Mushroom Lair","floor":13,"turns":2},{"damage":0,"enemies":"2 Fungi Beasts","floor":14,"turns":3},{"damage":42,"enemies":"Slime Boss","floor":16,"turns":6}],"seed_played":"-5762948769566522932","potions_obtained":[{"floor":1,"key":"Swift Potion"},{"floor":5,"key":"Regen Potion"},{"floor":7,"key":"LiquidBronze"},{"floor":10,"key":"Fire Potion"}],"is_trial":false,"path_per_floor":["M","?","M","M","M","M","E","R","T","M","R","$","?","M","R","B"],"character_chosen":"THE_SILENT","items_purchased":["Bag of Marbles","Dramatic Entrance"],"campfire_rested":0,"item_purchase_floors":[12,12],"current_hp_per_floor":[69,69,68,68,68,66,41,41,41,41,41,41,41,41,41,0],"gold":91,"neow_bonus":"BOSS_RELIC","is_prod":false,"is_daily":false,"chose_seed":false,"campfire_upgraded":3,"win_rate":0.0,"timestamp":1562223413,"path_taken":["M","?","M","M","?","M","E","R","T","M","R","$","?","M","R","BOSS"],"build_version":"2019-07-01","purchased_purges":0,"victory":false,"max_hp_per_floor":[70,70,70,70,70,70,70,70,70,70,70,70,70,70,70,70],"card_choices":[{"not_picked":["Blur","PiercingWail"],"picked":"Quick Slash","floor":1},{"not_picked":["Deadly Poison","Choke"],"picked":"Flying Knee","floor":3},{"not_picked":["Deflect","Leg Sweep"],"picked":"Underhanded Strike","floor":4},{"not_picked":["PiercingWail","Deflect"],"picked":"Masterful Stab","floor":5},{"not_picked":["Backflip","Malaise"],"picked":"Distraction","floor":6},{"not_picked":["Deadly Poison","Flying Knee"],"picked":"Distraction","floor":7},{"not_picked":["Skewer","Sucker Punch"],"picked":"Endless Agony","floor":10},{"not_picked":["Skewer","Dodge and Roll"],"picked":"Dagger Throw","floor":13},{"not_picked":["Eviscerate","Deflect"],"picked":"Dash","floor":14}],"player_experience":9231,"relics_obtained":[{"floor":7,"key":"Anchor"},{"floor":9,"key":"Bottled Lightning"},{"floor":13,"key":"Odd Mushroom"}],"event_choices":[{"cards_removed":["Defend_G"],"damage_healed":0,"gold_gain":0,"player_choice":"Offered Basic","damage_taken":0,"max_hp_gain":0,"max_hp_loss":0,"event_name":"Bonfire Elementals","floor":2,"gold_loss":0},{"damage_healed":0,"gold_gain":0,"player_choice":"Fought Mushrooms","damage_taken":0,"max_hp_gain":0,"max_hp_loss":0,"event_name":"Mushrooms","floor":13,"gold_loss":0}],"is_beta":false,"boss_relics":[],"items_purged_floors":[],"is_endless":false,"potions_floor_spawned":[1,5,7,10,13],"killed_by":"Slime Boss","ascension_level":0}