{"gold_per_floor":[109,128,7,7,17,32,32,52,52,52,79,95,112,128,128,227,227,244,244,244,256,256,256,274,289,289,63,96,96,110,121,121,226,226,237,237,237,112,128,128,0,13,13,13,25,25,25,25,25,25],"floor_reached":51,"playtime":11193,"items_purged":["Strike_B","Strike_B","Defend_B"],"score":872,"play_id":"0433e76b-e566-466f-ae5b-36945846fbbd","local_time":"20190627144635","is_ascension_mode":true,"campfire_choices":[{"data":"Zap","floor":7.0,"key":"SMITH"},{"data":"Zap","floor":10.0,"key":"SMITH"},{"floor":15.0,"key":"REST"},{"data":"Dualcast","floor":23.0,"key":"SMITH"},{"data":"Hologram","floor":29.0,"key":"SMITH"},{"data":"Double Energy","floor":32.0,"key":"SMITH"},{"data":"Coolheaded","floor":40,"key":"SMITH"},{"floor":44,"key":"REST"},{"data":"Seek","floor":47,"key":"SMITH"},{"data":"Streamline","floor":49,"key":"SMITH"}],"neow_cost":"NONE","seed_source_timestamp":0,"circlet_count":0,"master_deck":["Defend_B","Defend_B","Defend_B","Zap+1","Dualcast+1","Go for the Eyes","Steam","Streamline+1","Machine Learning","Zap+1","Go for the Eyes","All For One","Hologram+1","Genetic Algorithm","Coolheaded+1","Seek+1","Double Energy+1","Scrape","Turbo","Self Repair+1","Chill","Echo Form","Steam","Gash+1"],"special_seed":0,"relics":["Cracked Core","Art of War","Symbiotic Virus","Omamori","Philosopher\u0027s Stone","Dead Branch","Bottled Flame","Potion Belt","Cursed Key","Red Mask","Thread and Needle"],"potions_floor_usage":[42,42],"damage_taken":[{"damage":1.0,"enemies":"Cultist","floor":1.0,"turns":3.0},{"damage":3.0,"enemies":"Small Slimes","floor":2.0,"turns":3.0},{"damage":4.0,"enemies":"2 Louse","floor":5.0,"turns":2.0},{"damage":0.0,"enemies":"2 Fungi Beasts","floor":6.0,"turns":4.0},{"damage":18.0,"enemies":"3 Louse","floor":8.0,"turns":3.0},{"damage":20.0,"enemies":"3 Sentries","floor":11.0,"turns":5.0},{"damage":8.0,"enemies":"Large Slime","floor":12.0,"turns":3.0},{"damage":3.0,"enemies":"Blue Slaver","floor":13.0,"turns":3.0},{"damage":0.0,"enemies":"Lots of Slimes","floor":14.0,"turns":3.0},{"damage":2.0,"enemies":"Slime Boss","floor":16.0,"turns":8.0},{"damage":1.0,"enemies":"Spheric Guardian","floor":18.0,"turns":3.0},{"damage":2.0,"enemies":"Shell Parasite","floor":21.0,"turns":5.0},{"damage":6.0,"enemies":"Colosseum Slavers","floor":22.0,"turns":4.0},{"damage":0.0,"enemies":"Sentry and Sphere","floor":24.0,"turns":3.0},{"damage":2.0,"enemies":"Cultist and Chosen","floor":25.0,"turns":7.0},{"damage":0.0,"enemies":"Gremlin Leader","floor":28.0,"turns":5.0},{"damage":29.0,"enemies":"3 Cultists","floor":30.0,"turns":5.0},{"damage":17.0,"enemies":"Shelled Parasite and Fungi","floor":31.0,"turns":6.0},{"damage":37.0,"enemies":"Champ","floor":33.0,"turns":9.0},{"damage":6,"enemies":"3 Shapes","floor":35,"turns":7},{"damage":12,"enemies":"Orb Walker","floor":39,"turns":3},{"damage":35,"enemies":"Spire Growth","floor":42,"turns":5},{"damage":0,"enemies":"4 Shapes","floor":45,"turns":5},{"damage":41,"enemies":"Donu and Deca","floor":50,"turns":8}],"seed_played":"-957661291252598910","potions_obtained":[{"floor":1.0,"key":"Fire Potion"},{"floor":11.0,"key":"GamblersBrew"},{"floor":14.0,"key":"SteroidPotion"},{"floor":16.0,"key":"Block Potion"},{"floor":24.0,"key":"Swift Potion"},{"floor":30.0,"key":"Regen Potion"},{"floor":33.0,"key":"GamblersBrew"},{"floor":39,"key":"Dexterity Potion"},{"floor":45,"key":"SmokeBomb"}],"is_trial":false,"path_per_floor":["M","M","$","?","M","M","R","M","T","R","E","M","M","M","R","B",null,"M","?","?","M","?","R","M","M","T","$","E","R","M","M","R","B",null,"M","?","?","$","M","R","?","M","T","R","M","$","R","$","R","B",null],"character_chosen":"DEFECT","items_purchased":["Streamline","Scrape","Turbo"],"campfire_rested":2,"item_purchase_floors":[3,27,27],"current_hp_per_floor":[67,64,64,64,60,60,60,42,42,42,22,14,11,11,33,31,64,63,63,63,61,55,55,55,53,53,53,53,53,34,42,42,15,60,54,54,54,54,52,52,52,27,27,49,69,69,69,69,69,38],"gold":25,"neow_bonus":"RANDOM_COMMON_RELIC","is_prod":false,"is_daily":false,"chose_seed":false,"campfire_upgraded":8,"win_rate":0,"timestamp":1561661195,"path_taken":["M","M","$","?","M","?","R","M","T","R","E","M","M","M","R","BOSS","M","?","?","M","?","R","M","M","T","$","E","R","M","M","R","BOSS","M","?","?","$","M","R","?","M","T","R","M","$","R","?","R","BOSS"],"build_version":"2019-01-23","purchased_purges":3,"victory":true,"max_hp_per_floor":[75,75,75,75,75,75,75,75,75,75,75,75,75,75,75,75,75,75,75,75,75,75,75,75,75,75,75,75,75,75,75,75,75,75,75,75,75,75,75,75,75,75,75,75,75,75,75,75,75,75],"card_choices":[{"not_picked":["Loop","Conserve Battery"],"picked":"Go for the Eyes","floor":1.0},{"not_picked":["Conserve Battery","Compile Driver"],"picked":"Steam","floor":2.0},{"not_picked":["Consume","Capacitor"],"picked":"Go for the Eyes","floor":5.0},{"not_picked":["Gash","Coolheaded"],"picked":"All For One","floor":6.0},{"not_picked":["Go for the Eyes","Storm","Cold Snap"],"picked":"SKIP","floor":8.0},{"not_picked":["Rebound","Beam Cell"],"picked":"Hologram","floor":11.0},{"not_picked":["Glacier","Leap","Stack"],"picked":"SKIP","floor":12.0},{"not_picked":["Sweeping Beam","Recycle"],"picked":"Genetic Algorithm","floor":13.0},{"not_picked":["Thunder Strike","Glacier"],"picked":"Coolheaded","floor":14.0},{"not_picked":["Creative AI","Reboot"],"picked":"Seek","floor":16.0},{"not_picked":["Aggregate","Coolheaded"],"picked":"Double Energy","floor":18.0},{"not_picked":["Hello World","Leap","Lockon"],"picked":"SKIP","floor":21.0},{"not_picked":["Hologram","Streamline","Ball Lightning+1"],"picked":"SKIP","floor":24.0},{"not_picked":["Sweeping Beam","Consume","Static Discharge+1"],"picked":"SKIP","floor":25.0},{"not_picked":["Buffer","Hello World+1"],"picked":"Self Repair+1","floor":28.0},{"not_picked":["Recycle","Turbo"],"picked":"Chill","floor":30.0},{"not_picked":["Storm+1","Double Energy+1","Cold Snap"],"picked":"SKIP","floor":31.0},{"not_picked":["Meteor Strike","Machine Learning"],"picked":"Echo Form","floor":33.0},{"not_picked":["Barrage","Streamline+1"],"picked":"Steam","floor":35},{"not_picked":["All For One","Hologram","Genetic Algorithm"],"picked":"SKIP","floor":39},{"not_picked":["Ball Lightning+1","Tempest+1","Redo"],"picked":"SKIP","floor":42},{"not_picked":["Recycle","Stack"],"picked":"Gash+1","floor":45}],"player_experience":431626,"relics_obtained":[{"floor":9.0,"key":"Symbiotic Virus"},{"floor":11.0,"key":"Omamori"},{"floor":26.0,"key":"Bottled Flame"},{"floor":28.0,"key":"Potion Belt"},{"floor":43,"key":"Thread and Needle"}],"event_choices":[{"damage_healed":0.0,"max_hp_gain":0.0,"max_hp_loss":0.0,"gold_gain":0.0,"event_name":"Match and Keep!","player_choice":"2 cards matched","floor":4.0,"gold_loss":0.0,"damage_taken":0.0,"cards_obtained":["Machine Learning","Zap"]},{"cards_removed":["Strike_B"],"damage_healed":0.0,"max_hp_gain":0.0,"max_hp_loss":0.0,"gold_gain":0.0,"event_name":"Back to Basics","player_choice":"Elegance","floor":19.0,"gold_loss":0.0,"damage_taken":0.0},{"damage_healed":0.0,"max_hp_gain":0.0,"max_hp_loss":0.0,"gold_gain":0.0,"event_name":"Addict","player_choice":"Stole Relic","floor":20.0,"gold_loss":0.0,"damage_taken":0.0,"relics_obtained":["Dead Branch"],"cards_obtained":["Shame"]},{"damage_healed":0.0,"max_hp_gain":0.0,"max_hp_loss":0.0,"gold_gain":0.0,"event_name":"Colosseum","player_choice":"Fight","floor":22.0,"gold_loss":0.0,"damage_taken":0.0},{"damage_healed":0.0,"max_hp_gain":0.0,"max_hp_loss":0.0,"gold_gain":0.0,"event_name":"Colosseum","player_choice":"Fled From Nobs","floor":22.0,"gold_loss":0.0,"damage_taken":0.0},{"damage_healed":0,"gold_gain":0,"player_choice":"Ignored","damage_taken":0,"max_hp_gain":0,"max_hp_loss":0,"event_name":"Mysterious Sphere","floor":36,"gold_loss":0},{"cards_removed":["Strike_B"],"damage_healed":0,"gold_gain":0,"player_choice":"Removed Attack","damage_taken":0,"max_hp_gain":0,"max_hp_loss":0,"event_name":"Falling","floor":37,"gold_loss":0},{"damage_healed":0,"gold_gain":0,"player_choice":"Paid","damage_taken":0,"relics_obtained":["Red Mask"],"max_hp_gain":0,"max_hp_loss":0,"event_name":"Tomb of Lord Red Mask","floor":41,"gold_loss":128}],"is_beta":false,"boss_relics":[{"not_picked":["Calling Bell","Tiny House"],"picked":"Philosopher\u0027s Stone"},{"not_picked":["Sozu","Nuclear Battery"],"picked":"Cursed Key"}],"items_purged_floors":[3,27,38],"is_endless":false,"potions_floor_spawned":[1,11,14,16,18,22,24,30,33,39,45],"ascension_level":7}