{"gold_per_floor":[110,110,127,147,72,72,101,101,125,156,156,168,184,199,199,276,276,290,290,290,290,304,304,319,319,319,347,347],"floor_reached":28,"playtime":1554,"items_purged":[],"score":422,"play_id":"fbaec16b-6246-4870-a681-ff8bb2690d4b","local_time":"20190701112552","is_ascension_mode":true,"campfire_choices":[{"data":"Zap","floor":6,"key":"SMITH"},{"data":"Capacitor","floor":8,"key":"SMITH"},{"data":"Defragment","floor":11,"key":"SMITH"},{"data":"Glacier","floor":15,"key":"SMITH"},{"data":"Beam Cell","floor":23,"key":"SMITH"},{"data":"Turbo","floor":25,"key":"SMITH"}],"neow_cost":"NONE","seed_source_timestamp":172133815296314,"circlet_count":0,"master_deck":["AscendersBane","Strike_B","Strike_B","Strike_B","Strike_B","Defend_B","Defend_B","Defend_B+1","Defend_B","Zap+1","Dualcast+1","Beam Cell+1","Glacier+1","Defragment+1","Capacitor+1","Self Repair","Turbo+1","Machine Learning","Darkness+1","FTL+1"],"relics":["Cracked Core","Blood Vial","War Paint","Pantograph","Bag of Preparation","Gremlin Horn","Coffee Dripper","Vajra","Meat on the Bone"],"potions_floor_usage":[14,16,22,22,27],"damage_taken":[{"damage":0,"enemies":"2 Louse","floor":1,"turns":2},{"damage":1,"enemies":"Cultist","floor":3,"turns":3},{"damage":2,"enemies":"Jaw Worm","floor":4,"turns":3},{"damage":24,"enemies":"3 Sentries","floor":7,"turns":9},{"damage":4,"enemies":"Lagavulin","floor":10,"turns":8},{"damage":6,"enemies":"Looter","floor":12,"turns":4},{"damage":0,"enemies":"Red Slaver","floor":13,"turns":4},{"damage":3,"enemies":"Exordium Wildlife","floor":14,"turns":6},{"damage":22,"enemies":"The Guardian","floor":16,"turns":10},{"damage":16,"enemies":"Shell Parasite","floor":18,"turns":6},{"damage":0,"enemies":"Spheric Guardian","floor":22,"turns":3},{"damage":12,"enemies":"Snake Plant","floor":24,"turns":7},{"damage":66,"enemies":"Slavers","floor":27,"turns":10},{"damage":19,"enemies":"Snecko","floor":28,"turns":4}],"seed_played":"-1419873532663226679","potions_obtained":[{"floor":4,"key":"Strength Potion"},{"floor":7,"key":"Poison Potion"},{"floor":10,"key":"Block Potion"},{"floor":14,"key":"LiquidBronze"},{"floor":18,"key":"Swift Potion"},{"floor":24,"key":"Energy Potion"}],"is_trial":false,"path_per_floor":["M","?","M","M","$","R","E","R","T","E","R","M","M","M","R","B",null,"M","?","?","?","M","R","M","R","T","E","M"],"character_chosen":"DEFECT","items_purchased":["Defragment"],"campfire_rested":0,"item_purchase_floors":[5],"current_hp_per_floor":[66,66,67,67,67,67,45,45,45,43,43,46,55,61,61,56,67,60,47,47,76,76,76,71,71,71,14,0],"gold":347,"neow_bonus":"RANDOM_COMMON_RELIC","is_prod":false,"is_daily":false,"chose_seed":false,"campfire_upgraded":6,"win_rate":0,"timestamp":1561951552,"path_taken":["M","?","M","M","$","R","E","R","T","E","R","M","M","?","R","BOSS","M","?","?","?","?","R","M","R","T","E","M"],"build_version":"2019-01-23","purchased_purges":0,"victory":false,"max_hp_per_floor":[71,71,71,71,71,71,71,71,71,71,71,71,71,71,71,71,71,71,76,76,76,76,76,76,76,76,76,76],"card_choices":[{"not_picked":["Chaos","Recycle"],"picked":"Beam Cell","floor":1},{"not_picked":["Static Discharge","Aggregate"],"picked":"Glacier","floor":3},{"not_picked":["Hologram","Beam Cell","Barrage"],"picked":"SKIP","floor":4},{"not_picked":["Scrape","Hologram"],"picked":"Capacitor","floor":7},{"not_picked":["Tempest","Leap"],"picked":"Self Repair","floor":10},{"not_picked":["Doom and Gloom","Barrage","Hello World"],"picked":"SKIP","floor":12},{"not_picked":["Beam Cell","Redo"],"picked":"Turbo","floor":13},{"not_picked":["Hologram","Scrape"],"picked":"Static Discharge","floor":14},{"not_picked":["Hyperbeam","Thunder Strike"],"picked":"Machine Learning","floor":16},{"not_picked":["Reprogram","Conserve Battery"],"picked":"Darkness+1","floor":18},{"not_picked":["Compile Driver","Undo"],"picked":"FTL+1","floor":22},{"not_picked":["Reinforced Body","Recycle","Storm"],"picked":"SKIP","floor":24},{"not_picked":["Undo","Turbo","Cold Snap"],"picked":"SKIP","floor":27}],"player_experience":1112921,"relics_obtained":[{"floor":2,"key":"War Paint"},{"floor":7,"key":"Pantograph"},{"floor":9,"key":"Bag of Preparation"},{"floor":10,"key":"Gremlin Horn"},{"floor":26,"key":"Vajra"},{"floor":27,"key":"Meat on the Bone"}],"event_choices":[{"damage_healed":0,"gold_gain":0,"player_choice":"Relic","damage_taken":0,"max_hp_gain":0,"max_hp_loss":0,"event_name":"Wheel of Change","floor":2,"gold_loss":0},{"damage_healed":0,"gold_gain":0,"player_choice":"Shed Blood","damage_taken":18,"max_hp_gain":5,"max_hp_loss":0,"event_name":"Forgotten Altar","floor":19,"gold_loss":0},{"damage_healed":0,"gold_gain":0,"player_choice":"Ignored","damage_taken":0,"max_hp_gain":0,"max_hp_loss":0,"event_name":"Ghosts","floor":20,"gold_loss":0},{"cards_removed":["Static Discharge"],"damage_healed":29,"gold_gain":0,"player_choice":"Offered Uncommon","damage_taken":0,"max_hp_gain":0,"max_hp_loss":0,"event_name":"Bonfire Elementals","floor":21,"gold_loss":0}],"is_beta":false,"boss_relics":[{"not_picked":["Eternal Feather","Busted Crown"],"picked":"Coffee Dripper"}],"items_purged_floors":[],"is_endless":false,"potions_floor_spawned":[4,7,10,14,18,24],"killed_by":"Snecko","ascension_level":14}