{"gold_per_floor":[213,174,174,174,193,193,45,62,62,62,95,95,128,143,143,241,241,259,259,53,53,72,72,92,133,179,179,104,122,138,138],"floor_reached":31,"playtime":1565,"items_purged":[],"score":447,"play_id":"59260db6-69b8-40c7-a5b2-a8f71d9dbca3","local_time":"20190619223719","is_ascension_mode":true,"campfire_choices":[{"data":"Streamline","floor":6.0,"key":"SMITH"},{"data":"Streamline","floor":15.0,"key":"SMITH"},{"data":"RitualDagger","floor":23.0,"key":"SMITH"},{"floor":27.0,"key":"REST"}],"neow_cost":"NONE","seed_source_timestamp":538229532468399,"circlet_count":0,"master_deck":["AscendersBane","Strike_B","Strike_B","Strike_B","Strike_B","Defend_B","Defend_B","Defend_B","Defend_B","Zap","Dualcast","Streamline+1","Self Repair","Streamline+1","Rip and Tear","Glacier","Cold Snap","Chill","Core Surge","Shame","Defragment","Shame","RitualDagger+1","Steam+1","Leap","Coolheaded"],"special_seed":0,"relics":["Cracked Core","Torii","Kunai","Omamori","Symbiotic Virus","Mercury Hourglass","Golden Idol","Bottled Flame","Calling Bell","Pear","Strawberry","Ginger","Oddly Smooth Stone","ClockworkSouvenir","Ice Cream","Anchor"],"potions_floor_usage":[31],"damage_taken":[{"damage":0.0,"enemies":"2 Louse","floor":1.0,"turns":2.0},{"damage":7.0,"enemies":"Jaw Worm","floor":5.0,"turns":3.0},{"damage":0.0,"enemies":"Small Slimes","floor":8.0,"turns":2.0},{"damage":24.0,"enemies":"Gremlin Nob","floor":11.0,"turns":4.0},{"damage":25.0,"enemies":"Lagavulin","floor":13.0,"turns":4.0},{"damage":0.0,"enemies":"3 Louse","floor":14.0,"turns":2.0},{"damage":11.0,"enemies":"The Guardian","floor":16.0,"turns":11.0},{"damage":6.0,"enemies":"Spheric Guardian","floor":18.0,"turns":3.0},{"damage":7.0,"enemies":"Chosen","floor":22.0,"turns":3.0},{"damage":11.0,"enemies":"3 Cultists","floor":24.0,"turns":6.0},{"damage":45.0,"enemies":"Book of Stabbing","floor":25.0,"turns":6.0},{"damage":21.0,"enemies":"Snake Plant","floor":29.0,"turns":4.0},{"damage":12.0,"enemies":"Sentry and Sphere","floor":30.0,"turns":4.0},{"damage":17,"enemies":"Cultist and Chosen","floor":31,"turns":4}],"seed_played":"-7032532659040092557","potions_obtained":[{"floor":8.0,"key":"Swift Potion"},{"floor":11.0,"key":"Poison Potion"},{"floor":14.0,"key":"Strength Potion"},{"floor":16.0,"key":"PowerPotion"},{"floor":18.0,"key":"Strength Potion"},{"floor":29.0,"key":"GamblersBrew"},{"floor":30.0,"key":"FearPotion"}],"is_trial":false,"path_per_floor":["M","$","?","T","M","R","$","M","T","?","E","?","E","M","R","B",null,"M","?","$","?","M","R","M","E","T","R","?","M","M","M"],"character_chosen":"DEFECT","items_purchased":["Self Repair","Omamori","ClockworkSouvenir"],"campfire_rested":1,"item_purchase_floors":[2,7,20],"current_hp_per_floor":[64,64,61,61,61,61,61,61,61,61,44,44,26,26,26,22,76,70,70,70,64,57,57,46,1,1,27,27,13,1,0],"gold":138,"neow_bonus":"HUNDRED_GOLD","is_prod":false,"is_daily":false,"chose_seed":false,"campfire_upgraded":3,"win_rate":0,"timestamp":1560976639,"path_taken":["M","$","?","?","M","R","$","M","T","?","E","?","E","M","R","BOSS","M","?","$","?","M","R","M","E","T","R","?","M","M","M"],"build_version":"2019-01-23","purchased_purges":0,"victory":false,"max_hp_per_floor":[71,71,71,71,71,71,71,71,71,71,71,71,71,71,71,71,88,88,88,88,88,88,88,88,88,88,88,88,88,88,88],"card_choices":[{"not_picked":["Beam Cell","Turbo"],"picked":"Streamline","floor":1.0},{"not_picked":["Recycle","Barrage"],"picked":"Streamline","floor":5.0},{"not_picked":["Barrage","Loop"],"picked":"Rip and Tear","floor":8.0},{"not_picked":["Skim","Rebound"],"picked":"Glacier","floor":11.0},{"not_picked":["Meteor Strike","Rip and Tear"],"picked":"Cold Snap","floor":13.0},{"not_picked":["Go for the Eyes","Sweeping Beam"],"picked":"Chill","floor":14.0},{"not_picked":["All For One","Seek"],"picked":"Core Surge","floor":16.0},{"not_picked":["Fusion+1","Rebound"],"picked":"Defragment","floor":18.0},{"not_picked":["Cold Snap+1","Rip and Tear"],"picked":"Steam+1","floor":22.0},{"not_picked":["Gash","Hello World","Auto Shields"],"picked":"SKIP","floor":24.0},{"not_picked":["Turbo","Cold Snap+1"],"picked":"Leap","floor":25.0},{"not_picked":["Lockon","Turbo"],"picked":"Coolheaded","floor":29.0},{"not_picked":["Darkness","Recycle","Cold Snap"],"picked":"SKIP","floor":30.0}],"player_experience":814990,"relics_obtained":[{"floor":4.0,"key":"Kunai"},{"floor":9.0,"key":"Symbiotic Virus"},{"floor":11.0,"key":"Mercury Hourglass"},{"floor":13.0,"key":"Bottled Flame"},{"floor":17.0,"key":"Pear"},{"floor":17.0,"key":"Strawberry"},{"floor":17.0,"key":"Ginger"},{"floor":25.0,"key":"Ice Cream"},{"floor":26.0,"key":"Anchor"}],"event_choices":[{"damage_healed":0.0,"max_hp_gain":0.0,"max_hp_loss":0.0,"gold_gain":0.0,"event_name":"Scrap Ooze","player_choice":"Success","floor":3.0,"gold_loss":0.0,"damage_taken":3.0,"relics_obtained":["Torii"]},{"damage_healed":0.0,"max_hp_gain":0.0,"max_hp_loss":0.0,"gold_gain":0.0,"event_name":"The Cleric","player_choice":"Leave","floor":10.0,"gold_loss":0.0,"damage_taken":0.0},{"damage_healed":0.0,"max_hp_gain":0.0,"max_hp_loss":0.0,"gold_gain":0.0,"event_name":"Golden Idol","player_choice":"Take Wound","floor":12.0,"gold_loss":0.0,"damage_taken":0.0,"relics_obtained":["Golden Idol"],"cards_obtained":["Injury"]},{"damage_healed":0.0,"max_hp_gain":0.0,"max_hp_loss":0.0,"gold_gain":0.0,"event_name":"Addict","player_choice":"Stole Relic","floor":19.0,"gold_loss":0.0,"damage_taken":0.0,"relics_obtained":["Oddly Smooth Stone"],"cards_obtained":["Shame"]},{"damage_healed":0.0,"max_hp_gain":0.0,"max_hp_loss":0.0,"gold_gain":0.0,"event_name":"Nest","player_choice":"Joined the Cult","floor":21.0,"gold_loss":0.0,"damage_taken":6.0,"cards_obtained":["RitualDagger"]},{"cards_removed":["Normality"],"damage_healed":0.0,"max_hp_gain":0.0,"max_hp_loss":0.0,"gold_gain":0.0,"event_name":"Beggar","player_choice":"Gave Gold","floor":28.0,"gold_loss":75.0,"damage_taken":0.0}],"is_beta":false,"boss_relics":[{"not_picked":["Velvet Choker","Empty Cage"],"picked":"Calling Bell"}],"items_purged_floors":[],"is_endless":false,"potions_floor_spawned":[8,11,14,16,18,29,30],"killed_by":"Cultist and Chosen","ascension_level":14}