{"gold_per_floor":[115,115,131,131,56,56,56,56,136,153,164,179,203,203,203,277,277,297,222,6,17,17,46,46,76,103,103,134,147,147,147,147,147],"floor_reached":33,"playtime":1793,"items_purged":["Strike_R"],"score":524,"play_id":"675c24d3-bcf3-423c-9146-46f1c61488bf","local_time":"20190112134237","is_ascension_mode":true,"campfire_choices":[{"data":"Defend_R","floor":6,"key":"SMITH"},{"data":"Defend_R","floor":8,"key":"SMITH"},{"data":"Clothesline","floor":15,"key":"SMITH"},{"data":"Immolate","floor":24,"key":"SMITH"},{"data":"Choke","floor":27,"key":"SMITH"},{"floor":30,"key":"REST"},{"floor":32,"key":"REST"}],"neow_cost":"NONE","seed_source_timestamp":13623685259830,"circlet_count":0,"master_deck":["AscendersBane","Strike_R","Strike_R","Defend_R+1","Defend_R+1","Defend_R+1","Bash+1","Rage","Clothesline+1","Immolate+1","PiercingWail","Choke+1","Cleave","Gash+1","Forethought"],"relics":["Burning Blood","Question Card","Blue Candle","Bronze Scales","Velvet Choker","PrismaticShard","Omamori","PreservedInsect","Centennial Puzzle","Sundial"],"potions_floor_usage":[12,16,23,25,28,33],"damage_taken":[{"damage":0,"enemies":"2 Louse","floor":1,"turns":3},{"damage":1,"enemies":"Cultist","floor":3,"turns":4},{"damage":4,"enemies":"Jaw Worm","floor":10,"turns":3},{"damage":0,"enemies":"Exordium Wildlife","floor":11,"turns":3},{"damage":13,"enemies":"Lots of Slimes","floor":12,"turns":9},{"damage":59,"enemies":"Hexaghost","floor":16,"turns":13},{"damage":2,"enemies":"Spheric Guardian","floor":18,"turns":3},{"damage":0,"enemies":"Shell Parasite","floor":21,"turns":4},{"damage":24,"enemies":"Colosseum Slavers","floor":22,"turns":4},{"damage":23,"enemies":"Slavers","floor":23,"turns":5},{"damage":21,"enemies":"Gremlin Leader","floor":25,"turns":4},{"damage":18,"enemies":"Book of Stabbing","floor":28,"turns":4},{"damage":9,"enemies":"Centurion and Healer","floor":29,"turns":5},{"damage":72,"enemies":"Automaton","floor":33,"turns":6}],"seed_played":"179221795126285127","potions_obtained":[{"floor":1,"key":"Regen Potion"},{"floor":10,"key":"FearPotion"},{"floor":12,"key":"Energy Potion"},{"floor":16,"key":"Explosive Potion"},{"floor":23,"key":"FearPotion"},{"floor":28,"key":"PowerPotion"}],"is_trial":false,"path_per_floor":["M","?","M","?","$","R","T","R","T","M","M","M","T","?","R","B",null,"M","?","$","M","?","E","R","E","T","R","E","M","R","?","R","B"],"character_chosen":"IRONCLAD","items_purchased":["PrismaticShard"],"campfire_rested":2,"item_purchase_floors":[20],"current_hp_per_floor":[74,74,75,75,75,75,75,75,75,75,75,75,75,80,80,27,67,71,71,71,77,59,42,42,27,27,27,15,12,36,36,60,0],"gold":147,"neow_bonus":"UPGRADE_CARD","is_prod":false,"is_daily":false,"chose_seed":false,"campfire_upgraded":5,"win_rate":0,"timestamp":1547271757,"path_taken":["M","?","?","?","$","R","?","R","T","M","?","M","?","?","R","BOSS","M","?","$","M","?","E","R","E","T","R","E","M","R","?","R","BOSS"],"build_version":"2019-01-10","purchased_purges":1,"victory":false,"max_hp_per_floor":[75,75,75,75,75,75,75,75,75,75,75,75,75,80,80,80,80,80,80,80,80,80,80,80,80,80,80,80,80,80,80,80,80],"card_choices":[{"not_picked":["Reckless Charge","Entrench","Anger"],"picked":"SKIP","floor":1},{"not_picked":["Havoc","Iron Wave","Thunderclap"],"picked":"SKIP","floor":3},{"not_picked":["True Grit","Carnage","Body Slam"],"picked":"Rage","floor":10},{"not_picked":["Iron Wave","Metallicize","Blood for Blood"],"picked":"Clothesline","floor":11},{"not_picked":["Anger","Fiend Fire","Iron Wave","Rupture"],"picked":"SKIP","floor":12},{"not_picked":["Reaper","Dark Embrace","Bludgeon"],"picked":"Immolate","floor":16},{"not_picked":["Heavy Blade","Wild Strike","Fire Breathing","Iron Wave"],"picked":"SKIP","floor":18},{"not_picked":["Aggregate","FTL","Fire Breathing"],"picked":"PiercingWail","floor":21},{"not_picked":["Barrage+1","Redo","True Grit"],"picked":"Choke","floor":23},{"not_picked":["Backflip","Recycle","Coolheaded"],"picked":"Cleave","floor":25},{"not_picked":["Machine Learning","Armaments","Clash"],"picked":"Gash+1","floor":28},{"not_picked":["Poisoned Stab","Dagger Throw","Beam Cell"],"picked":"Forethought","floor":29}],"player_experience":659965,"relics_obtained":[{"floor":7,"key":"Question Card"},{"floor":9,"key":"Blue Candle"},{"floor":13,"key":"Bronze Scales"},{"floor":23,"key":"Omamori"},{"floor":25,"key":"PreservedInsect"},{"floor":26,"key":"Centennial Puzzle"},{"floor":28,"key":"Sundial"}],"event_choices":[{"damage_healed":0,"gold_gain":0,"player_choice":"Forge","damage_taken":0,"max_hp_gain":0,"max_hp_loss":0,"event_name":"Accursed Blacksmith","floor":2,"gold_loss":0,"cards_upgraded":["Defend_R"]},{"cards_removed":["Strike_R"],"damage_healed":0,"gold_gain":0,"player_choice":"Forget","damage_taken":0,"max_hp_gain":0,"max_hp_loss":0,"event_name":"Living Wall","floor":4,"gold_loss":0},{"damage_healed":0,"gold_gain":0,"player_choice":"Donut","damage_taken":0,"max_hp_gain":5,"max_hp_loss":0,"event_name":"Big Fish","floor":14,"gold_loss":0},{"cards_removed":["Defend_R"],"damage_healed":0,"gold_gain":0,"player_choice":"Gave Gold","damage_taken":0,"max_hp_gain":0,"max_hp_loss":0,"event_name":"Beggar","floor":19,"gold_loss":75},{"damage_healed":0,"gold_gain":0,"player_choice":"Fight","damage_taken":0,"max_hp_gain":0,"max_hp_loss":0,"event_name":"Colosseum","floor":22,"gold_loss":0},{"damage_healed":0,"gold_gain":0,"player_choice":"Fled From Nobs","damage_taken":0,"max_hp_gain":0,"max_hp_loss":0,"event_name":"Colosseum","floor":22,"gold_loss":0},{"cards_removed":["Strike_R"],"damage_healed":0,"gold_gain":0,"player_choice":"Offered Basic","damage_taken":0,"max_hp_gain":0,"max_hp_loss":0,"event_name":"Bonfire Elementals","floor":31,"gold_loss":0}],"is_beta":false,"boss_relics":[{"not_picked":["Mark of Pain","Ectoplasm"],"picked":"Velvet Choker"}],"items_purged_floors":[5],"is_endless":false,"potions_floor_spawned":[1,10,12,16,22,23,28],"killed_by":"Automaton","ascension_level":16}