{"gold_per_floor":[115,127,140,215,229,229,242,268,291,291,309,102,102,116,116,214,214,224,224,237,237,257,257,257],"floor_reached":24,"playtime":2614,"items_purged":["Strike_B"],"score":290,"play_id":"729d4b7b-b128-400e-b44c-03fbfc3d7a4f","local_time":"20190701091701","is_ascension_mode":true,"campfire_choices":[{"data":"Zap","floor":6.0,"key":"SMITH"},{"floor":10.0,"key":"REST"},{"data":"Redo","floor":13.0,"key":"SMITH"},{"floor":15.0,"key":"REST"},{"floor":23,"key":"REST"}],"neow_cost":"NONE","seed_source_timestamp":0,"circlet_count":0,"master_deck":["Strike_B","Defend_B","Defend_B","Defend_B","Defend_B","Zap+1","Dualcast","Barrage","Coolheaded","Defragment","Seek","Darkness","Redo+1","Capacitor","Conserve Battery","Hologram","Rainbow","Coolheaded","Loop","Coolheaded"],"special_seed":0,"relics":["Cracked Core","NeowsBlessing","Blood Vial","Lantern","Inserter"],"potions_floor_usage":[],"damage_taken":[{"damage":0.0,"enemies":"Cultist","floor":1.0,"turns":1.0},{"damage":0.0,"enemies":"Small Slimes","floor":2.0,"turns":1.0},{"damage":0.0,"enemies":"2 Louse","floor":3.0,"turns":1.0},{"damage":5.0,"enemies":"Looter","floor":5.0,"turns":4.0},{"damage":4.0,"enemies":"Red Slaver","floor":7.0,"turns":4.0},{"damage":19.0,"enemies":"3 Sentries","floor":8.0,"turns":5.0},{"damage":16.0,"enemies":"Exordium Wildlife","floor":11.0,"turns":4.0},{"damage":23.0,"enemies":"Gremlin Gang","floor":14.0,"turns":5.0},{"damage":32.0,"enemies":"Slime Boss","floor":16.0,"turns":8.0},{"damage":7.0,"enemies":"Chosen","floor":18.0,"turns":5.0},{"damage":23.0,"enemies":"2 Thieves","floor":20.0,"turns":4.0},{"damage":12,"enemies":"Sentry and Sphere","floor":22,"turns":6},{"damage":46,"enemies":"Slavers","floor":24,"turns":4}],"seed_played":"4017254325785741176","potions_obtained":[{"floor":3.0,"key":"Ancient Potion"},{"floor":5.0,"key":"Explosive Potion"},{"floor":14.0,"key":"FearPotion"},{"floor":16.0,"key":"GamblersBrew"}],"is_trial":false,"path_per_floor":["M","M","M","?","M","R","M","E","T","R","M","$","R","M","R","B",null,"M","?","M","?","M","R","E"],"character_chosen":"DEFECT","items_purchased":["Capacitor","Conserve Battery"],"campfire_rested":3,"item_purchase_floors":[12,12],"current_hp_per_floor":[68,68,68,57,52,52,48,29,29,51,37,37,37,16,38,8,58,53,53,32,32,22,44,0],"gold":257,"neow_bonus":"THREE_ENEMY_KILL","is_prod":false,"is_daily":false,"chose_seed":false,"campfire_upgraded":2,"win_rate":0,"timestamp":1561987021,"path_taken":["M","M","M","?","M","R","M","E","T","R","M","$","R","M","R","BOSS","M","?","?","?","M","R","E"],"build_version":"2019-01-23","purchased_purges":1,"victory":false,"max_hp_per_floor":[75,75,75,75,75,75,75,75,75,75,75,75,75,75,75,75,75,75,75,75,75,75,75,75],"card_choices":[{"not_picked":["Turbo","Undo"],"picked":"Barrage","floor":1.0},{"not_picked":["Streamline","Hologram"],"picked":"Coolheaded","floor":2.0},{"not_picked":["Stack","Scrape"],"picked":"Defragment","floor":3.0},{"not_picked":["Aggregate","Coolheaded"],"picked":"Seek","floor":5.0},{"not_picked":["Force Field","Rebound","Redo"],"picked":"SKIP","floor":7.0},{"not_picked":["Steam Power","Rebound"],"picked":"Darkness","floor":8.0},{"not_picked":["Sweeping Beam","Aggregate"],"picked":"Redo","floor":11.0},{"not_picked":["Heatsinks","Streamline"],"picked":"Hologram","floor":14.0},{"not_picked":["Seek","Hyperbeam"],"picked":"Rainbow","floor":16.0},{"not_picked":["Conserve Battery","FTL","Rebound"],"picked":"SKIP","floor":18.0},{"not_picked":["Scrape","Steam+1"],"picked":"Coolheaded","floor":20},{"not_picked":["Beam Cell","Heatsinks+1","Conserve Battery"],"picked":"SKIP","floor":22}],"player_experience":484145,"relics_obtained":[{"floor":8.0,"key":"Blood Vial"},{"floor":9.0,"key":"Lantern"}],"event_choices":[{"damage_healed":0.0,"max_hp_gain":0.0,"max_hp_loss":0.0,"gold_gain":75.0,"event_name":"World of Goop","player_choice":"Gather Gold","floor":4.0,"gold_loss":0.0,"damage_taken":11.0},{"damage_healed":0.0,"max_hp_gain":0.0,"max_hp_loss":0.0,"gold_gain":0.0,"event_name":"N\u0027loth","player_choice":"Ignored","floor":19.0,"gold_loss":0.0,"damage_taken":0.0},{"damage_healed":0,"gold_gain":0,"cards_transformed":["Strike_B","Strike_B"],"player_choice":"Became Test Subject","damage_taken":0,"max_hp_gain":0,"max_hp_loss":0,"event_name":"Drug Dealer","floor":21,"gold_loss":0,"cards_obtained":["Loop","Coolheaded"]}],"is_beta":false,"boss_relics":[{"not_picked":["Fusion Hammer","White Beast Statue"],"picked":"Inserter"}],"items_purged_floors":[12],"is_endless":false,"potions_floor_spawned":[3,5,14,16],"killed_by":"Slavers","ascension_level":9}