{"gold_per_floor":[112,112,37,37,50,50,85,98,98,114,147,147,147],"floor_reached":13,"playtime":317,"items_purged":[],"score":172,"play_id":"44ff21a0-01a2-42ab-a228-dd036e352c3f","local_time":"20190705125206","is_ascension_mode":true,"campfire_choices":[{"data":"Dualcast","floor":6,"key":"SMITH"},{"floor":12,"key":"REST"}],"neow_cost":"NONE","seed_source_timestamp":524166804487697,"circlet_count":0,"master_deck":["AscendersBane","Strike_B","Strike_B","Strike_B","Defend_B","Defend_B","Defend_B","Zap+1","Dualcast+1","Go for the Eyes","Capacitor","Turbo","Static Discharge"],"relics":["Cracked Core","Golden Idol","Darkstone Periapt","DataDisk","Boot"],"potions_floor_usage":[7,8,10,11],"damage_taken":[{"damage":0,"enemies":"2 Louse","floor":1,"turns":2},{"damage":12,"enemies":"Small Slimes","floor":5,"turns":2},{"damage":18,"enemies":"Lagavulin","floor":7,"turns":6},{"damage":0,"enemies":"Jaw Worm","floor":8,"turns":2},{"damage":3,"enemies":"Red Slaver","floor":10,"turns":3},{"damage":25,"enemies":"3 Sentries","floor":11,"turns":7},{"damage":28,"enemies":"Gremlin Gang","floor":13,"turns":3}],"seed_played":"-8597057719662575933","potions_obtained":[{"floor":1,"key":"Block Potion"},{"floor":7,"key":"Block Potion"},{"floor":8,"key":"SkillPotion"},{"floor":10,"key":"SteroidPotion"}],"is_trial":false,"path_per_floor":["M","?","?","?","M","R","E","M","T","M","E","R","M"],"character_chosen":"DEFECT","items_purchased":[],"campfire_rested":1,"item_purchase_floors":[],"current_hp_per_floor":[64,64,64,64,52,52,34,34,34,31,6,25,0],"gold":147,"neow_bonus":"UPGRADE_CARD","is_prod":false,"is_daily":false,"chose_seed":false,"campfire_upgraded":1,"win_rate":0,"timestamp":1562302326,"path_taken":["M","?","?","?","M","R","E","M","T","M","E","R","M"],"build_version":"2019-07-01","purchased_purges":0,"victory":false,"max_hp_per_floor":[71,64,64,64,64,64,64,64,64,64,64,64,64],"card_choices":[{"not_picked":["Redo","Barrage","Leap"],"picked":"SKIP","floor":1},{"not_picked":["Hologram","Streamline","Barrage"],"picked":"SKIP","floor":5},{"not_picked":["Recycle","Redo"],"picked":"Go for the Eyes","floor":7},{"not_picked":["Gash","Stack"],"picked":"Capacitor","floor":8},{"not_picked":["Consume","Streamline"],"picked":"Turbo","floor":10},{"not_picked":["Redo","Leap"],"picked":"Static Discharge","floor":11}],"player_experience":1184473,"relics_obtained":[{"floor":7,"key":"Darkstone Periapt"},{"floor":9,"key":"DataDisk"},{"floor":11,"key":"Boot"}],"event_choices":[{"damage_healed":0,"gold_gain":0,"player_choice":"Lose Max HP","damage_taken":0,"relics_obtained":["Golden Idol"],"max_hp_gain":0,"max_hp_loss":7,"event_name":"Golden Idol","floor":2,"gold_loss":0},{"cards_removed":["Strike_B"],"damage_healed":0,"gold_gain":0,"player_choice":"Card Removal","damage_taken":0,"max_hp_gain":0,"max_hp_loss":0,"event_name":"The Cleric","floor":3,"gold_loss":75},{"cards_removed":["Defend_B"],"damage_healed":0,"gold_gain":0,"player_choice":"Purged","damage_taken":0,"max_hp_gain":0,"max_hp_loss":0,"event_name":"Purifier","floor":4,"gold_loss":0}],"is_beta":false,"boss_relics":[],"items_purged_floors":[],"is_endless":false,"potions_floor_spawned":[1,7,8,10],"killed_by":"Gremlin Gang","ascension_level":17}