{"gold_per_floor":[110,110,76,91,107,140,140,140,214,249,268,293,293,293,293,392,392,406,379,379,399,438,438,451,451,451,472,472,102,102,17,17,115,115,131,131,151,151,166,166,166,205,205,220,220,553,553,553,553,553],"floor_reached":50,"playtime":4958,"items_purged":[],"score":851,"play_id":"00cfae98-9392-4b94-bd6f-d64bc51cdcba","local_time":"20190518122418","is_ascension_mode":true,"campfire_choices":[{"data":"Venomology","floor":8.0,"key":"SMITH"},{"floor":13.0,"key":"REST"},{"data":"Footwork","floor":15.0,"key":"SMITH"},{"floor":23.0,"key":"REST"},{"floor":25.0,"key":"REST"},{"floor":28.0,"key":"REST"},{"floor":32.0,"key":"REST"},{"floor":40.0,"key":"REST"},{"floor":45,"key":"REST"},{"floor":49,"key":"REST"}],"neow_cost":"NONE","seed_source_timestamp":93068644088300,"circlet_count":0,"master_deck":["AscendersBane","Defend_G","Defend_G","Defend_G+1","Defend_G","Strike_G","Strike_G","Strike_G","Survivor","Neutralize","Poisoned Stab","Cloak And Dagger+1","Footwork+1","Terror","Blade Dance","Venomology+1","Cloak And Dagger","Die Die Die","Blur","Riddle With Holes","PiercingWail","Endless Agony","Quick Slash","Noxious Fumes","Venomology","Bouncing Flask","Heel Hook+1","Sucker Punch+1","Accuracy"],"special_seed":0,"relics":["Ring of the Snake","Pen Nib","Shuriken","War Paint","Omamori","Lizard Tail","Red Mask","The Specimen","Oddly Smooth Stone","Lantern","MutagenicStrength","Paper Crane","Black Star","Strawberry","Juzu Bracelet"],"potions_floor_usage":[44,44,50,50,50],"damage_taken":[{"damage":2.0,"enemies":"Small Slimes","floor":1.0,"turns":4.0},{"damage":0.0,"enemies":"Cultist","floor":4.0,"turns":4.0},{"damage":1.0,"enemies":"Jaw Worm","floor":5.0,"turns":4.0},{"damage":34.0,"enemies":"Lagavulin","floor":6.0,"turns":10.0},{"damage":13.0,"enemies":"3 Sentries","floor":10.0,"turns":11.0},{"damage":0.0,"enemies":"Looter","floor":11.0,"turns":3.0},{"damage":8.0,"enemies":"Gremlin Nob","floor":12.0,"turns":4.0},{"damage":12.0,"enemies":"The Guardian","floor":16.0,"turns":11.0},{"damage":2.0,"enemies":"Chosen","floor":18.0,"turns":5.0},{"damage":6.0,"enemies":"2 Thieves","floor":19.0,"turns":5.0},{"damage":7.0,"enemies":"Cultist and Chosen","floor":21.0,"turns":7.0},{"damage":30.0,"enemies":"Masked Bandits","floor":22.0,"turns":4.0},{"damage":12.0,"enemies":"Chosen and Byrds","floor":24.0,"turns":7.0},{"damage":25.0,"enemies":"Snecko","floor":27.0,"turns":4.0},{"damage":33.0,"enemies":"Automaton","floor":33.0,"turns":8.0},{"damage":17.0,"enemies":"3 Shapes","floor":35.0,"turns":6.0},{"damage":6.0,"enemies":"3 Darklings","floor":37.0,"turns":7.0},{"damage":39.0,"enemies":"Transient","floor":39.0,"turns":5.0},{"damage":40.0,"enemies":"Giant Head","floor":42.0,"turns":9.0},{"damage":22,"enemies":"Jaw Worm Horde","floor":44,"turns":6},{"damage":69,"enemies":"Time Eater","floor":50,"turns":8}],"seed_played":"-1882941378718958106","potions_obtained":[{"floor":5.0,"key":"Regen Potion"},{"floor":6.0,"key":"SpeedPotion"},{"floor":10.0,"key":"Block Potion"},{"floor":11.0,"key":"GhostInAJar"},{"floor":24.0,"key":"SpeedPotion"},{"floor":27.0,"key":"Explosive Potion"},{"floor":33.0,"key":"Regen Potion"},{"floor":37.0,"key":"Weak Potion"},{"floor":38.0,"key":"LiquidBronze"},{"floor":44,"key":"GamblersBrew"}],"is_trial":false,"path_per_floor":["M","?","$","M","M","E","$","R","T","E","M","E","R","?","R","B",null,"M","M","?","M","?","R","M","R","T","M","R","$","?","?","R","B",null,"M","?","M","?","M","R","$","E","T","M","R","?","?","?","R","B"],"character_chosen":"THE_SILENT","items_purchased":["Footwork","Oddly Smooth Stone","Lantern","Noxious Fumes"],"campfire_rested":8,"item_purchase_floors":[3,29,29,29],"current_hp_per_floor":[57,57,57,57,56,34,34,34,34,21,21,13,32,32,32,20,55,53,47,47,40,10,29,17,36,36,11,30,30,30,30,49,16,54,51,51,45,45,6,25,25,26,26,4,25,25,25,43,64,0],"gold":553,"neow_bonus":"THREE_CARDS","is_prod":false,"is_daily":false,"chose_seed":false,"campfire_upgraded":2,"win_rate":0,"timestamp":1558175058,"path_taken":["M","?","?","M","M","E","$","R","T","E","M","E","R","?","R","BOSS","M","M","?","?","?","R","M","R","T","M","R","$","?","?","R","BOSS","M","?","M","?","?","R","$","E","T","M","R","?","?","?","R","BOSS"],"build_version":"2019-01-23","purchased_purges":0,"victory":false,"max_hp_per_floor":[66,66,66,66,66,66,66,66,66,66,66,66,66,66,66,66,66,66,66,66,66,66,66,66,66,66,66,66,66,66,66,66,66,66,66,66,66,66,66,66,66,73,73,73,73,73,73,73,73,73],"card_choices":[{"not_picked":["Underhanded Strike","Acrobatics"],"picked":"Poisoned Stab","floor":0.0},{"not_picked":["Acrobatics","Underhanded Strike"],"picked":"Cloak And Dagger","floor":1.0},{"not_picked":["Infinite Blades","Dodge and Roll"],"picked":"Terror","floor":4.0},{"not_picked":["Slice","Predator"],"picked":"Blade Dance","floor":5.0},{"not_picked":["Backflip","Caltrops"],"picked":"Venomology","floor":6.0},{"not_picked":["Reflex","Underhanded Strike","Prepared"],"picked":"SKIP","floor":10.0},{"not_picked":["Blur","Underhanded Strike"],"picked":"Cloak And Dagger","floor":11.0},{"not_picked":["Terror","Blade Dance","Expertise"],"picked":"SKIP","floor":12.0},{"not_picked":["Adrenaline","Bullet Time"],"picked":"Die Die Die","floor":16.0},{"not_picked":["Deadly Poison","Sucker Punch"],"picked":"Blur","floor":18.0},{"not_picked":["Outmaneuver","Acrobatics"],"picked":"Riddle With Holes","floor":19.0},{"not_picked":["Flying Knee+1","Catalyst"],"picked":"Endless Agony","floor":21.0},{"not_picked":["Dagger Spray","Outmaneuver","Poisoned Stab"],"picked":"SKIP","floor":24.0},{"not_picked":["Catalyst","Dagger Throw"],"picked":"Quick Slash","floor":27.0},{"not_picked":["After Image","Unload"],"picked":"Venomology","floor":33.0},{"not_picked":["Blade Dance+1","Underhanded Strike+1","Quick Slash"],"picked":"SKIP","floor":35.0},{"not_picked":["Prepared+1","Poisoned Stab"],"picked":"Bouncing Flask","floor":37.0},{"not_picked":["Dash","Outmaneuver"],"picked":"Heel Hook+1","floor":39.0},{"not_picked":["Backflip","Corpse Explosion"],"picked":"Sucker Punch+1","floor":42.0},{"not_picked":["Dagger Throw+1","Deadly Poison"],"picked":"Accuracy","floor":44}],"player_experience":772253,"relics_obtained":[{"floor":6.0,"key":"Pen Nib"},{"floor":9.0,"key":"Shuriken"},{"floor":10.0,"key":"War Paint"},{"floor":12.0,"key":"Omamori"},{"floor":22.0,"key":"Red Mask"},{"floor":26.0,"key":"The Specimen"},{"floor":42.0,"key":"Strawberry"},{"floor":42.0,"key":"Juzu Bracelet"}],"event_choices":[{"cards_removed":["Defend_G"],"damage_healed":0.0,"max_hp_gain":0.0,"max_hp_loss":0.0,"gold_gain":0.0,"event_name":"Bonfire Elementals","player_choice":"Offered Basic","floor":2.0,"gold_loss":0.0,"damage_taken":0.0},{"damage_healed":0.0,"max_hp_gain":0.0,"max_hp_loss":0.0,"gold_gain":0.0,"event_name":"Golden Idol","player_choice":"Take Wound","floor":14.0,"gold_loss":0.0,"damage_taken":0.0,"relics_obtained":["Golden Idol"],"cards_obtained":["Injury"]},{"damage_healed":0.0,"max_hp_gain":0.0,"max_hp_loss":0.0,"gold_gain":0.0,"cards_transformed":["Strike_G"],"event_name":"Transmorgrifier","player_choice":"Transformed","floor":20.0,"gold_loss":0.0,"damage_taken":0.0,"cards_obtained":["PiercingWail"]},{"damage_healed":0.0,"max_hp_gain":0.0,"max_hp_loss":0.0,"gold_gain":0.0,"event_name":"Masked Bandits","player_choice":"Fought Bandits","floor":22.0,"gold_loss":0.0,"damage_taken":0.0},{"damage_healed":0.0,"max_hp_gain":0.0,"max_hp_loss":0.0,"gold_gain":0.0,"event_name":"Drug Dealer","player_choice":"Inject Mutagens","floor":30.0,"gold_loss":0.0,"damage_taken":0.0,"relics_obtained":["MutagenicStrength"]},{"damage_healed":0.0,"max_hp_gain":0.0,"max_hp_loss":0.0,"gold_gain":0.0,"event_name":"Addict","player_choice":"Obtained Relic","floor":31.0,"gold_loss":85.0,"damage_taken":0.0,"relics_obtained":["Paper Crane"]},{"cards_removed":["Strike_G"],"damage_healed":0.0,"max_hp_gain":0.0,"max_hp_loss":0.0,"gold_gain":0.0,"event_name":"Falling","player_choice":"Removed Attack","floor":36.0,"gold_loss":0.0,"damage_taken":0.0},{"damage_healed":0.0,"max_hp_gain":0.0,"max_hp_loss":0.0,"gold_gain":0.0,"event_name":"Lab","player_choice":"Got Potions","floor":38.0,"gold_loss":0.0,"damage_taken":0.0},{"damage_healed":0,"gold_gain":333,"player_choice":"Gave Idol","damage_taken":0,"max_hp_gain":0,"max_hp_loss":0,"event_name":"The Moai Head","floor":46,"relics_lost":["Golden Idol"],"gold_loss":0},{"damage_healed":0,"gold_gain":0,"player_choice":"Ignored","damage_taken":0,"max_hp_gain":0,"max_hp_loss":0,"event_name":"Purifier","floor":47,"gold_loss":0},{"damage_healed":18,"gold_gain":0,"player_choice":"Writhe","damage_taken":0,"max_hp_gain":0,"max_hp_loss":0,"event_name":"Winding Halls","floor":48,"gold_loss":0,"cards_obtained":["Writhe"]}],"is_beta":false,"boss_relics":[{"not_picked":["Busted Crown","Philosopher\u0027s Stone"],"picked":"Lizard Tail"},{"not_picked":["Snecko Eye","Coffee Dripper"],"picked":"Black Star"}],"items_purged_floors":[],"is_endless":false,"potions_floor_spawned":[5,6,10,11,16,18,24,27,33,37,44],"killed_by":"Time Eater","ascension_level":14}