{"gold_per_floor":[110,124,49,49,49,74,89,120,144,144,155,178,212,224,224,327,327,346,333,333],"floor_reached":20,"playtime":2516,"items_purged":["Strike_B"],"score":274,"play_id":"c5693e38-e99e-4839-a6f0-75645f5083e7","local_time":"20190623001545","is_ascension_mode":true,"campfire_choices":[{"data":"Zap","floor":10,"key":"SMITH"},{"data":"Coolheaded","floor":15,"key":"SMITH"}],"neow_cost":"NONE","seed_source_timestamp":2241830378267,"circlet_count":0,"master_deck":["Strike_B+1","Strike_B+1","Defend_B","Defend_B","Zap+1","Dualcast","Steam","Glacier","Blizzard","Turbo","Capacitor","BootSequence","Coolheaded+1","Reboot","Compile Driver"],"relics":["Cracked Core","NeowsBlessing","Regal Pillow","Bag of Marbles","Whetstone","Odd Mushroom","Lantern","Empty Cage"],"potions_floor_usage":[16,20],"damage_taken":[{"damage":0,"enemies":"Cultist","floor":1,"turns":1},{"damage":0,"enemies":"Jaw Worm","floor":2,"turns":1},{"damage":0,"enemies":"Gremlin Nob","floor":6,"turns":1},{"damage":0,"enemies":"2 Louse","floor":7,"turns":3},{"damage":17,"enemies":"3 Sentries","floor":8,"turns":10},{"damage":11,"enemies":"Exordium Thugs","floor":11,"turns":6},{"damage":9,"enemies":"The Mushroom Lair","floor":12,"turns":5},{"damage":2,"enemies":"Lagavulin","floor":13,"turns":10},{"damage":0,"enemies":"3 Louse","floor":14,"turns":1},{"damage":5,"enemies":"Hexaghost","floor":16,"turns":14},{"damage":11,"enemies":"Chosen","floor":18,"turns":7},{"damage":13,"enemies":"2 Thieves","floor":19,"turns":4},{"damage":42,"enemies":"Masked Bandits","floor":20,"turns":4}],"seed_played":"7945655090366790087","potions_obtained":[{"floor":6,"key":"Energy Potion"},{"floor":8,"key":"FocusPotion"},{"floor":12,"key":"Block Potion"},{"floor":14,"key":"PowerPotion"},{"floor":19,"key":"Ancient Potion"}],"is_trial":false,"path_per_floor":["M","M","$","?","?","E","M","E","T","R","M","?","E","M","R","B",null,"M","M","?"],"character_chosen":"DEFECT","items_purchased":[],"campfire_rested":0,"item_purchase_floors":[],"current_hp_per_floor":[75,75,75,75,75,75,75,58,58,58,47,38,36,36,36,31,64,53,40,0],"gold":333,"neow_bonus":"THREE_ENEMY_KILL","is_prod":false,"is_daily":false,"chose_seed":false,"campfire_upgraded":2,"win_rate":0,"timestamp":1561263345,"path_taken":["M","M","$","?","?","E","M","E","T","R","M","?","E","M","R","BOSS","M","M","?"],"build_version":"2019-01-23","purchased_purges":1,"victory":false,"max_hp_per_floor":[75,75,75,75,75,75,75,75,75,75,75,75,75,75,75,75,75,75,75,75],"card_choices":[{"not_picked":["Leap","Recycle"],"picked":"Steam","floor":1},{"not_picked":["Streamline","Rebound"],"picked":"Glacier","floor":2},{"not_picked":["Leap","Doom and Gloom","Streamline"],"picked":"SKIP","floor":6},{"not_picked":["Rebound","Leap"],"picked":"Blizzard","floor":7},{"not_picked":["Undo","Doom and Gloom"],"picked":"Turbo","floor":8},{"not_picked":["Beam Cell","Force Field"],"picked":"Capacitor","floor":11},{"not_picked":["Turbo","Go for the Eyes"],"picked":"BootSequence","floor":12},{"not_picked":["FTL","Meteor Strike","Rebound"],"picked":"SKIP","floor":13},{"not_picked":["Rip and Tear","Skim"],"picked":"Coolheaded","floor":14},{"not_picked":["Machine Learning","Hyperbeam"],"picked":"Reboot","floor":16},{"not_picked":["Leap","Steam"],"picked":"Compile Driver","floor":18},{"not_picked":["Doom and Gloom","Ball Lightning+1","Scrape"],"picked":"SKIP","floor":19}],"player_experience":387080,"relics_obtained":[{"floor":6,"key":"Regal Pillow"},{"floor":8,"key":"Bag of Marbles"},{"floor":9,"key":"Whetstone"},{"floor":12,"key":"Odd Mushroom"},{"floor":13,"key":"Lantern"}],"event_choices":[{"cards_removed":["Strike_B"],"damage_healed":0,"gold_gain":0,"player_choice":"Forget","damage_taken":0,"max_hp_gain":0,"max_hp_loss":0,"event_name":"Living Wall","floor":4,"gold_loss":0},{"damage_healed":0,"gold_gain":0,"player_choice":"Ignored","damage_taken":0,"max_hp_gain":0,"max_hp_loss":0,"event_name":"Liars Game","floor":5,"gold_loss":0},{"damage_healed":0,"gold_gain":0,"player_choice":"Fought Mushrooms","damage_taken":0,"max_hp_gain":0,"max_hp_loss":0,"event_name":"Mushrooms","floor":12,"gold_loss":0},{"damage_healed":0,"gold_gain":0,"player_choice":"Fought Bandits","damage_taken":0,"max_hp_gain":0,"max_hp_loss":0,"event_name":"Masked Bandits","floor":20,"gold_loss":0}],"is_beta":false,"boss_relics":[{"not_picked":["Snecko Eye","Inserter"],"picked":"Empty Cage"}],"items_purged_floors":[3],"is_endless":false,"potions_floor_spawned":[6,8,12,14,19],"killed_by":"Masked Bandits","ascension_level":5}