{"gold_per_floor":[213,213,259,270,270,270,281,281,308,321,331,23,23,33,33,104,104,123,123,123,83,95,95,107,107,181,113,132,146,146,157,157,232,232,243,243,318,330,330],"floor_reached":39,"playtime":1700,"items_purged":[],"score":659,"play_id":"b63a24f2-ee32-4280-883f-547f6e396a14","local_time":"20190701212536","is_ascension_mode":true,"campfire_choices":[{"data":"Sweeping Beam","floor":6,"key":"SMITH"},{"data":"Dualcast","floor":8,"key":"SMITH"},{"data":"Go for the Eyes","floor":15,"key":"SMITH"},{"data":"Rainbow","floor":23,"key":"SMITH"},{"data":"Bite","floor":25,"key":"SMITH"},{"data":"Bite","floor":30,"key":"SMITH"},{"floor":32,"key":"REST"}],"neow_cost":"NONE","seed_source_timestamp":207970536544679,"circlet_count":0,"master_deck":["AscendersBane","Defend_B+1","Zap+1","Dualcast+1","Sweeping Beam","Sweeping Beam+1","Conserve Battery+1","Go for the Eyes+1","Rainbow+1","Machine Learning","Bite","Bite","Bite+1","Bite+1","Bite+1","Darkness+1","Doom and Gloom+1","Capacitor","Steam","Amplify+1","Darkness+1","Sunder+1","Discovery","Turbo+1"],"relics":["Cracked Core","Anchor","Oddly Smooth Stone","Bird Faced Urn","Sozu","Singing Bowl","Astrolabe"],"potions_floor_usage":[16,16],"damage_taken":[{"damage":8,"enemies":"Jaw Worm","floor":1,"turns":4},{"damage":0,"enemies":"Small Slimes","floor":4,"turns":2},{"damage":1,"enemies":"Cultist","floor":7,"turns":3},{"damage":2,"enemies":"Large Slime","floor":10,"turns":4},{"damage":0,"enemies":"Exordium Thugs","floor":11,"turns":4},{"damage":0,"enemies":"Looter","floor":14,"turns":3},{"damage":2,"enemies":"Hexaghost","floor":16,"turns":7},{"damage":2,"enemies":"Shell Parasite","floor":18,"turns":6},{"damage":19,"enemies":"Spheric Guardian","floor":22,"turns":4},{"damage":16,"enemies":"Chosen and Byrds","floor":24,"turns":5},{"damage":29,"enemies":"Centurion and Healer","floor":28,"turns":9},{"damage":23,"enemies":"Sentry and Sphere","floor":29,"turns":4},{"damage":40,"enemies":"3 Cultists","floor":31,"turns":5},{"damage":38,"enemies":"Champ","floor":33,"turns":10},{"damage":6,"enemies":"3 Shapes","floor":35,"turns":5},{"damage":38,"enemies":"3 Darklings","floor":38,"turns":4},{"damage":77,"enemies":"Transient","floor":39,"turns":4}],"seed_played":"5918954962257989923","potions_obtained":[{"floor":7,"key":"Poison Potion"},{"floor":10,"key":"AttackPotion"}],"is_trial":false,"path_per_floor":["M","?","T","M","?","R","M","R","T","M","M","$","?","M","R","B",null,"M","?","?","?","M","R","M","R","T","$","M","M","R","M","R","B",null,"M","?","?","M","M"],"character_chosen":"DEFECT","items_purchased":["Bird Faced Urn","Capacitor"],"campfire_rested":1,"item_purchase_floors":[12,27],"current_hp_per_floor":[56,42,42,42,42,42,41,41,41,39,39,39,39,39,39,37,63,63,49,49,49,32,32,35,35,35,35,45,37,37,11,26,24,47,53,53,48,23,0],"gold":330,"neow_bonus":"HUNDRED_GOLD","is_prod":false,"is_daily":false,"chose_seed":false,"campfire_upgraded":6,"win_rate":0,"timestamp":1561987536,"path_taken":["M","?","?","M","?","R","?","R","T","M","M","$","?","?","R","BOSS","M","?","?","?","M","R","M","R","T","$","M","M","R","?","R","BOSS","M","?","?","?","M"],"build_version":"2019-01-23","purchased_purges":0,"victory":false,"max_hp_per_floor":[71,71,71,71,71,71,71,71,71,71,71,71,71,71,71,71,71,71,49,49,49,49,49,49,49,49,49,51,53,53,53,53,55,55,57,57,57,57,57],"card_choices":[{"not_picked":["Scrape","Go for the Eyes"],"picked":"Sweeping Beam","floor":1},{"not_picked":["Hello World","Sunder"],"picked":"Sweeping Beam","floor":4},{"not_picked":["Hello World","Steam Power","Heatsinks"],"picked":"SKIP","floor":7},{"not_picked":["Redo","Storm"],"picked":"Conserve Battery","floor":10},{"not_picked":["Skim","Rebound"],"picked":"Go for the Eyes","floor":11},{"not_picked":["Turbo","Compile Driver"],"picked":"Rainbow","floor":14},{"not_picked":["Multi-Cast","Amplify"],"picked":"Machine Learning","floor":16},{"not_picked":["Lockon","Barrage","Leap"],"picked":"SKIP","floor":18},{"not_picked":["Barrage+1","Sweeping Beam"],"picked":"Darkness+1","floor":22},{"not_picked":["Compile Driver","Stack"],"picked":"Doom and Gloom+1","floor":24},{"not_picked":["Gash","Scrape","Go for the Eyes"],"picked":"Singing Bowl","floor":28},{"not_picked":["Recycle","Steam Power","Hologram"],"picked":"Singing Bowl","floor":29},{"not_picked":["Compile Driver","Chaos"],"picked":"Steam","floor":31},{"not_picked":["Hyperbeam","Thunder Strike","Biased Cognition"],"picked":"Singing Bowl","floor":33},{"not_picked":["Stack","Barrage+1","Rebound"],"picked":"Singing Bowl","floor":35},{"not_picked":["Secret Technique","Blind"],"picked":"Discovery","floor":36},{"not_picked":["Blizzard","Coolheaded"],"picked":"Turbo+1","floor":38}],"player_experience":1126536,"relics_obtained":[{"floor":3,"key":"Anchor"},{"floor":9,"key":"Oddly Smooth Stone"},{"floor":26,"key":"Singing Bowl"}],"event_choices":[{"damage_healed":0,"gold_gain":0,"player_choice":"Entered Light","damage_taken":14,"max_hp_gain":0,"max_hp_loss":0,"event_name":"Shining Light","floor":2,"gold_loss":0,"cards_upgraded":["Strike_B","Defend_B"]},{"damage_healed":0,"gold_gain":0,"player_choice":"Forge","damage_taken":0,"max_hp_gain":0,"max_hp_loss":0,"event_name":"Accursed Blacksmith","floor":5,"gold_loss":0,"cards_upgraded":["Zap"]},{"cards_removed":["Strike_B"],"damage_healed":0,"gold_gain":0,"player_choice":"Purged","damage_taken":0,"max_hp_gain":0,"max_hp_loss":0,"event_name":"Purifier","floor":13,"gold_loss":0},{"damage_healed":0,"gold_gain":0,"player_choice":"Became a vampire","damage_taken":0,"max_hp_gain":0,"max_hp_loss":22,"event_name":"Vampires","floor":19,"gold_loss":0,"cards_obtained":["Bite","Bite","Bite","Bite","Bite"]},{"damage_healed":0,"gold_gain":0,"player_choice":"Ignored","damage_taken":0,"max_hp_gain":0,"max_hp_loss":0,"event_name":"Ghosts","floor":20,"gold_loss":0},{"damage_healed":0,"gold_gain":0,"player_choice":"Upgraded Two","damage_taken":0,"max_hp_gain":0,"max_hp_loss":0,"event_name":"Designer","floor":21,"gold_loss":40,"cards_upgraded":["Bite","Conserve Battery"]},{"damage_healed":0,"gold_gain":0,"player_choice":"Memory 1","damage_taken":0,"max_hp_gain":0,"max_hp_loss":0,"event_name":"SensoryStone","floor":36,"gold_loss":0},{"damage_healed":0,"gold_gain":75,"player_choice":"Touch","damage_taken":5,"max_hp_gain":0,"max_hp_loss":0,"event_name":"FaceTrader","floor":37,"gold_loss":0}],"is_beta":false,"boss_relics":[{"not_picked":["Fusion Hammer","Tiny House"],"picked":"Sozu"},{"not_picked":["Black Star","Runic Pyramid"],"picked":"Astrolabe"}],"items_purged_floors":[],"is_endless":false,"potions_floor_spawned":[7,10,14,18,22,24,33,38],"killed_by":"Transient","ascension_level":14}