{"gold_per_floor":[119,119,131,150,150,185,185,201,201,201,220,233,245,170,170,248,248,262,55,55],"floor_reached":20,"playtime":1028,"items_purged":["Strike_R","Strike_R"],"score":317,"play_id":"8c6f6e09-7083-43d3-afe4-ec4e729fa941","local_time":"20190112123359","is_ascension_mode":true,"campfire_choices":[{"data":"Rampage","floor":7,"key":"SMITH"},{"floor":10,"key":"REST"},{"floor":15,"key":"REST"}],"neow_cost":"NONE","seed_source_timestamp":10410065296476,"circlet_count":0,"master_deck":["AscendersBane","Strike_R","Defend_R","Defend_R","Defend_R","Defend_R","Bash","Demon Form","Sword Boomerang","Twin Strike","Rampage+1","Headbutt","Shrug It Off","Limit Break","Ghostly Armor","Forethought"],"relics":["Burning Blood","Dream Catcher","Vajra","Eternal Feather"],"potions_floor_usage":[11,16,16],"damage_taken":[{"damage":6,"enemies":"2 Louse","floor":1,"turns":4},{"damage":12,"enemies":"Jaw Worm","floor":3,"turns":3},{"damage":6,"enemies":"Cultist","floor":4,"turns":3},{"damage":48,"enemies":"Gremlin Nob","floor":6,"turns":5},{"damage":16,"enemies":"Looter","floor":8,"turns":4},{"damage":17,"enemies":"3 Louse","floor":11,"turns":4},{"damage":22,"enemies":"Gremlin Gang","floor":12,"turns":5},{"damage":3,"enemies":"Exordium Wildlife","floor":13,"turns":3},{"damage":47,"enemies":"Slime Boss","floor":16,"turns":9},{"damage":45,"enemies":"Shell Parasite","floor":18,"turns":8},{"damage":25,"enemies":"Chosen","floor":20,"turns":4}],"seed_played":"7178039415658830315","potions_obtained":[{"floor":3,"key":"SkillPotion"},{"floor":6,"key":"SneckoOil"},{"floor":8,"key":"Regen Potion"},{"floor":12,"key":"Energy Potion"},{"floor":13,"key":"Regen Potion"}],"is_trial":false,"path_per_floor":["M","?","M","M","?","E","R","M","T","R","M","M","M","$","R","B",null,"M","$","M"],"character_chosen":"IRONCLAD","items_purchased":["Forethought"],"campfire_rested":2,"item_purchase_floors":[19],"current_hp_per_floor":[68,68,62,62,62,20,20,10,10,32,30,14,17,17,39,13,60,21,21,0],"gold":55,"neow_bonus":"TRANSFORM_CARD","is_prod":false,"is_daily":false,"chose_seed":false,"campfire_upgraded":1,"win_rate":0,"timestamp":1547267639,"path_taken":["M","?","M","M","?","E","R","M","T","R","M","M","M","?","R","BOSS","M","$","M"],"build_version":"2019-01-10","purchased_purges":2,"victory":false,"max_hp_per_floor":[75,75,75,75,75,75,75,75,75,75,75,75,75,75,75,75,75,75,75,75],"card_choices":[{"not_picked":["Clothesline","Armaments"],"picked":"Sword Boomerang","floor":1},{"not_picked":["Pommel Strike","Spot Weakness"],"picked":"Twin Strike","floor":3},{"not_picked":["Wild Strike","Power Through"],"picked":"Rampage","floor":4},{"not_picked":["Barricade","Armaments"],"picked":"Headbutt","floor":6},{"not_picked":["Iron Wave","Flex"],"picked":"Shrug It Off","floor":8},{"not_picked":["Clash","Armaments"],"picked":"Limit Break","floor":10},{"not_picked":["Pummel","Headbutt"],"picked":"Ghostly Armor","floor":11},{"not_picked":["Power Through","Second Wind","Blood for Blood"],"picked":"SKIP","floor":12},{"not_picked":["Armaments","Sentinel","Burning Pact"],"picked":"SKIP","floor":13},{"not_picked":["Body Slam","Sword Boomerang","Intimidate"],"picked":"SKIP","floor":18}],"player_experience":656840,"relics_obtained":[{"floor":6,"key":"Dream Catcher"},{"floor":9,"key":"Vajra"}],"event_choices":[{"damage_healed":0,"gold_gain":0,"player_choice":"Ignored","damage_taken":0,"max_hp_gain":0,"max_hp_loss":0,"event_name":"Liars Game","floor":2,"gold_loss":0},{"cards_removed":["Strike_R"],"damage_healed":0,"gold_gain":0,"player_choice":"Forget","damage_taken":0,"max_hp_gain":0,"max_hp_loss":0,"event_name":"Living Wall","floor":5,"gold_loss":0}],"is_beta":false,"boss_relics":[{"not_picked":["Snecko Eye","Runic Cube"],"picked":"Eternal Feather"}],"items_purged_floors":[14,19],"is_endless":false,"potions_floor_spawned":[3,6,8,12,13],"killed_by":"Chosen","ascension_level":16}