{"gold_per_floor":[217,235,74,93,108,108,134,134,214,289,239,209,109,37,37,137,137,151,170,170],"floor_reached":20,"playtime":8390,"items_purged":["Strike_B","Strike_B"],"score":258,"play_id":"04369dc1-5f31-404e-bddf-fbfd9ef84d1f","local_time":"20190627120004","is_ascension_mode":true,"campfire_choices":[{"data":"Zap","floor":6,"key":"SMITH"},{"data":"Blizzard","floor":8,"key":"SMITH"},{"data":"Dualcast","floor":15,"key":"SMITH"}],"neow_cost":"NONE","seed_source_timestamp":1094162107072563,"circlet_count":0,"master_deck":["AscendersBane","Strike_B","Defend_B","Defend_B","Defend_B","Defend_B","Zap+1","Dualcast+1","Loop","Chill","Blizzard+1","Coolheaded","Auto Shields","Conserve Battery","Coolheaded","Double Energy","Barrage+1","BootSequence+1"],"relics":["Cracked Core","Mango","Pantograph","Coffee Dripper"],"potions_floor_usage":[7],"damage_taken":[{"damage":0,"enemies":"Cultist","floor":1,"turns":4},{"damage":8,"enemies":"2 Louse","floor":2,"turns":4},{"damage":4,"enemies":"Jaw Worm","floor":4,"turns":4},{"damage":3,"enemies":"Blue Slaver","floor":5,"turns":5},{"damage":13,"enemies":"Lagavulin","floor":7,"turns":7},{"damage":0,"enemies":"Looter","floor":12,"turns":4},{"damage":24,"enemies":"The Guardian","floor":16,"turns":14},{"damage":28,"enemies":"Chosen","floor":18,"turns":11},{"damage":20,"enemies":"Spheric Guardian","floor":19,"turns":6},{"damage":46,"enemies":"Masked Bandits","floor":20,"turns":3}],"seed_played":"2662759693286910118","potions_obtained":[{"floor":2,"key":"Ancient Potion"},{"floor":4,"key":"SpeedPotion"},{"floor":5,"key":"AttackPotion"},{"floor":18,"key":"GamblersBrew"},{"floor":19,"key":"LiquidBronze"}],"is_trial":false,"path_per_floor":["M","M","$","M","M","R","E","R","T","?","?","M","$","$","R","B",null,"M","M","?"],"character_chosen":"DEFECT","items_purchased":["Blizzard","Coolheaded","Double Energy"],"campfire_rested":0,"item_purchase_floors":[3,3,14],"current_hp_per_floor":[68,60,60,56,53,53,54,54,54,43,43,43,43,43,43,44,78,50,30,0],"gold":170,"neow_bonus":"HUNDRED_GOLD","is_prod":false,"is_daily":false,"chose_seed":false,"campfire_upgraded":3,"win_rate":0,"timestamp":1561608004,"path_taken":["M","M","$","?","M","R","E","R","T","?","?","M","?","$","R","BOSS","M","M","?"],"build_version":"2019-01-23","purchased_purges":2,"victory":false,"max_hp_per_floor":[75,75,75,75,75,75,89,89,89,89,89,89,89,89,89,89,89,89,89,89],"card_choices":[{"not_picked":["Rebound","Redo"],"picked":"Loop","floor":1},{"not_picked":["Go for the Eyes","Steam"],"picked":"Chill","floor":2},{"not_picked":["Redo","Leap"],"picked":"Auto Shields","floor":4},{"not_picked":["Force Field","Go for the Eyes"],"picked":"Conserve Battery","floor":5},{"not_picked":["Auto Shields","Ball Lightning","Compile Driver"],"picked":"SKIP","floor":7},{"not_picked":["Hello World","Conserve Battery"],"picked":"Coolheaded","floor":12},{"not_picked":["Heatsinks","Compile Driver"],"picked":"Barrage+1","floor":18},{"not_picked":["Gash","Steam"],"picked":"BootSequence+1","floor":19}],"player_experience":1066671,"relics_obtained":[{"floor":7,"key":"Mango"},{"floor":9,"key":"Pantograph"}],"event_choices":[{"damage_healed":0,"gold_gain":75,"player_choice":"Gather Gold","damage_taken":11,"max_hp_gain":0,"max_hp_loss":0,"event_name":"World of Goop","floor":10,"gold_loss":0},{"cards_removed":["Strike_B"],"damage_healed":0,"gold_gain":0,"player_choice":"Card Removal","damage_taken":0,"max_hp_gain":0,"max_hp_loss":0,"event_name":"The Cleric","floor":11,"gold_loss":50},{"damage_healed":0,"gold_gain":0,"player_choice":"Fought Bandits","damage_taken":0,"max_hp_gain":0,"max_hp_loss":0,"event_name":"Masked Bandits","floor":20,"gold_loss":0}],"is_beta":false,"boss_relics":[{"not_picked":["Sozu","Snecko Eye"],"picked":"Coffee Dripper"}],"items_purged_floors":[3,13],"is_endless":false,"potions_floor_spawned":[2,4,5,18,19],"killed_by":"Masked Bandits","ascension_level":10}