{"gold_per_floor":[109,109,125,137,153,153,181,181,181,22,22,22,37,52,52,151,151,170,70,80,80,92,92,92,92,116,134,153,28,28,28,28,28],"floor_reached":33,"playtime":3802,"items_purged":["Strike_B","Strike_B","Writhe"],"score":346,"play_id":"cddffdf8-e8eb-4b42-a755-fefc8a5d0451","local_time":"20190627224842","is_ascension_mode":true,"campfire_choices":[{"data":"Zap","floor":6,"key":"SMITH"},{"data":"Dualcast","floor":8,"key":"SMITH"},{"floor":12,"key":"REST"},{"data":"Go for the Eyes","floor":15,"key":"SMITH"},{"data":"Coolheaded","floor":23,"key":"SMITH"},{"data":"Beam Cell","floor":25,"key":"SMITH"},{"floor":30,"key":"REST"},{"floor":32,"key":"REST"}],"neow_cost":"NONE","seed_source_timestamp":427733510245847,"circlet_count":0,"master_deck":["Defend_B","Defend_B","Defend_B","Defend_B","Zap+1","Dualcast+1","BootSequence","Gash","Go for the Eyes+1","Sunder+1","Self Repair","Beam Cell+1","Reprogram","FTL","Coolheaded+1","Turbo+1"],"relics":["Cracked Core","Orichalcum","Nunchaku","Ornamental Fan","Cursed Key","Blood Vial"],"potions_floor_usage":[7,7,14,22,33,33],"damage_taken":[{"damage":2,"enemies":"Jaw Worm","floor":1,"turns":3},{"damage":1,"enemies":"Cultist","floor":3,"turns":4},{"damage":2,"enemies":"Small Slimes","floor":4,"turns":3},{"damage":6,"enemies":"3 Louse","floor":5,"turns":3},{"damage":13,"enemies":"Gremlin Nob","floor":7,"turns":4},{"damage":0,"enemies":"Exordium Thugs","floor":13,"turns":2},{"damage":5,"enemies":"Lots of Slimes","floor":14,"turns":4},{"damage":14,"enemies":"Slime Boss","floor":16,"turns":8},{"damage":22,"enemies":"Spheric Guardian","floor":18,"turns":5},{"damage":2,"enemies":"2 Thieves","floor":20,"turns":3},{"damage":27,"enemies":"Snake Plant","floor":22,"turns":6},{"damage":17,"enemies":"Cultist and Chosen","floor":27,"turns":8},{"damage":18,"enemies":"Centurion and Healer","floor":28,"turns":6},{"damage":93,"enemies":"Automaton","floor":33,"turns":12}],"seed_played":"189166319959373953","potions_obtained":[{"floor":1,"key":"FearPotion"},{"floor":4,"key":"GamblersBrew"},{"floor":7,"key":"EssenceOfSteel"},{"floor":14,"key":"Regen Potion"},{"floor":22,"key":"Weak Potion"},{"floor":28,"key":"Block Potion"}],"is_trial":false,"path_per_floor":["M","?","M","M","M","R","E","R","T","$","?","R","M","M","R","B",null,"M","$","M","?","M","R","?","R","T","M","M","$","R","$","R","B"],"character_chosen":"DEFECT","items_purchased":["Self Repair","Beam Cell"],"campfire_rested":3,"item_purchase_floors":[10,10],"current_hp_per_floor":[66,59,58,56,50,50,37,37,37,37,37,59,66,68,68,61,72,50,50,55,55,50,50,50,50,50,42,33,33,55,55,75,0],"gold":28,"neow_bonus":"RANDOM_COMMON_RELIC","is_prod":false,"is_daily":false,"chose_seed":false,"campfire_upgraded":5,"win_rate":0,"timestamp":1561690122,"path_taken":["M","?","M","M","M","R","E","R","T","$","?","R","?","M","R","BOSS","M","$","M","?","M","R","?","R","T","?","M","$","R","?","R","BOSS"],"build_version":"2019-01-23","purchased_purges":3,"victory":false,"max_hp_per_floor":[75,75,75,75,75,75,75,75,75,75,75,75,75,75,75,75,75,75,75,75,75,75,75,75,75,75,75,75,75,75,75,75,75],"card_choices":[{"not_picked":["Blizzard","Stack","Doom and Gloom"],"picked":"SKIP","floor":1},{"not_picked":["Recycle","Consume"],"picked":"BootSequence","floor":3},{"not_picked":["Hologram","Conserve Battery"],"picked":"Gash","floor":4},{"not_picked":["Ball Lightning","Leap"],"picked":"Go for the Eyes","floor":5},{"not_picked":["Redo","Glacier"],"picked":"Sunder","floor":7},{"not_picked":["Rebound","Glacier"],"picked":"Reprogram","floor":13},{"not_picked":["Streamline","Double Energy"],"picked":"FTL","floor":14},{"not_picked":["Double Energy+1","Leap+1"],"picked":"Coolheaded","floor":18},{"not_picked":["Barrage","Rebound"],"picked":"Turbo+1","floor":20},{"not_picked":["Defragment","Auto Shields","Compile Driver"],"picked":"SKIP","floor":22},{"not_picked":["Stack","Barrage","Doom and Gloom"],"picked":"SKIP","floor":27},{"not_picked":["Barrage","Tempest","White Noise"],"picked":"SKIP","floor":28}],"player_experience":449963,"relics_obtained":[{"floor":7,"key":"Nunchaku"},{"floor":9,"key":"Ornamental Fan"},{"floor":26,"key":"Blood Vial"}],"event_choices":[{"cards_removed":["Strike_B"],"damage_healed":0,"gold_gain":0,"player_choice":"Card Removal","damage_taken":7,"max_hp_gain":0,"max_hp_loss":0,"event_name":"Golden Wing","floor":2,"gold_loss":0},{"damage_healed":0,"gold_gain":0,"player_choice":"Forge","damage_taken":0,"max_hp_gain":0,"max_hp_loss":0,"event_name":"Accursed Blacksmith","floor":11,"gold_loss":0,"cards_upgraded":["Sunder"]},{"cards_removed":["Strike_B"],"damage_healed":0,"gold_gain":0,"player_choice":"Offered Basic","damage_taken":0,"max_hp_gain":0,"max_hp_loss":0,"event_name":"Bonfire Elementals","floor":24,"gold_loss":0}],"is_beta":false,"boss_relics":[{"not_picked":["Philosopher\u0027s Stone","Runic Pyramid"],"picked":"Cursed Key"}],"items_purged_floors":[10,19,29],"is_endless":false,"potions_floor_spawned":[1,4,7,14,22,28],"killed_by":"Automaton","ascension_level":8}