{"gold_per_floor":[112,125,143,143,71,87,87,87,87,87,12,31,31,49,49,154,204,219,219,219,203,128,0,0,12,312,343,343,343,343,357,357,454,454,468,484,51,51,62,62,74,74,98,98,108,124,30,41,41,41],"floor_reached":51,"playtime":6469,"items_purged":["Coolheaded","Defend_B"],"score":849,"play_id":"767e0241-a091-4be7-b28a-89ef05376171","local_time":"20190626231737","is_ascension_mode":true,"campfire_choices":[{"data":"Zap","floor":7.0,"key":"SMITH"},{"data":"Dualcast","floor":10.0,"key":"SMITH"},{"data":"Defragment","floor":15.0,"key":"SMITH"},{"data":"Coolheaded","floor":28.0,"key":"SMITH"},{"floor":30.0,"key":"REST"},{"data":"Streamline","floor":32.0,"key":"SMITH"},{"data":"Zap","floor":40.0,"key":"SMITH"},{"data":"Glacier","floor":42.0,"key":"SMITH"},{"data":"Finesse","floor":49,"key":"SMITH"}],"neow_cost":"NONE","seed_source_timestamp":339980010534668,"circlet_count":0,"master_deck":["Defend_B+1","Defend_B+1","Defend_B","Zap+1","Dualcast+1","Streamline+1","Defragment+1","Glacier+1","Chill+1","Compile Driver","Machine Learning","Coolheaded+1","Defragment+1","Conserve Battery+1","Capacitor+1","Zap+1","Go for the Eyes+1","Finesse+1"],"special_seed":0,"relics":["Cracked Core","Happy Flower","Tiny House","Enchiridion","Old Coin","Darkstone Periapt","Coffee Dripper","Toy Ornithopter","Anchor"],"potions_floor_usage":[48,50,50],"damage_taken":[{"damage":1.0,"enemies":"Jaw Worm","floor":1.0,"turns":4.0},{"damage":0.0,"enemies":"Cultist","floor":2.0,"turns":2.0},{"damage":0.0,"enemies":"Small Slimes","floor":3.0,"turns":2.0},{"damage":8.0,"enemies":"Exordium Thugs","floor":6.0,"turns":5.0},{"damage":0.0,"enemies":"Large Slime","floor":12.0,"turns":6.0},{"damage":0.0,"enemies":"Blue Slaver","floor":14.0,"turns":3.0},{"damage":15.0,"enemies":"Hexaghost","floor":16.0,"turns":10.0},{"damage":2.0,"enemies":"Chosen","floor":18.0,"turns":5.0},{"damage":6.0,"enemies":"2 Thieves","floor":21.0,"turns":5.0},{"damage":0.0,"enemies":"Cultist and Chosen","floor":25.0,"turns":7.0},{"damage":0.0,"enemies":"Book of Stabbing","floor":27.0,"turns":5.0},{"damage":0.0,"enemies":"Centurion and Healer","floor":31.0,"turns":8.0},{"damage":8.0,"enemies":"Collector","floor":33.0,"turns":11.0},{"damage":0.0,"enemies":"3 Shapes","floor":35.0,"turns":9.0},{"damage":3.0,"enemies":"Orb Walker","floor":36.0,"turns":4.0},{"damage":0.0,"enemies":"Writhing Mass","floor":39.0,"turns":6.0},{"damage":0.0,"enemies":"Sphere and 2 Shapes","floor":41.0,"turns":3.0},{"damage":0.0,"enemies":"Spire Growth","floor":45.0,"turns":5.0},{"damage":0.0,"enemies":"Jaw Worm Horde","floor":46.0,"turns":6.0},{"damage":0,"enemies":"Writhing Mass","floor":48,"turns":7},{"damage":5,"enemies":"Donu and Deca","floor":50,"turns":13}],"seed_played":"3316134385446652963","potions_obtained":[{"floor":2.0,"key":"Strength Potion"},{"floor":3.0,"key":"SkillPotion"},{"floor":16.0,"key":"Block Potion"},{"floor":17.0,"key":"LiquidBronze"},{"floor":25.0,"key":"Poison Potion"},{"floor":31.0,"key":"Weak Potion"},{"floor":39.0,"key":"EssenceOfSteel"},{"floor":44.0,"key":"Swift Potion"},{"floor":44.0,"key":"Weak Potion"},{"floor":44.0,"key":"PowerPotion"},{"floor":46.0,"key":"Poison Potion"},{"floor":48,"key":"Strength Potion"}],"is_trial":false,"path_per_floor":["M","M","M","?","$","M","R","?","T","R","$","M","?","M","R","B",null,"M","?","?","M","?","?","$","M","T","E","R","?","R","M","R","B",null,"M","M","$","?","M","R","M","R","T","?","M","M","$","M","R","B",null],"character_chosen":"DEFECT","items_purchased":["Glacier","Toy Ornithopter","Fire Potion","Ancient Potion","Finesse"],"campfire_rested":1,"item_purchase_floors":[5,37,37,37,47],"current_hp_per_floor":[67,67,67,67,67,59,59,64,64,64,64,64,48,48,48,33,73,71,71,55,49,49,49,49,49,49,49,49,49,74,74,74,66,80,80,77,77,77,82,82,82,82,82,82,82,85,85,85,85,85],"gold":41,"neow_bonus":"REMOVE_CARD","is_prod":false,"is_daily":false,"chose_seed":false,"campfire_upgraded":8,"win_rate":0,"timestamp":1561605457,"path_taken":["M","M","M","?","$","M","R","?","T","R","?","?","?","M","R","BOSS","M","?","?","?","?","?","?","M","T","E","R","?","R","?","R","BOSS","M","M","$","?","M","R","?","R","T","?","M","M","?","M","R","BOSS"],"build_version":"2019-01-23","purchased_purges":2,"victory":true,"max_hp_per_floor":[75,75,75,75,75,75,75,80,80,80,80,80,80,80,80,80,85,85,85,85,85,85,85,85,85,85,85,85,85,85,85,85,85,85,85,85,85,85,85,85,85,85,85,85,85,85,85,85,85,85],"card_choices":[{"not_picked":["Leap","Storm"],"picked":"Streamline","floor":1.0},{"not_picked":["Beam Cell","Conserve Battery"],"picked":"Coolheaded","floor":2.0},{"not_picked":["Cold Snap","Redo"],"picked":"Defragment","floor":3.0},{"not_picked":["Turbo","Sweeping Beam"],"picked":"Chill","floor":6.0},{"not_picked":["Cold Snap","Barrage"],"picked":"Compile Driver","floor":12.0},{"not_picked":["Thunder Strike","Glacier","Hello World"],"picked":"SKIP","floor":14.0},{"not_picked":["Multi-Cast","Fission"],"picked":"Machine Learning","floor":16.0},{"not_picked":["Compile Driver","Ball Lightning"],"picked":"Coolheaded","floor":17.0},{"not_picked":["Rebound","Genetic Algorithm+1"],"picked":"Defragment+1","floor":18.0},{"not_picked":["Redo","Doom and Gloom"],"picked":"Conserve Battery+1","floor":21.0},{"not_picked":["Compile Driver","Leap+1","Sweeping Beam"],"picked":"SKIP","floor":25.0},{"not_picked":["Undo","Gash","Double Energy"],"picked":"SKIP","floor":27.0},{"not_picked":["Gash+1","Conserve Battery","Capacitor+1"],"picked":"SKIP","floor":31.0},{"not_picked":["Gash+1","Conserve Battery"],"picked":"Capacitor+1","floor":31.0},{"not_picked":["Steam+1","Sweeping Beam+1","Cold Snap+1"],"picked":"SKIP","floor":35.0},{"not_picked":["Beam Cell+1","Compile Driver+1","Streamline+1"],"picked":"SKIP","floor":36.0},{"not_picked":["Beam Cell","Leap","Storm"],"picked":"SKIP","floor":39.0},{"not_picked":["Conserve Battery+1","Streamline"],"picked":"Go for the Eyes+1","floor":41.0},{"not_picked":["Lockon+1","Core Surge","Glacier+1"],"picked":"SKIP","floor":45.0},{"not_picked":["Rebound","Leap","Coolheaded+1"],"picked":"SKIP","floor":46.0},{"not_picked":["Gash","Hologram+1","Doom and Gloom+1"],"picked":"SKIP","floor":48}],"player_experience":425157,"relics_obtained":[{"floor":9.0,"key":"Happy Flower"},{"floor":20.0,"key":"Enchiridion"},{"floor":26.0,"key":"Old Coin"},{"floor":27.0,"key":"Darkstone Periapt"},{"floor":43.0,"key":"Anchor"}],"event_choices":[{"cards_removed":["Strike_B"],"damage_healed":0.0,"max_hp_gain":0.0,"max_hp_loss":0.0,"gold_gain":0.0,"event_name":"Living Wall","player_choice":"Forget","floor":4.0,"gold_loss":0.0,"damage_taken":0.0},{"damage_healed":0.0,"max_hp_gain":5.0,"max_hp_loss":0.0,"gold_gain":0.0,"event_name":"Big Fish","player_choice":"Donut","floor":8.0,"gold_loss":0.0,"damage_taken":0.0},{"damage_healed":0.0,"max_hp_gain":0.0,"max_hp_loss":0.0,"gold_gain":0.0,"event_name":"Shining Light","player_choice":"Entered Light","floor":13.0,"gold_loss":0.0,"damage_taken":16.0,"cards_upgraded":["Defend_B","Chill"]},{"damage_healed":0.0,"max_hp_gain":0.0,"max_hp_loss":0.0,"gold_gain":0.0,"event_name":"Vampires","player_choice":"Ignored","floor":19.0,"gold_loss":0.0,"damage_taken":0.0},{"damage_healed":0.0,"max_hp_gain":0.0,"max_hp_loss":0.0,"gold_gain":0.0,"event_name":"Cursed Tome","player_choice":"Obtained Book","floor":20.0,"gold_loss":0.0,"damage_taken":16.0},{"cards_removed":["Strike_B"],"damage_healed":0.0,"max_hp_gain":0.0,"max_hp_loss":0.0,"gold_gain":0.0,"event_name":"Beggar","player_choice":"Gave Gold","floor":22.0,"gold_loss":75.0,"damage_taken":0.0},{"damage_healed":0.0,"max_hp_gain":0.0,"max_hp_loss":0.0,"gold_gain":0.0,"event_name":"Masked Bandits","player_choice":"Paid Fearfully","floor":23.0,"gold_loss":128.0,"damage_taken":0.0},{"cards_removed":["Strike_B"],"damage_healed":0.0,"max_hp_gain":0.0,"max_hp_loss":0.0,"gold_gain":0.0,"event_name":"Purifier","player_choice":"Purged","floor":29.0,"gold_loss":0.0,"damage_taken":0.0},{"damage_healed":0.0,"max_hp_gain":0.0,"max_hp_loss":0.0,"gold_gain":0.0,"event_name":"Match and Keep!","player_choice":"1 cards matched","floor":38.0,"gold_loss":0.0,"damage_taken":0.0,"cards_obtained":["Zap"]},{"damage_healed":0.0,"max_hp_gain":0.0,"max_hp_loss":0.0,"gold_gain":0.0,"event_name":"Lab","player_choice":"Got Potions","floor":44.0,"gold_loss":0.0,"damage_taken":0.0}],"is_beta":false,"boss_relics":[{"not_picked":["Velvet Choker","White Beast Statue"],"picked":"Tiny House"},{"not_picked":["Black Star","Astrolabe"],"picked":"Coffee Dripper"}],"items_purged_floors":[11,37],"is_endless":false,"potions_floor_spawned":[2,3,16,25,31,39,41,46,48],"ascension_level":6}