{"gold_per_floor":[209,209,226,226,226,226,4,39,63,76,151,151,185,199,199,199],"floor_reached":16,"playtime":600,"items_purged":[],"score":194,"play_id":"325e17d0-5025-45da-8b5d-3d0863ecb5b8","local_time":"20190705083030","is_ascension_mode":true,"campfire_choices":[{"data":"Zap","floor":6,"key":"SMITH"},{"floor":12,"key":"REST"},{"floor":15,"key":"REST"}],"neow_cost":"NONE","seed_source_timestamp":508189766169452,"circlet_count":0,"master_deck":["AscendersBane","Strike_B","Strike_B","Strike_B","Strike_B","Defend_B","Defend_B","Defend_B","Defend_B","Zap+1","Dualcast","Genetic Algorithm","Coolheaded","Coolheaded","Hologram","Conserve Battery","Go for the Eyes"],"relics":["Cracked Core","Emotion Chip","Gambling Chip","Golden Idol","Membership Card","Happy Flower","Vajra","Regal Pillow"],"potions_floor_usage":[8,16,16],"damage_taken":[{"damage":2,"enemies":"2 Louse","floor":1,"turns":2},{"damage":5,"enemies":"Cultist","floor":3,"turns":4},{"damage":31,"enemies":"3 Sentries","floor":8,"turns":7},{"damage":0,"enemies":"Jaw Worm","floor":10,"turns":3},{"damage":19,"enemies":"Lagavulin","floor":13,"turns":7},{"damage":0,"enemies":"Looter","floor":14,"turns":4},{"damage":40,"enemies":"Slime Boss","floor":16,"turns":8}],"seed_played":"2049622625863748405","potions_obtained":[{"floor":1,"key":"Ancient Potion"},{"floor":3,"key":"Regen Potion"},{"floor":13,"key":"Ancient Potion"},{"floor":14,"key":"SpeedPotion"}],"is_trial":false,"path_per_floor":["M","?","M","?","?","R","$","E","T","M","?","R","E","M","R","B"],"character_chosen":"DEFECT","items_purchased":["Membership Card"],"campfire_rested":2,"item_purchase_floors":[7],"current_hp_per_floor":[62,62,57,31,31,31,31,15,15,15,4,23,4,4,38,0],"gold":199,"neow_bonus":"HUNDRED_GOLD","is_prod":false,"is_daily":false,"chose_seed":false,"campfire_upgraded":1,"win_rate":0,"timestamp":1562286630,"path_taken":["M","?","?","?","?","R","$","E","T","M","?","R","E","M","R","BOSS"],"build_version":"2019-07-01","purchased_purges":0,"victory":false,"max_hp_per_floor":[71,71,71,71,64,64,64,64,64,64,64,64,64,64,64,64],"card_choices":[{"not_picked":["Reinforced Body","Tempest"],"picked":"Genetic Algorithm","floor":1},{"not_picked":["Steam","Steam Power"],"picked":"Coolheaded","floor":3},{"not_picked":["Go for the Eyes","BootSequence"],"picked":"Coolheaded","floor":8},{"not_picked":["Reinforced Body","Redo"],"picked":"Hologram","floor":10},{"not_picked":["Ball Lightning","Reprogram"],"picked":"Conserve Battery","floor":13},{"not_picked":["Scrape","Steam"],"picked":"Go for the Eyes","floor":14}],"player_experience":1173585,"relics_obtained":[{"floor":8,"key":"Happy Flower"},{"floor":9,"key":"Vajra"},{"floor":13,"key":"Regal Pillow"}],"event_choices":[{"damage_healed":0,"gold_gain":0,"player_choice":"Gave Potion","damage_taken":0,"relics_obtained":["Emotion Chip"],"max_hp_gain":0,"max_hp_loss":0,"event_name":"WeMeetAgain","floor":2,"gold_loss":0},{"damage_healed":0,"gold_gain":0,"player_choice":"Success","damage_taken":26,"relics_obtained":["Gambling Chip"],"max_hp_gain":0,"max_hp_loss":0,"event_name":"Scrap Ooze","floor":4,"gold_loss":0},{"damage_healed":0,"gold_gain":0,"player_choice":"Lose Max HP","damage_taken":0,"relics_obtained":["Golden Idol"],"max_hp_gain":0,"max_hp_loss":7,"event_name":"Golden Idol","floor":5,"gold_loss":0},{"damage_healed":0,"gold_gain":75,"player_choice":"Gather Gold","damage_taken":11,"max_hp_gain":0,"max_hp_loss":0,"event_name":"World of Goop","floor":11,"gold_loss":0}],"is_beta":false,"boss_relics":[],"items_purged_floors":[],"is_endless":false,"potions_floor_spawned":[1,3,13,14],"killed_by":"Slime Boss","ascension_level":16}