{"gold_per_floor":[116,128,128,147,165,165,194,194,194,222,249,259,286,286,286,386,386,396,28,128,142,142],"floor_reached":22,"playtime":1672,"items_purged":[],"score":204,"play_id":"9bad8823-2076-4cdb-b0c5-28a6261fa5ed","local_time":"20190705062817","is_ascension_mode":false,"campfire_choices":[{"data":"Hello World","floor":6,"key":"SMITH"},{"floor":8,"key":"REST"},{"data":"Defragment","floor":15,"key":"SMITH"}],"neow_cost":"NONE","seed_source_timestamp":134994032812629,"circlet_count":0,"master_deck":["Strike_B","Strike_B","Strike_B","Strike_B","Defend_B","Defend_B","Defend_B","Defend_B","Zap+1","Dualcast","Conserve Battery","Capacitor+1","Lockon","Hello World+1","Heatsinks","Stack","Redo","Defragment+1","Thunder Strike","Electrodynamics","Double Energy","Hello World","White Noise","Rebound"],"relics":["Cracked Core","Dodecahedron","Peace Pipe","Odd Mushroom","Pocketwatch","Calipers","Snecko Eye","Matryoshka"],"potions_floor_usage":[7,10,12,13,18],"damage_taken":[{"damage":0,"enemies":"Cultist","floor":1,"turns":4},{"damage":0,"enemies":"2 Louse","floor":2,"turns":4},{"damage":0,"enemies":"Small Slimes","floor":4,"turns":3},{"damage":7,"enemies":"3 Louse","floor":5,"turns":3},{"damage":19,"enemies":"3 Sentries","floor":7,"turns":6},{"damage":3,"enemies":"The Mushroom Lair","floor":10,"turns":5},{"damage":15,"enemies":"Gremlin Nob","floor":11,"turns":4},{"damage":5,"enemies":"Lots of Slimes","floor":12,"turns":2},{"damage":10,"enemies":"3 Sentries","floor":13,"turns":4},{"damage":9,"enemies":"Hexaghost","floor":16,"turns":10},{"damage":49,"enemies":"2 Thieves","floor":18,"turns":4},{"damage":20,"enemies":"Spheric Guardian","floor":21,"turns":4},{"damage":7,"enemies":"Snake Plant","floor":22,"turns":2}],"seed_played":"386771226012382987","potions_obtained":[{"floor":4,"key":"LiquidBronze"},{"floor":7,"key":"Dexterity Potion"},{"floor":11,"key":"Explosive Potion"},{"floor":12,"key":"Fire Potion"},{"floor":13,"key":"AttackPotion"}],"is_trial":false,"path_per_floor":["M","M","?","M","M","R","E","R","T","?","E","M","E","?","R","B",null,"M","$","?","M","M"],"character_chosen":"DEFECT","items_purchased":["Matryoshka","Hello World","White Noise"],"campfire_rested":1,"item_purchase_floors":[19,19,19],"current_hp_per_floor":[75,75,75,75,68,68,49,71,71,68,53,48,38,38,38,29,75,26,26,26,6,0],"gold":142,"neow_bonus":"UPGRADE_CARD","is_prod":false,"is_daily":false,"chose_seed":false,"campfire_upgraded":2,"win_rate":0.0,"timestamp":1562272097,"path_taken":["M","?","?","M","M","R","E","R","T","?","E","M","E","?","R","BOSS","M","?","?","M","?"],"build_version":"2019-07-01","purchased_purges":0,"victory":false,"max_hp_per_floor":[75,75,75,75,75,75,75,75,75,75,75,75,75,75,75,75,75,75,75,75,75,75],"card_choices":[{"not_picked":["Stack","Undo"],"picked":"Conserve Battery","floor":1},{"not_picked":["Beam Cell","Steam"],"picked":"Capacitor","floor":2},{"not_picked":["Gash","Coolheaded"],"picked":"Lockon","floor":4},{"not_picked":["Redo","Cold Snap"],"picked":"Hello World","floor":5},{"not_picked":["Blizzard","Reprogram"],"picked":"Heatsinks","floor":7},{"not_picked":["Gash","Force Field"],"picked":"Stack","floor":10},{"not_picked":["Auto Shields","Conserve Battery"],"picked":"Redo","floor":11},{"not_picked":["Chill","Multi-Cast"],"picked":"Defragment","floor":12},{"not_picked":["Genetic Algorithm","FTL"],"picked":"Heatsinks","floor":13},{"not_picked":["Thunder Strike","Amplify"],"picked":"Electrodynamics","floor":16},{"not_picked":["Scrape","Sweeping Beam+1"],"picked":"Double Energy","floor":18},{"not_picked":["Blizzard","BootSequence"],"picked":"Rebound","floor":21}],"player_experience":21015,"relics_obtained":[{"floor":7,"key":"Dodecahedron"},{"floor":9,"key":"Peace Pipe"},{"floor":10,"key":"Odd Mushroom"},{"floor":11,"key":"Pocketwatch"},{"floor":13,"key":"Calipers"}],"event_choices":[{"damage_healed":0,"gold_gain":0,"player_choice":"Grow","damage_taken":0,"max_hp_gain":0,"max_hp_loss":0,"event_name":"Living Wall","floor":3,"gold_loss":0,"cards_upgraded":["Capacitor"]},{"damage_healed":0,"gold_gain":0,"player_choice":"Fought Mushrooms","damage_taken":0,"max_hp_gain":0,"max_hp_loss":0,"event_name":"Mushrooms","floor":10,"gold_loss":0},{"damage_healed":0,"gold_gain":0,"cards_transformed":["Heatsinks"],"player_choice":"Transformed","damage_taken":0,"max_hp_gain":0,"max_hp_loss":0,"event_name":"Transmorgrifier","floor":14,"gold_loss":0,"cards_obtained":["Thunder Strike"]},{"damage_healed":0,"gold_gain":100,"player_choice":"Pray","damage_taken":0,"max_hp_gain":0,"max_hp_loss":0,"event_name":"Golden Shrine","floor":20,"gold_loss":0}],"is_beta":false,"boss_relics":[{"not_picked":["Lizard Tail","Empty Cage"],"picked":"Snecko Eye"}],"items_purged_floors":[],"is_endless":false,"potions_floor_spawned":[4,7,11,12,13],"killed_by":"Snake Plant","ascension_level":0}