{"gold_per_floor":[111,131,145,145,145,145,160,160,160,190,203,231,231,231,231,332,332,345,204,219,219,231,231,246,280,305,305],"floor_reached":27,"playtime":3469,"items_purged":["Strike_B"],"score":410,"play_id":"2ddc711a-120e-4410-b7ad-6561ba5a33b1","local_time":"20190628012413","is_ascension_mode":true,"campfire_choices":[{"data":"Zap","floor":6.0,"key":"SMITH"},{"data":"Dualcast","floor":8.0,"key":"SMITH"},{"data":"Hologram","floor":13.0,"key":"SMITH"},{"data":"Defragment","floor":15.0,"key":"SMITH"},{"data":"Turbo","floor":23,"key":"SMITH"}],"neow_cost":"NONE","seed_source_timestamp":0,"circlet_count":0,"master_deck":["Strike_B","Defend_B","Defend_B","Defend_B","Defend_B","Zap+1","Dualcast+1","Glacier","Go for the Eyes","All For One","Hologram+1","Steam","Defragment+1","Turbo+1","Regret","Gash","Flash of Steel","Streamline","Coolheaded"],"special_seed":0,"relics":["Cracked Core","Smiling Mask","Darkstone Periapt","Symbiotic Virus","Blue Candle","Kunai","Philosopher\u0027s Stone","NlothsMask","Bottled Lightning"],"potions_floor_usage":[22,24],"damage_taken":[{"damage":1.0,"enemies":"Cultist","floor":1.0,"turns":4.0},{"damage":0.0,"enemies":"2 Louse","floor":2.0,"turns":3.0},{"damage":0.0,"enemies":"Jaw Worm","floor":3.0,"turns":3.0},{"damage":0.0,"enemies":"Blue Slaver","floor":7.0,"turns":3.0},{"damage":0.0,"enemies":"Gremlin Nob","floor":10.0,"turns":2.0},{"damage":3.0,"enemies":"Large Slime","floor":11.0,"turns":6.0},{"damage":0.0,"enemies":"Lagavulin","floor":12.0,"turns":6.0},{"damage":27.0,"enemies":"Hexaghost","floor":16.0,"turns":19.0},{"damage":9.0,"enemies":"Chosen","floor":18.0,"turns":3.0},{"damage":0.0,"enemies":"Spheric Guardian","floor":20.0,"turns":3.0},{"damage":22,"enemies":"Snake Plant","floor":22,"turns":5},{"damage":21,"enemies":"Centurion and Healer","floor":24,"turns":4},{"damage":13,"enemies":"Gremlin Leader","floor":25,"turns":7},{"damage":19,"enemies":"Slavers","floor":27,"turns":3}],"seed_played":"-5456455699613403303","potions_obtained":[{"floor":1.0,"key":"SteroidPotion"},{"floor":2.0,"key":"AttackPotion"},{"floor":12.0,"key":"Dexterity Potion"},{"floor":16.0,"key":"Poison Potion"},{"floor":18.0,"key":"Regen Potion"},{"floor":20.0,"key":"PowerPotion"}],"is_trial":false,"path_per_floor":["M","M","M","?","?","R","M","R","T","E","M","E","R","?","R","B",null,"M","$","M","?","M","R","M","E","T","E"],"character_chosen":"DEFECT","items_purchased":["Flash of Steel"],"campfire_rested":0,"item_purchase_floors":[19],"current_hp_per_floor":[67,67,67,60,60,60,60,60,60,60,57,57,57,63,63,36,70,61,61,61,61,48,48,27,14,14,0],"gold":305,"neow_bonus":"RANDOM_COMMON_RELIC","is_prod":false,"is_daily":false,"chose_seed":false,"campfire_upgraded":5,"win_rate":0,"timestamp":1561699453,"path_taken":["M","M","M","?","?","R","M","R","T","E","M","E","R","?","R","BOSS","M","$","M","?","M","R","M","E","T","E"],"build_version":"2019-01-23","purchased_purges":1,"victory":false,"max_hp_per_floor":[75,75,75,75,75,75,75,75,75,75,75,75,75,81,81,81,81,81,81,81,81,81,81,81,81,81,81],"card_choices":[{"not_picked":["FTL","Lockon"],"picked":"Glacier","floor":1.0},{"not_picked":["Cold Snap","Leap"],"picked":"Go for the Eyes","floor":2.0},{"not_picked":["Chaos","Conserve Battery"],"picked":"All For One","floor":3.0},{"not_picked":["Glacier","Cold Snap"],"picked":"Hologram","floor":7.0},{"not_picked":["Rip and Tear","Sweeping Beam"],"picked":"Steam","floor":10.0},{"not_picked":["Lockon","Beam Cell"],"picked":"Defragment","floor":11.0},{"not_picked":["BootSequence","All For One"],"picked":"Turbo","floor":12.0},{"not_picked":["Conserve Battery","Force Field"],"picked":"Gash","floor":18.0},{"not_picked":["Redo+1","White Noise"],"picked":"Streamline","floor":20.0},{"not_picked":["Force Field","Rebound","Redo"],"picked":"SKIP","floor":22},{"not_picked":["Undo","Leap"],"picked":"Coolheaded","floor":24},{"not_picked":["Streamline+1","Cold Snap+1","Steam+1"],"picked":"SKIP","floor":25}],"player_experience":453765,"relics_obtained":[{"floor":9.0,"key":"Darkstone Periapt"},{"floor":10.0,"key":"Symbiotic Virus"},{"floor":12.0,"key":"Blue Candle"},{"floor":25,"key":"Bottled Lightning"}],"event_choices":[{"cards_removed":["Strike_B"],"damage_healed":0.0,"max_hp_gain":0.0,"max_hp_loss":0.0,"gold_gain":0.0,"event_name":"Golden Wing","player_choice":"Card Removal","floor":4.0,"gold_loss":0.0,"damage_taken":7.0},{"cards_removed":["Strike_B"],"damage_healed":0.0,"max_hp_gain":0.0,"max_hp_loss":0.0,"gold_gain":0.0,"event_name":"Living Wall","player_choice":"Forget","floor":5.0,"gold_loss":0.0,"damage_taken":0.0},{"damage_healed":0.0,"max_hp_gain":0.0,"max_hp_loss":0.0,"gold_gain":0.0,"event_name":"Big Fish","player_choice":"Box","floor":14.0,"gold_loss":0.0,"damage_taken":0.0,"relics_obtained":["Kunai"],"cards_obtained":["Regret"]},{"damage_healed":0.0,"max_hp_gain":0.0,"max_hp_loss":0.0,"gold_gain":0.0,"event_name":"FaceTrader","player_choice":"Trade","floor":21.0,"gold_loss":0.0,"damage_taken":0.0,"relics_obtained":["NlothsMask"]}],"is_beta":false,"boss_relics":[{"not_picked":["Snecko Eye","White Beast Statue"],"picked":"Philosopher\u0027s Stone"}],"items_purged_floors":[19],"is_endless":false,"potions_floor_spawned":[1,2,12,16,18,20],"killed_by":"Slavers","ascension_level":8}