{"gold_per_floor":[111,129,139,152,77,103,103,132,132,132,151,183,183,183,183,258,258,270,27,41,55,55,55,85,103,130,141,141,173,189,199,199,277,277,297,311,311,49,149,149,184,184,208,233,233,244,244,272,272,272],"floor_reached":51,"playtime":5396,"items_purged":["Strike_B","Injury"],"score":1393,"play_id":"bf9245cb-5ec6-41f7-a95a-525192e0d683","local_time":"20190629192654","is_ascension_mode":true,"campfire_choices":[{"data":"Zap","floor":7,"key":"SMITH"},{"data":"Streamline","floor":10,"key":"SMITH"},{"data":"Dualcast","floor":15,"key":"SMITH"},{"data":"Defragment","floor":23,"key":"SMITH"},{"data":"Rainbow","floor":32,"key":"SMITH"},{"data":"Buffer","floor":40,"key":"SMITH"},{"data":"Reboot","floor":42,"key":"SMITH"},{"data":"Capacitor","floor":45,"key":"SMITH"},{"data":"Go for the Eyes","floor":49,"key":"SMITH"}],"neow_cost":"NONE","seed_source_timestamp":24306063093785,"circlet_count":0,"master_deck":["AscendersBane","Strike_B","Strike_B","Strike_B","Defend_B","Defend_B","Defend_B","Defend_B","Zap+1","Dualcast+1","Coolheaded","Glacier","Go for the Eyes+1","Streamline+1","Loop","Capacitor+1","Defragment+1","Rainbow+1","Reboot+1","Ball Lightning","FTL","Zap+1","Sweeping Beam","Reboot+1","Defragment+1","Buffer+1","Coolheaded+1","Pain","Compile Driver+1"],"relics":["Cursed Key","Mercury Hourglass","Centennial Puzzle","Pear","Emotion Chip","Nuclear Battery","Bag of Preparation","PreservedInsect","DataDisk","Spirit Poop","Ginger","Coffee Dripper","Shuriken","Du-Vu Doll","Happy Flower","Omamori","Orichalcum"],"potions_floor_usage":[12,16,16,16,21,24,24,31,33,33,50],"damage_taken":[{"damage":4,"enemies":"Small Slimes","floor":1,"turns":4},{"damage":2,"enemies":"Jaw Worm","floor":2,"turns":5},{"damage":3,"enemies":"Cultist","floor":3,"turns":4},{"damage":12,"enemies":"Lots of Slimes","floor":4,"turns":7},{"damage":15,"enemies":"3 Sentries","floor":6,"turns":11},{"damage":6,"enemies":"Lagavulin","floor":8,"turns":7},{"damage":2,"enemies":"Blue Slaver","floor":11,"turns":3},{"damage":19,"enemies":"Gremlin Nob","floor":12,"turns":5},{"damage":16,"enemies":"Hexaghost","floor":16,"turns":8},{"damage":8,"enemies":"Shell Parasite","floor":18,"turns":4},{"damage":0,"enemies":"Chosen","floor":20,"turns":4},{"damage":0,"enemies":"3 Cultists","floor":21,"turns":4},{"damage":12,"enemies":"Slavers","floor":24,"turns":5},{"damage":4,"enemies":"Centurion and Healer","floor":25,"turns":4},{"damage":2,"enemies":"Shelled Parasite and Fungi","floor":27,"turns":4},{"damage":5,"enemies":"Book of Stabbing","floor":29,"turns":4},{"damage":4,"enemies":"Chosen and Byrds","floor":30,"turns":3},{"damage":0,"enemies":"Cultist and Chosen","floor":31,"turns":3},{"damage":26,"enemies":"Collector","floor":33,"turns":7},{"damage":0,"enemies":"Orb Walker","floor":35,"turns":3},{"damage":0,"enemies":"3 Darklings","floor":36,"turns":4},{"damage":0,"enemies":"Nemesis","floor":41,"turns":7},{"damage":6,"enemies":"Giant Head","floor":44,"turns":5},{"damage":6,"enemies":"4 Shapes","floor":46,"turns":3},{"damage":12,"enemies":"Nemesis","floor":48,"turns":3},{"damage":15,"enemies":"Awakened One","floor":50,"turns":7}],"seed_played":"-201929162763229026","potions_obtained":[{"floor":2,"key":"GamblersBrew"},{"floor":4,"key":"EntropicBrew"},{"floor":12,"key":"AttackPotion"},{"floor":16,"key":"AttackPotion"},{"floor":21,"key":"SkillPotion"},{"floor":29,"key":"Block Potion"},{"floor":30,"key":"Regen Potion"},{"floor":31,"key":"Ancient Potion"},{"floor":41,"key":"Poison Potion"},{"floor":44,"key":"FocusPotion"},{"floor":48,"key":"Fire Potion"}],"is_trial":false,"path_per_floor":["M","M","M","M","$","E","R","E","T","R","M","E","?","?","R","B",null,"M","$","M","M","?","R","E","M","T","M","?","E","M","M","R","B",null,"M","M","?","$","?","R","E","R","T","E","R","M","?","E","R","B",null],"character_chosen":"DEFECT","items_purchased":["Bag of Preparation","Shuriken"],"campfire_rested":0,"item_purchase_floors":[19,38],"current_hp_per_floor":[64,62,59,47,47,32,32,26,36,36,34,15,43,43,43,27,71,63,63,63,63,63,63,51,47,47,45,45,40,36,41,41,15,68,68,68,68,68,68,68,68,68,68,62,62,56,56,44,44,29],"gold":272,"neow_bonus":"BOSS_RELIC","is_prod":false,"is_daily":false,"chose_seed":false,"campfire_upgraded":9,"win_rate":0,"timestamp":1561807614,"path_taken":["M","M","M","M","$","E","R","E","T","R","M","E","?","?","R","BOSS","M","?","?","M","?","R","E","M","T","?","?","E","M","M","R","BOSS","M","M","?","$","?","R","E","R","T","E","R","?","?","E","R","BOSS"],"build_version":"2019-01-23","purchased_purges":2,"victory":true,"max_hp_per_floor":[75,75,75,75,75,75,75,75,85,85,85,85,85,85,85,85,85,85,85,85,85,85,85,85,85,85,85,85,85,85,85,85,85,85,85,85,85,85,85,85,85,85,85,85,85,85,85,85,85,85],"card_choices":[{"not_picked":["Rebound","Hologram"],"picked":"Coolheaded","floor":1},{"not_picked":["Redo","Heatsinks"],"picked":"Glacier","floor":2},{"not_picked":["Cold Snap","Stack"],"picked":"Go for the Eyes","floor":3},{"not_picked":["Melter","Consume"],"picked":"Streamline","floor":4},{"not_picked":["Conserve Battery","Heatsinks"],"picked":"Loop","floor":6},{"not_picked":["Hologram","Reprogram"],"picked":"Capacitor","floor":8},{"not_picked":["Seek","Static Discharge"],"picked":"Defragment","floor":11},{"not_picked":["Go for the Eyes","Compile Driver"],"picked":"Rainbow","floor":12},{"not_picked":["Biased Cognition","Creative AI"],"picked":"Reboot","floor":16},{"not_picked":["Skim+1","Redo"],"picked":"Ball Lightning","floor":18},{"not_picked":["Hologram","Conserve Battery","Auto Shields"],"picked":"SKIP","floor":20},{"not_picked":["Conserve Battery","Streamline"],"picked":"FTL","floor":21},{"not_picked":["Compile Driver","Cold Snap","Beam Cell"],"picked":"SKIP","floor":24},{"not_picked":["Conserve Battery","Barrage"],"picked":"Sweeping Beam","floor":25},{"not_picked":["Blizzard","Stack","Hologram"],"picked":"SKIP","floor":27},{"not_picked":["Rip and Tear","Cold Snap"],"picked":"Reboot","floor":29},{"not_picked":["Ball Lightning+1","Compile Driver"],"picked":"Defragment+1","floor":30},{"not_picked":["Consume","Stack","Leap"],"picked":"SKIP","floor":31},{"not_picked":["Electrodynamics","Rainbow"],"picked":"Buffer","floor":33},{"not_picked":["Cold Snap","Reprogram"],"picked":"Coolheaded+1","floor":35},{"not_picked":["Stack","Ball Lightning","Sunder"],"picked":"SKIP","floor":36},{"not_picked":["Leap+1","Rip and Tear+1","Redo"],"picked":"SKIP","floor":41},{"not_picked":["Leap","Sweeping Beam"],"picked":"Compile Driver+1","floor":44},{"not_picked":["Gash","Barrage","Lockon"],"picked":"SKIP","floor":46},{"not_picked":["Ball Lightning","Stack","Rebound+1"],"picked":"SKIP","floor":48}],"player_experience":1104683,"relics_obtained":[{"floor":6,"key":"Mercury Hourglass"},{"floor":8,"key":"Centennial Puzzle"},{"floor":9,"key":"Pear"},{"floor":12,"key":"Emotion Chip"},{"floor":24,"key":"PreservedInsect"},{"floor":26,"key":"DataDisk"},{"floor":29,"key":"Ginger"},{"floor":41,"key":"Du-Vu Doll"},{"floor":43,"key":"Happy Flower"},{"floor":44,"key":"Omamori"},{"floor":48,"key":"Orichalcum"}],"event_choices":[{"damage_healed":28,"gold_gain":0,"player_choice":"Banana","damage_taken":0,"max_hp_gain":0,"max_hp_loss":0,"event_name":"Big Fish","floor":13,"gold_loss":0},{"damage_healed":0,"gold_gain":0,"player_choice":"Bought 0 Potions","damage_taken":0,"max_hp_gain":0,"max_hp_loss":0,"event_name":"The Woman in Blue","floor":14,"gold_loss":0},{"damage_healed":0,"gold_gain":0,"player_choice":"Copied","damage_taken":0,"max_hp_gain":0,"max_hp_loss":0,"event_name":"Duplicator","floor":22,"gold_loss":0,"cards_obtained":["Zap"]},{"cards_removed":["Regret"],"damage_healed":0,"gold_gain":0,"player_choice":"Offered Curse","damage_taken":0,"relics_obtained":["Spirit Poop"],"max_hp_gain":0,"max_hp_loss":0,"event_name":"Bonfire Elementals","floor":28,"gold_loss":0},{"damage_healed":0,"gold_gain":0,"player_choice":"Ignored","damage_taken":0,"max_hp_gain":0,"max_hp_loss":0,"event_name":"Tomb of Lord Red Mask","floor":37,"gold_loss":0},{"damage_healed":0,"gold_gain":100,"player_choice":"Pray","damage_taken":0,"max_hp_gain":0,"max_hp_loss":0,"event_name":"Golden Shrine","floor":39,"gold_loss":0},{"damage_healed":0,"gold_gain":0,"player_choice":"Forge","damage_taken":0,"max_hp_gain":0,"max_hp_loss":0,"event_name":"Accursed Blacksmith","floor":47,"gold_loss":0,"cards_upgraded":["Reboot"]}],"is_beta":false,"boss_relics":[{"not_picked":["Calling Bell","Snecko Eye"],"picked":"Nuclear Battery"},{"not_picked":["Orrery","Pandora\u0027s Box"],"picked":"Coffee Dripper"}],"items_purged_floors":[5,19],"is_endless":false,"potions_floor_spawned":[2,4,12,16,20,21,29,30,31,41,44,48],"ascension_level":13}