{"gold_per_floor":[111,111,40,40,50,50,81,99,99,111,111],"floor_reached":11,"playtime":493,"items_purged":[],"score":124,"play_id":"7cd9bfea-7b1f-4cee-9cdb-923259cbab43","local_time":"20190522202511","is_ascension_mode":true,"campfire_choices":[{"data":"Doom and Gloom","floor":6,"key":"SMITH"}],"neow_cost":"CURSE","seed_source_timestamp":472541194698300,"circlet_count":0,"master_deck":["AscendersBane","Strike_B","Strike_B","Strike_B","Strike_B","Defend_B","Defend_B","Defend_B","Defend_B","Zap","Dualcast","Purity","Discovery","Coolheaded","Doom and Gloom+1","Coolheaded","FTL","Conserve Battery"],"relics":["Cracked Core","FossilizedHelix","Molten Egg 2"],"potions_floor_usage":[],"damage_taken":[{"damage":2,"enemies":"Small Slimes","floor":1,"turns":4},{"damage":1,"enemies":"Jaw Worm","floor":5,"turns":4},{"damage":36,"enemies":"Gremlin Nob","floor":7,"turns":4},{"damage":0,"enemies":"2 Louse","floor":8,"turns":3},{"damage":14,"enemies":"Gremlin Gang","floor":10,"turns":3},{"damage":6,"enemies":"Exordium Thugs","floor":11,"turns":3}],"seed_played":"8440227725359608698","potions_obtained":[],"is_trial":false,"path_per_floor":["M","?","$","?","M","R","E","M","T","M","M"],"character_chosen":"DEFECT","items_purchased":["Doom and Gloom"],"campfire_rested":0,"item_purchase_floors":[3],"current_hp_per_floor":[62,55,55,55,54,54,18,18,18,4,0],"gold":111,"neow_bonus":"RANDOM_COLORLESS_2","is_prod":false,"is_daily":false,"chose_seed":false,"campfire_upgraded":1,"win_rate":0,"timestamp":1558549511,"path_taken":["M","?","$","?","M","R","E","?","T","M","M"],"build_version":"2019-01-23","purchased_purges":0,"victory":false,"max_hp_per_floor":[71,71,71,71,71,71,71,71,71,71,71],"card_choices":[{"not_picked":["Rebound","Barrage"],"picked":"Coolheaded","floor":1},{"not_picked":["Beam Cell","Compile Driver"],"picked":"Coolheaded","floor":5},{"not_picked":["Darkness","Rebound"],"picked":"FTL","floor":7},{"not_picked":["Steam","Sweeping Beam"],"picked":"Conserve Battery","floor":8},{"not_picked":["Recycle","Skim","Hello World"],"picked":"SKIP","floor":10}],"player_experience":787438,"relics_obtained":[{"floor":7,"key":"FossilizedHelix"},{"floor":9,"key":"Molten Egg 2"}],"event_choices":[{"cards_removed":["Regret"],"damage_healed":0,"gold_gain":0,"player_choice":"Card Removal","damage_taken":7,"max_hp_gain":0,"max_hp_loss":0,"event_name":"Golden Wing","floor":2,"gold_loss":0},{"damage_healed":0,"gold_gain":0,"player_choice":"Ignored","damage_taken":0,"max_hp_gain":0,"max_hp_loss":0,"event_name":"Liars Game","floor":4,"gold_loss":0}],"is_beta":false,"boss_relics":[],"items_purged_floors":[],"is_endless":false,"potions_floor_spawned":[],"killed_by":"Exordium Thugs","ascension_level":14}