{"gold_per_floor":[119,44,59,59,79,114,114,129,154,154,154,164,164,64,64,64],"floor_reached":16,"playtime":806,"items_purged":["Strike_R","Strike_R"],"score":160,"play_id":"d843c0e2-ba63-42e8-848d-d4307cf2846a","local_time":"20181213190540","is_ascension_mode":true,"campfire_choices":[{"data":"Rampage","floor":7,"key":"SMITH"},{"data":"Whirlwind","floor":10,"key":"SMITH"},{"data":"Barricade","floor":13,"key":"SMITH"},{"floor":15,"key":"REST"}],"neow_cost":"TEN_PERCENT_HP_LOSS","seed_source_timestamp":4211103144248,"circlet_count":0,"master_deck":["AscendersBane","Strike_R+1","Strike_R+1","Defend_R","Defend_R","Defend_R","Bash","Clothesline","Whirlwind+1","Rampage+1","Shrug It Off","Barricade+1"],"relics":["Burning Blood","Whetstone","Blood Vial","PreservedInsect"],"potions_floor_usage":[16,16],"damage_taken":[{"damage":6,"enemies":"Cultist","floor":1,"turns":3},{"damage":2,"enemies":"2 Louse","floor":3,"turns":4},{"damage":4,"enemies":"Small Slimes","floor":5,"turns":4},{"damage":60,"enemies":"Lagavulin","floor":6,"turns":7},{"damage":4,"enemies":"Looter","floor":8,"turns":4},{"damage":14,"enemies":"Exordium Thugs","floor":12,"turns":4},{"damage":37,"enemies":"Hexaghost","floor":16,"turns":9}],"seed_played":"3325901900855484069","potions_obtained":[{"floor":3,"key":"GamblersBrew"},{"floor":8,"key":"Strength Potion"}],"is_trial":false,"path_per_floor":["M","$","M","?","M","E","R","M","T","R","?","M","R","$","R","B"],"character_chosen":"IRONCLAD","items_purchased":[],"campfire_rested":1,"item_purchase_floors":[],"current_hp_per_floor":[72,72,72,72,72,18,18,20,20,20,20,14,14,14,35,0],"gold":64,"neow_bonus":"REMOVE_TWO","is_prod":false,"is_daily":false,"chose_seed":false,"campfire_upgraded":3,"win_rate":0,"timestamp":1544699140,"path_taken":["M","$","?","?","?","E","R","M","T","R","?","M","R","$","R","BOSS"],"build_version":"2018-12-06","purchased_purges":2,"victory":false,"max_hp_per_floor":[72,72,72,72,72,72,72,72,72,72,72,72,72,72,72,72],"card_choices":[{"not_picked":["Wild Strike","True Grit"],"picked":"Clothesline","floor":1},{"not_picked":["Wild Strike","Blood for Blood","Searing Blow"],"picked":"SKIP","floor":3},{"not_picked":["Sever Soul","Rupture"],"picked":"Whirlwind","floor":5},{"not_picked":["Warcry","Metallicize"],"picked":"Rampage","floor":6},{"not_picked":["Twin Strike","Metallicize"],"picked":"Shrug It Off","floor":8},{"not_picked":["Perfected Strike","Shockwave"],"picked":"Barricade","floor":12}],"player_experience":559154,"relics_obtained":[{"floor":6,"key":"Whetstone"},{"floor":9,"key":"Blood Vial"}],"event_choices":[{"damage_healed":0,"gold_gain":0,"player_choice":"0 cards matched","damage_taken":0,"max_hp_gain":0,"max_hp_loss":0,"event_name":"Match and Keep!","floor":4,"gold_loss":0,"cards_obtained":[]},{"damage_healed":0,"gold_gain":0,"player_choice":"Searched \u00271\u0027 times","damage_taken":0,"relics_obtained":["PreservedInsect"],"max_hp_gain":0,"max_hp_loss":0,"event_name":"Dead Adventurer","floor":11,"gold_loss":0}],"is_beta":false,"boss_relics":[],"items_purged_floors":[2,14],"is_endless":false,"potions_floor_spawned":[3,8,12],"killed_by":"Hexaghost","ascension_level":12}