{"gold_per_floor":[110,110,122,133,143,143,160,160,160,175,125,125,142,177,177,280,280,298,298,298,311,322,322,338,32,32,32,47,58,58,73,73,73],"floor_reached":33,"playtime":6131,"items_purged":["Strike_B"],"score":354,"play_id":"6c6e744a-7ca8-4d5e-b002-9954f447f14d","local_time":"20190628230755","is_ascension_mode":true,"campfire_choices":[{"data":"Zap","floor":6,"key":"SMITH"},{"data":"Dualcast","floor":8,"key":"SMITH"},{"data":"Coolheaded","floor":15,"key":"SMITH"},{"data":"Fission","floor":23,"key":"SMITH"},{"data":"Hologram","floor":30,"key":"SMITH"},{"floor":32,"key":"REST"}],"neow_cost":"NONE","seed_source_timestamp":73337201674791,"circlet_count":0,"master_deck":["Defend_B","Defend_B","Defend_B","Defend_B","Zap+1","Dualcast+1","Hologram+1","Capacitor","Go for the Eyes","Cold Snap","Compile Driver","Barrage","Coolheaded+1","Turbo","Genetic Algorithm","Fission+1","Genetic Algorithm","Self Repair","Self Repair+1"],"relics":["Cracked Core","Bag of Preparation","Pen Nib","Matryoshka","Cursed Key","Omamori","DataDisk","Cables"],"potions_floor_usage":[21,22,29,31,33],"damage_taken":[{"damage":0,"enemies":"2 Louse","floor":1,"turns":4},{"damage":0,"enemies":"Jaw Worm","floor":3,"turns":4},{"damage":2,"enemies":"Cultist","floor":4,"turns":5},{"damage":3,"enemies":"Blue Slaver","floor":5,"turns":5},{"damage":0,"enemies":"Looter","floor":7,"turns":4},{"damage":0,"enemies":"Exordium Wildlife","floor":10,"turns":4},{"damage":0,"enemies":"Large Slime","floor":13,"turns":4},{"damage":6,"enemies":"Lagavulin","floor":14,"turns":6},{"damage":15,"enemies":"Slime Boss","floor":16,"turns":7},{"damage":0,"enemies":"Spheric Guardian","floor":18,"turns":3},{"damage":7,"enemies":"2 Thieves","floor":21,"turns":4},{"damage":0,"enemies":"Snake Plant","floor":22,"turns":5},{"damage":23,"enemies":"Sentry and Sphere","floor":24,"turns":8},{"damage":6,"enemies":"Centurion and Healer","floor":28,"turns":8},{"damage":5,"enemies":"Snake Plant","floor":29,"turns":5},{"damage":4,"enemies":"Cultist and Chosen","floor":31,"turns":5},{"damage":64,"enemies":"Champ","floor":33,"turns":14}],"seed_played":"4309553091122820550","potions_obtained":[{"floor":5,"key":"SkillPotion"},{"floor":10,"key":"Ancient Potion"},{"floor":16,"key":"Fire Potion"},{"floor":22,"key":"SpeedPotion"},{"floor":28,"key":"SkillPotion"}],"is_trial":false,"path_per_floor":["M","?","M","M","M","R","M","R","T","M","?","?","M","E","R","B",null,"M","?","?","M","M","R","M","$","T","?","M","M","R","M","R","B"],"character_chosen":"DEFECT","items_purchased":["Omamori","Self Repair"],"campfire_rested":1,"item_purchase_floors":[25,25],"current_hp_per_floor":[68,68,68,66,63,63,63,63,63,63,63,51,51,45,45,30,64,64,64,64,57,57,57,34,34,34,34,35,37,37,40,62,0],"gold":73,"neow_bonus":"REMOVE_CARD","is_prod":false,"is_daily":false,"chose_seed":false,"campfire_upgraded":5,"win_rate":0,"timestamp":1561777675,"path_taken":["M","?","M","M","M","R","M","R","T","M","?","?","M","E","R","BOSS","M","?","?","?","M","R","M","$","T","?","M","M","R","M","R","BOSS"],"build_version":"2019-01-23","purchased_purges":1,"victory":false,"max_hp_per_floor":[75,75,75,75,75,75,75,75,75,75,75,75,75,75,75,75,75,75,75,75,75,75,75,75,75,75,75,75,75,75,75,75,75],"card_choices":[{"not_picked":["Cold Snap","FTL"],"picked":"Hologram","floor":1},{"not_picked":["Steam","Consume"],"picked":"Capacitor","floor":3},{"not_picked":["Skim","Compile Driver"],"picked":"Go for the Eyes","floor":4},{"not_picked":["Sweeping Beam","Gash"],"picked":"Cold Snap","floor":5},{"not_picked":["Doom and Gloom","Leap"],"picked":"Compile Driver","floor":7},{"not_picked":["Sweeping Beam","Aggregate"],"picked":"Barrage","floor":10},{"not_picked":["Beam Cell","Electrodynamics"],"picked":"Coolheaded","floor":13},{"not_picked":["Hologram","Barrage"],"picked":"Turbo","floor":14},{"not_picked":["Gash","Redo"],"picked":"Genetic Algorithm","floor":18},{"not_picked":["Skim","Auto Shields","Compile Driver+1"],"picked":"SKIP","floor":21},{"not_picked":["Hello World","Heatsinks"],"picked":"Genetic Algorithm","floor":22},{"not_picked":["Go for the Eyes+1","Barrage","Sunder"],"picked":"SKIP","floor":24},{"not_picked":["Beam Cell","Go for the Eyes","Turbo"],"picked":"SKIP","floor":28},{"not_picked":["Barrage+1","Skim","Meteor Strike"],"picked":"SKIP","floor":29},{"not_picked":["Hello World","Coolheaded"],"picked":"Self Repair+1","floor":31}],"player_experience":467187,"relics_obtained":[{"floor":9,"key":"Bag of Preparation"},{"floor":14,"key":"Matryoshka"},{"floor":26,"key":"DataDisk"},{"floor":26,"key":"Cables"}],"event_choices":[{"damage_healed":0,"gold_gain":0,"player_choice":"Ignored","damage_taken":0,"max_hp_gain":0,"max_hp_loss":0,"event_name":"Liars Game","floor":2,"gold_loss":0},{"cards_removed":["Strike_B"],"damage_healed":0,"gold_gain":0,"player_choice":"Card Removal","damage_taken":0,"max_hp_gain":0,"max_hp_loss":0,"event_name":"The Cleric","floor":11,"gold_loss":50},{"damage_healed":0,"gold_gain":0,"player_choice":"Success","damage_taken":12,"relics_obtained":["Pen Nib"],"max_hp_gain":0,"max_hp_loss":0,"event_name":"Scrap Ooze","floor":12,"gold_loss":0},{"damage_healed":0,"gold_gain":0,"player_choice":"Ignored","damage_taken":0,"max_hp_gain":0,"max_hp_loss":0,"event_name":"The Mausoleum","floor":19,"gold_loss":0},{"damage_healed":0,"gold_gain":0,"cards_transformed":["Strike_B"],"player_choice":"Transformed","damage_taken":0,"max_hp_gain":0,"max_hp_loss":0,"event_name":"Transmorgrifier","floor":20,"gold_loss":0,"cards_obtained":["Fission"]}],"is_beta":false,"boss_relics":[{"not_picked":["Orrery","Pandora\u0027s Box"],"picked":"Cursed Key"}],"items_purged_floors":[25],"is_endless":false,"potions_floor_spawned":[5,10,16,18,22,28],"killed_by":"Champ","ascension_level":8}