{"gold_per_floor":[14,29,39,57,68,97,97,97,142,142,156,176,201,230,230,332,332,349,359,70,80,80],"floor_reached":22,"playtime":1519,"items_purged":[],"score":225,"play_id":"3f79f2ce-149b-443b-8fcd-747fb901ac9e","local_time":"20190705001730","is_ascension_mode":false,"campfire_choices":[{"data":"Apotheosis","floor":7,"key":"SMITH"},{"floor":10,"key":"REST"},{"floor":15,"key":"REST"}],"neow_cost":"NO_GOLD","seed_source_timestamp":1072054065879524,"circlet_count":0,"master_deck":["Strike_R","Strike_R","Strike_R","Strike_R","Strike_R","Defend_R","Defend_R","Defend_R","Defend_R","Bash","Discovery","Apotheosis+1","Seeing Red","Clash","Flex","Inflame","Rampage","Heavy Blade","Clothesline","Corruption","Bludgeon","Barricade","Twin Strike+1","Flex","Clash"],"relics":["Burning Blood","Sundial","Regal Pillow","Omamori","Pear","Black Star","Self Forming Clay"],"potions_floor_usage":[5,5,5,16,16,21],"damage_taken":[{"damage":7,"enemies":"Small Slimes","floor":1,"turns":3},{"damage":11,"enemies":"Jaw Worm","floor":2,"turns":3},{"damage":3,"enemies":"Cultist","floor":3,"turns":3},{"damage":22,"enemies":"Large Slime","floor":4,"turns":5},{"damage":12,"enemies":"Blue Slaver","floor":5,"turns":3},{"damage":4,"enemies":"Gremlin Nob","floor":6,"turns":3},{"damage":9,"enemies":"2 Fungi Beasts","floor":11,"turns":3},{"damage":16,"enemies":"Exordium Wildlife","floor":12,"turns":3},{"damage":29,"enemies":"Lagavulin","floor":14,"turns":6},{"damage":34,"enemies":"Hexaghost","floor":16,"turns":9},{"damage":22,"enemies":"Chosen","floor":18,"turns":5},{"damage":35,"enemies":"Spheric Guardian","floor":19,"turns":6},{"damage":42,"enemies":"Cultist and Chosen","floor":21,"turns":7},{"damage":41,"enemies":"Chosen and Byrds","floor":22,"turns":5}],"seed_played":"2743987918613269085","potions_obtained":[{"floor":2,"key":"Dexterity Potion"},{"floor":3,"key":"FearPotion"},{"floor":4,"key":"Weak Potion"},{"floor":6,"key":"Poison Potion"},{"floor":12,"key":"Ancient Potion"},{"floor":16,"key":"SneckoOil"},{"floor":19,"key":"BloodPotion"}],"is_trial":false,"path_per_floor":["M","M","M","M","M","E","R","?","T","R","M","M","T","E","R","B",null,"M","M","$","M","M"],"character_chosen":"IRONCLAD","items_purchased":["Self Forming Clay","Flex"],"campfire_rested":2,"item_purchase_floors":[20,20],"current_hp_per_floor":[79,74,77,61,55,57,57,62,62,85,82,72,72,59,95,67,95,79,50,50,37,0],"gold":80,"neow_bonus":"RANDOM_COLORLESS_2","is_prod":false,"is_daily":false,"chose_seed":false,"campfire_upgraded":1,"win_rate":0.0,"timestamp":1562311050,"path_taken":["M","M","M","M","M","E","R","?","T","R","M","M","?","E","R","BOSS","M","M","$","M","?"],"build_version":"2019-07-01","purchased_purges":0,"victory":false,"max_hp_per_floor":[80,80,80,80,80,80,80,85,85,85,85,85,85,95,95,95,95,95,95,95,95,95],"card_choices":[{"not_picked":["Pommel Strike","True Grit"],"picked":"Seeing Red","floor":1},{"not_picked":["Hemokinesis","Dual Wield"],"picked":"Clash","floor":2},{"not_picked":["True Grit","Clothesline"],"picked":"Flex","floor":3},{"not_picked":["Battle Trance","Thunderclap"],"picked":"Inflame","floor":4},{"not_picked":["Intimidate","Twin Strike"],"picked":"Rampage","floor":5},{"not_picked":["Clash","Thunderclap"],"picked":"Heavy Blade","floor":6},{"not_picked":["Headbutt","Wild Strike"],"picked":"Clothesline","floor":11},{"not_picked":["Wild Strike","True Grit"],"picked":"Corruption","floor":12},{"not_picked":["Infernal Blade","Heavy Blade"],"picked":"Bludgeon","floor":14},{"not_picked":["Limit Break","Brutality"],"picked":"Barricade","floor":16},{"not_picked":["Thunderclap","Battle Trance"],"picked":"Twin Strike+1","floor":18},{"not_picked":["Thunderclap","Shrug It Off+1","Heavy Blade+1"],"picked":"SKIP","floor":19},{"not_picked":["Armaments+1","Power Through"],"picked":"Clash","floor":21}],"player_experience":93878,"relics_obtained":[{"floor":6,"key":"Sundial"},{"floor":9,"key":"Regal Pillow"},{"floor":13,"key":"Omamori"},{"floor":14,"key":"Pear"}],"event_choices":[{"damage_healed":0,"gold_gain":0,"player_choice":"Donut","damage_taken":0,"max_hp_gain":5,"max_hp_loss":0,"event_name":"Big Fish","floor":8,"gold_loss":0}],"is_beta":false,"boss_relics":[{"not_picked":["Coffee Dripper","Empty Cage"],"picked":"Black Star"}],"items_purged_floors":[],"is_endless":false,"potions_floor_spawned":[2,3,4,6,12,16,19],"killed_by":"Chosen and Byrds","ascension_level":0}