{"gold_per_floor":[20,35,35,52,63,63,63,74,74,91,111,121,121,140,140,243,243,223,223,239,164,164,164,164,89,89,105,105,120,120,133,133,133],"floor_reached":33,"playtime":7144,"items_purged":["Strike_B"],"score":365,"play_id":"e17c3c9d-c10e-4ce6-8bd8-bf7b2cc304d3","local_time":"20190627200622","is_ascension_mode":true,"campfire_choices":[{"data":"Zap","floor":6,"key":"SMITH"},{"data":"Coolheaded","floor":13,"key":"SMITH"},{"data":"Go for the Eyes","floor":15,"key":"SMITH"},{"data":"RitualDagger","floor":23,"key":"SMITH"},{"data":"Hologram","floor":28,"key":"SMITH"},{"data":"Ghostly","floor":30,"key":"SMITH"},{"data":"Ghostly","floor":32,"key":"SMITH"}],"neow_cost":"NO_GOLD","seed_source_timestamp":413864567530479,"circlet_count":0,"master_deck":["Defend_B","Defend_B","Defend_B","Defend_B+1","Zap+1","Dualcast+1","Streamline+1","Steam","Coolheaded+1","Echo Form","Go for the Eyes+1","Gash","BootSequence","Skim","FTL","RitualDagger+1","Ghostly+1","Ghostly+1","Ghostly","Ghostly","Ghostly","Hologram+1"],"special_seed":0,"relics":["Cracked Core","Regal Pillow","Lizard Tail","Happy Flower"],"potions_floor_usage":[16,16,20,33,33,33],"damage_taken":[{"damage":0,"enemies":"Small Slimes","floor":1,"turns":4},{"damage":1,"enemies":"Cultist","floor":2,"turns":3},{"damage":1,"enemies":"Jaw Worm","floor":4,"turns":5},{"damage":0,"enemies":"Blue Slaver","floor":5,"turns":3},{"damage":0,"enemies":"3 Louse","floor":8,"turns":3},{"damage":0,"enemies":"Large Slime","floor":10,"turns":4},{"damage":4,"enemies":"2 Fungi Beasts","floor":11,"turns":3},{"damage":0,"enemies":"Looter","floor":12,"turns":2},{"damage":0,"enemies":"Blue Slaver","floor":14,"turns":3},{"damage":8,"enemies":"Hexaghost","floor":16,"turns":7},{"damage":9,"enemies":"2 Thieves","floor":18,"turns":4},{"damage":9,"enemies":"3 Byrds","floor":20,"turns":7},{"damage":8,"enemies":"3 Cultists","floor":27,"turns":8},{"damage":7,"enemies":"Shelled Parasite and Fungi","floor":29,"turns":9},{"damage":3,"enemies":"Snake Plant","floor":31,"turns":3},{"damage":58,"enemies":"Champ","floor":33,"turns":16}],"seed_played":"-5648592889499500132","potions_obtained":[{"floor":8,"key":"AttackPotion"},{"floor":10,"key":"PowerPotion"},{"floor":11,"key":"Ancient Potion"},{"floor":18,"key":"Regen Potion"},{"floor":20,"key":"SneckoOil"},{"floor":31,"key":"Block Potion"}],"is_trial":false,"path_per_floor":["M","M","?","M","M","R","?","M","T","M","M","M","R","M","R","B",null,"M","?","M","$","?","R","?","?","T","M","R","M","R","M","R","B"],"character_chosen":"DEFECT","items_purchased":[],"campfire_rested":0,"item_purchase_floors":[],"current_hp_per_floor":[68,67,52,51,51,51,51,51,51,51,47,47,47,47,47,39,66,57,43,49,49,43,43,40,40,40,32,32,25,25,22,22,0],"gold":133,"neow_bonus":"REMOVE_TWO","is_prod":false,"is_daily":false,"chose_seed":false,"campfire_upgraded":7,"win_rate":0,"timestamp":1561680382,"path_taken":["M","M","?","M","M","R","?","M","T","M","M","M","R","M","R","BOSS","M","?","M","$","?","R","?","?","T","M","R","M","R","M","R","BOSS"],"build_version":"2019-01-23","purchased_purges":1,"victory":false,"max_hp_per_floor":[75,75,75,75,75,75,75,75,75,75,75,75,75,75,75,75,75,75,80,80,80,80,80,40,40,40,40,40,40,40,40,40,40],"card_choices":[{"not_picked":["Stack","White Noise"],"picked":"Streamline","floor":1},{"not_picked":["Cold Snap","Rebound","Heatsinks"],"picked":"SKIP","floor":2},{"not_picked":["Force Field","Streamline"],"picked":"Steam","floor":4},{"not_picked":["Conserve Battery","Leap"],"picked":"Coolheaded","floor":5},{"not_picked":["Stack","Steam"],"picked":"Echo Form","floor":8},{"not_picked":["Ball Lightning","Beam Cell"],"picked":"Go for the Eyes","floor":10},{"not_picked":["Streamline","Redo","Leap"],"picked":"SKIP","floor":11},{"not_picked":["Melter","Streamline"],"picked":"Gash","floor":12},{"not_picked":["Auto Shields","Double Energy"],"picked":"BootSequence","floor":14},{"not_picked":["Auto Shields","Beam Cell"],"picked":"Skim","floor":18},{"not_picked":["Beam Cell","Heatsinks"],"picked":"FTL","floor":20},{"not_picked":["Sweeping Beam","Conserve Battery"],"picked":"Hologram","floor":27},{"not_picked":["Steam Power","Auto Shields","Tempest"],"picked":"SKIP","floor":29},{"not_picked":["Force Field","Ball Lightning","Compile Driver+1"],"picked":"SKIP","floor":31}],"player_experience":442819,"relics_obtained":[{"floor":9,"key":"Regal Pillow"},{"floor":26,"key":"Happy Flower"}],"event_choices":[{"damage_healed":0,"gold_gain":0,"player_choice":"Entered Light","damage_taken":15,"max_hp_gain":0,"max_hp_loss":0,"event_name":"Shining Light","floor":3,"gold_loss":0,"cards_upgraded":["Defend_B","Streamline"]},{"damage_healed":0,"gold_gain":0,"player_choice":"Forge","damage_taken":0,"max_hp_gain":0,"max_hp_loss":0,"event_name":"Accursed Blacksmith","floor":7,"gold_loss":0,"cards_upgraded":["Dualcast"]},{"damage_healed":0,"gold_gain":0,"player_choice":"Shed Blood","damage_taken":19,"max_hp_gain":5,"max_hp_loss":0,"event_name":"Forgotten Altar","floor":19,"gold_loss":0},{"damage_healed":0,"gold_gain":0,"player_choice":"Joined the Cult","damage_taken":6,"max_hp_gain":0,"max_hp_loss":0,"event_name":"Nest","floor":22,"gold_loss":0,"cards_obtained":["RitualDagger"]},{"damage_healed":0,"gold_gain":0,"player_choice":"Became a Ghost","damage_taken":0,"max_hp_gain":0,"max_hp_loss":40,"event_name":"Ghosts","floor":24,"gold_loss":0,"cards_obtained":["Ghostly","Ghostly","Ghostly","Ghostly","Ghostly"]},{"cards_removed":["Strike_B"],"damage_healed":0,"gold_gain":0,"player_choice":"Gave Gold","damage_taken":0,"max_hp_gain":0,"max_hp_loss":0,"event_name":"Beggar","floor":25,"gold_loss":75}],"is_beta":false,"boss_relics":[{"not_picked":["Tiny House","Runic Dome"],"picked":"Lizard Tail"}],"items_purged_floors":[21],"is_endless":false,"potions_floor_spawned":[8,10,11,12,18,20,31],"killed_by":"Champ","ascension_level":8}