{"gold_per_floor":[111,126,126,85,85,113,113,125,125,110],"floor_reached":10,"playtime":494,"items_purged":[],"score":66,"play_id":"f196b75c-3722-4c19-911e-118c150e9615","local_time":"20190705095410","is_ascension_mode":false,"campfire_choices":[{"data":"Hologram","floor":7,"key":"SMITH"}],"neow_cost":"NONE","seed_source_timestamp":148525420816611,"circlet_count":0,"master_deck":["Strike_B","Strike_B","Strike_B","Strike_B","Defend_B","Defend_B","Defend_B","Defend_B","Zap","Reprogram","Doom and Gloom","Ball Lightning","Heatsinks","Hologram+1","Darkness"],"relics":["Cracked Core","Mummified Hand","CultistMask","Bag of Preparation","Vajra"],"potions_floor_usage":[],"damage_taken":[{"damage":10,"enemies":"Small Slimes","floor":1,"turns":3},{"damage":3,"enemies":"Jaw Worm","floor":2,"turns":3},{"damage":31,"enemies":"Gremlin Nob","floor":6,"turns":4},{"damage":0,"enemies":"Cultist","floor":8,"turns":3},{"damage":18,"enemies":"Exordium Thugs","floor":10,"turns":1}],"seed_played":"7821993335098721220","potions_obtained":[{"floor":1,"key":"GamblersBrew"},{"floor":6,"key":"FocusPotion"}],"is_trial":false,"path_per_floor":["M","M","?","$","?","E","R","M","T","M"],"character_chosen":"DEFECT","items_purchased":["Heatsinks"],"campfire_rested":0,"item_purchase_floors":[4],"current_hp_per_floor":[65,62,44,44,44,13,13,13,13,0],"gold":110,"neow_bonus":"TRANSFORM_CARD","is_prod":false,"is_daily":false,"chose_seed":false,"campfire_upgraded":1,"win_rate":0.0,"timestamp":1562284450,"path_taken":["M","M","?","$","?","E","R","?","T","M"],"build_version":"2019-07-01","purchased_purges":0,"victory":false,"max_hp_per_floor":[75,75,75,75,75,75,75,75,75,75],"card_choices":[{"not_picked":["Storm","Stack"],"picked":"Doom and Gloom","floor":1},{"not_picked":["Gash","Hologram"],"picked":"Ball Lightning","floor":2},{"not_picked":["FTL","Seek"],"picked":"Hologram","floor":6},{"not_picked":["Glacier","Skim"],"picked":"Darkness","floor":8}],"player_experience":33218,"relics_obtained":[{"floor":6,"key":"Bag of Preparation"},{"floor":9,"key":"Vajra"}],"event_choices":[{"damage_healed":0,"gold_gain":0,"player_choice":"Success","damage_taken":18,"relics_obtained":["Mummified Hand"],"max_hp_gain":0,"max_hp_loss":0,"event_name":"Scrap Ooze","floor":3,"gold_loss":0},{"damage_healed":0,"gold_gain":0,"player_choice":"Trade","damage_taken":0,"relics_obtained":["CultistMask"],"max_hp_gain":0,"max_hp_loss":0,"event_name":"FaceTrader","floor":5,"gold_loss":0}],"is_beta":false,"boss_relics":[],"items_purged_floors":[],"is_endless":false,"potions_floor_spawned":[1,6],"killed_by":"Exordium Thugs","ascension_level":0}