{"gold_per_floor":[111,111,121,46,56,56,83,83,83,108,108,118,118,137,137,208,208,220,220,239,81,92,127,127,42,90,102],"floor_reached":27,"playtime":1158,"items_purged":["Defend_B"],"score":434,"play_id":"8c6df9c8-90a9-43ca-a744-fbcd4afcf735","local_time":"20190705085002","is_ascension_mode":true,"campfire_choices":[{"data":"Dualcast","floor":6,"key":"SMITH"},{"data":"Cold Snap","floor":8,"key":"SMITH"},{"data":"Go for the Eyes","floor":11,"key":"SMITH"},{"floor":15,"key":"REST"},{"data":"Tempest","floor":24,"key":"SMITH"}],"neow_cost":"NONE","seed_source_timestamp":508802782521135,"circlet_count":0,"master_deck":["AscendersBane","Strike_B+1","Defend_B","Defend_B","Defend_B","Zap+1","Dualcast+1","Cold Snap+1","Cold Snap+1","Hologram","Cold Snap","Go for the Eyes+1","Electrodynamics","Loop","Seek","Redo","Beam Cell","Tempest+1","Defragment","Redo+1"],"relics":["Cracked Core","Orichalcum","Question Card","Whetstone","Coffee Dripper","Torii","Anchor","MawBank"],"potions_floor_usage":[10,27,27],"damage_taken":[{"damage":2,"enemies":"2 Louse","floor":1,"turns":4},{"damage":0,"enemies":"Small Slimes","floor":3,"turns":4},{"damage":10,"enemies":"Jaw Worm","floor":5,"turns":2},{"damage":22,"enemies":"3 Sentries","floor":7,"turns":10},{"damage":7,"enemies":"Lagavulin","floor":10,"turns":6},{"damage":0,"enemies":"Blue Slaver","floor":12,"turns":2},{"damage":0,"enemies":"Exordium Wildlife","floor":14,"turns":2},{"damage":2,"enemies":"Slime Boss","floor":16,"turns":8},{"damage":4,"enemies":"3 Byrds","floor":18,"turns":4},{"damage":2,"enemies":"Shell Parasite","floor":20,"turns":6},{"damage":12,"enemies":"Centurion and Healer","floor":22,"turns":6},{"damage":25,"enemies":"Gremlin Leader","floor":23,"turns":6},{"damage":26,"enemies":"Slavers","floor":27,"turns":2}],"seed_played":"-6078477287473264711","potions_obtained":[{"floor":7,"key":"Regen Potion"},{"floor":12,"key":"Strength Potion"},{"floor":18,"key":"GamblersBrew"},{"floor":23,"key":"LiquidBronze"}],"is_trial":false,"path_per_floor":["M","?","M","?","M","R","E","R","T","E","R","M","?","M","R","B",null,"M","?","M","$","M","E","R","?","T","E"],"character_chosen":"DEFECT","items_purchased":["Tempest"],"campfire_rested":1,"item_purchase_floors":[21],"current_hp_per_floor":[62,62,62,62,52,52,30,30,30,38,38,38,31,31,52,50,66,62,62,60,60,48,23,23,23,23,0],"gold":102,"neow_bonus":"UPGRADE_CARD","is_prod":false,"is_daily":false,"chose_seed":false,"campfire_upgraded":4,"win_rate":0,"timestamp":1562287802,"path_taken":["M","?","M","?","M","R","E","R","T","E","R","M","?","M","R","BOSS","M","?","M","$","M","E","R","?","T","E"],"build_version":"2019-07-01","purchased_purges":1,"victory":false,"max_hp_per_floor":[71,71,71,71,71,71,71,71,71,71,71,71,71,71,71,71,71,71,71,71,71,71,71,71,71,71,71],"card_choices":[{"not_picked":["Barrage","Sweeping Beam"],"picked":"Cold Snap","floor":1},{"not_picked":["Chaos","Compile Driver"],"picked":"Cold Snap","floor":3},{"not_picked":["Redo","Auto Shields"],"picked":"Hologram","floor":5},{"not_picked":["Steam","Rebound"],"picked":"Cold Snap","floor":7},{"not_picked":["Hologram","Steam","Auto Shields"],"picked":"Go for the Eyes","floor":10},{"not_picked":["Sweeping Beam","Skim","Barrage"],"picked":"Electrodynamics","floor":12},{"not_picked":["Aggregate","Beam Cell","Cold Snap"],"picked":"Loop","floor":14},{"not_picked":["Creative AI","Fission","Buffer"],"picked":"Seek","floor":16},{"not_picked":["Gash","Stack","Static Discharge"],"picked":"Redo","floor":18},{"not_picked":["Stack","Hologram","Meteor Strike"],"picked":"Beam Cell","floor":20},{"not_picked":["Compile Driver+1","Loop+1","Hologram"],"picked":"Defragment","floor":22},{"not_picked":["Glacier","Hologram+1","Skim+1"],"picked":"Redo+1","floor":23}],"player_experience":1174185,"relics_obtained":[{"floor":7,"key":"Orichalcum"},{"floor":9,"key":"Question Card"},{"floor":10,"key":"Whetstone"},{"floor":23,"key":"Torii"},{"floor":26,"key":"MawBank"}],"event_choices":[{"cards_removed":["Strike_B"],"damage_healed":0,"gold_gain":0,"player_choice":"Forget","damage_taken":0,"max_hp_gain":0,"max_hp_loss":0,"event_name":"Living Wall","floor":2,"gold_loss":0},{"cards_removed":["Strike_B"],"damage_healed":0,"gold_gain":0,"player_choice":"Card Removal","damage_taken":0,"max_hp_gain":0,"max_hp_loss":0,"event_name":"The Cleric","floor":4,"gold_loss":75},{"cards_removed":["Strike_B"],"damage_healed":0,"gold_gain":0,"player_choice":"Card Removal","damage_taken":7,"max_hp_gain":0,"max_hp_loss":0,"event_name":"Golden Wing","floor":13,"gold_loss":0},{"damage_healed":0,"gold_gain":0,"player_choice":"Ignored","damage_taken":0,"max_hp_gain":0,"max_hp_loss":0,"event_name":"Vampires","floor":19,"gold_loss":0},{"damage_healed":0,"gold_gain":0,"player_choice":"Obtained Relic","damage_taken":0,"relics_obtained":["Anchor"],"max_hp_gain":0,"max_hp_loss":0,"event_name":"Addict","floor":25,"gold_loss":85}],"is_beta":false,"boss_relics":[{"not_picked":["Snecko Eye","FrozenCore"],"picked":"Coffee Dripper"}],"items_purged_floors":[21],"is_endless":false,"potions_floor_spawned":[7,12,18,23],"killed_by":"Slavers","ascension_level":16}