{"gold_per_floor":[117,132,132,145,162,162,179,179,179,214,65,65,65,81,81,160,160,175,185,28,47,66,66,66],"floor_reached":24,"playtime":7775,"items_purged":[],"score":340,"play_id":"55682881-3cee-46a6-afe4-fb23ec105bbc","local_time":"20190529190823","is_ascension_mode":true,"campfire_choices":[{"data":"Sunder","floor":6.0,"key":"SMITH"},{"data":"Leap","floor":8.0,"key":"SMITH"},{"data":"Rip and Tear","floor":15.0,"key":"SMITH"},{"floor":23.0,"key":"REST"}],"neow_cost":"NONE","seed_source_timestamp":576215478115200,"circlet_count":0,"master_deck":["AscendersBane","Strike_B","Strike_B","Strike_B","Defend_B","Defend_B","Defend_B","Defend_B","Zap","Dualcast","Creative AI","Stack","Rip and Tear+1","Doom and Gloom+1","Sunder+1","Leap+1","BootSequence","Coolheaded","Hyperbeam","Glacier","Sweeping Beam+1","Coolheaded","Go for the Eyes"],"special_seed":0,"relics":["Cracked Core","Kunai","Pantograph","Art of War","Nuclear Battery","Happy Flower"],"potions_floor_usage":[24],"damage_taken":[{"damage":0.0,"enemies":"Small Slimes","floor":1.0,"turns":4.0},{"damage":9.0,"enemies":"Cultist","floor":2.0,"turns":5.0},{"damage":4.0,"enemies":"Jaw Worm","floor":4.0,"turns":3.0},{"damage":11.0,"enemies":"Looter","floor":5.0,"turns":3.0},{"damage":2.0,"enemies":"Blue Slaver","floor":7.0,"turns":4.0},{"damage":5.0,"enemies":"3 Sentries","floor":10.0,"turns":7.0},{"damage":0.0,"enemies":"2 Fungi Beasts","floor":14.0,"turns":3.0},{"damage":42.0,"enemies":"Slime Boss","floor":16.0,"turns":11.0},{"damage":19.0,"enemies":"3 Byrds","floor":18.0,"turns":2.0},{"damage":0.0,"enemies":"Spheric Guardian","floor":19.0,"turns":2.0},{"damage":11.0,"enemies":"3 Cultists","floor":21.0,"turns":5.0},{"damage":14.0,"enemies":"Centurion and Healer","floor":22.0,"turns":7.0},{"damage":73,"enemies":"Gremlin Leader","floor":24,"turns":4}],"seed_played":"38349267037412257","potions_obtained":[{"floor":4.0,"key":"Ancient Potion"},{"floor":7.0,"key":"Poison Potion"},{"floor":16.0,"key":"LiquidBronze"},{"floor":21.0,"key":"Regen Potion"},{"floor":22.0,"key":"Regen Potion"}],"is_trial":false,"path_per_floor":["M","M","?","M","M","R","M","R","T","E","$","?","?","M","R","B",null,"M","M","$","M","M","R","E"],"character_chosen":"DEFECT","items_purchased":["Art of War","Happy Flower"],"campfire_rested":1,"item_purchase_floors":[11,20],"current_hp_per_floor":[64,55,55,51,40,40,38,38,38,33,33,33,33,33,33,16,57,38,38,38,27,28,49,0],"gold":66,"neow_bonus":"ONE_RANDOM_RARE_CARD","is_prod":false,"is_daily":false,"chose_seed":false,"campfire_upgraded":3,"win_rate":0,"timestamp":1559149703,"path_taken":["M","M","?","M","?","R","M","R","T","E","$","?","?","M","R","BOSS","M","M","$","M","M","R","E"],"build_version":"2019-01-23","purchased_purges":0,"victory":false,"max_hp_per_floor":[71,71,71,71,71,71,71,71,71,71,71,71,71,71,71,71,71,71,71,71,71,71,71,71],"card_choices":[{"not_picked":["Darkness","Go for the Eyes"],"picked":"Stack","floor":1.0},{"not_picked":["Self Repair","Capacitor"],"picked":"Rip and Tear","floor":2.0},{"not_picked":["Ball Lightning","Blizzard"],"picked":"Doom and Gloom","floor":4.0},{"not_picked":["Darkness","Reinforced Body"],"picked":"Sunder","floor":5.0},{"not_picked":["Coolheaded","Rebound"],"picked":"Leap","floor":7.0},{"not_picked":["Genetic Algorithm","Go for the Eyes"],"picked":"BootSequence","floor":10.0},{"not_picked":["Turbo","Ball Lightning"],"picked":"Coolheaded","floor":14.0},{"not_picked":["Core Surge","Amplify"],"picked":"Hyperbeam","floor":16.0},{"not_picked":["Consume","Hologram"],"picked":"Glacier","floor":18.0},{"not_picked":["Loop","Hello World"],"picked":"Sweeping Beam+1","floor":19.0},{"not_picked":["Compile Driver","Redo"],"picked":"Coolheaded","floor":21.0},{"not_picked":["Ball Lightning","Redo"],"picked":"Go for the Eyes","floor":22.0}],"player_experience":799467,"relics_obtained":[{"floor":9.0,"key":"Kunai"},{"floor":10.0,"key":"Pantograph"}],"event_choices":[{"cards_removed":["Strike_B"],"damage_healed":0.0,"max_hp_gain":0.0,"max_hp_loss":0.0,"gold_gain":0.0,"event_name":"Purifier","player_choice":"Purged","floor":3.0,"gold_loss":0.0,"damage_taken":0.0},{"damage_healed":0.0,"max_hp_gain":0.0,"max_hp_loss":0.0,"gold_gain":0.0,"event_name":"Living Wall","player_choice":"Grow","floor":12.0,"gold_loss":0.0,"damage_taken":0.0,"cards_upgraded":["Doom and Gloom"]},{"damage_healed":0.0,"max_hp_gain":0.0,"max_hp_loss":0.0,"gold_gain":0.0,"event_name":"Liars Game","player_choice":"Ignored","floor":13.0,"gold_loss":0.0,"damage_taken":0.0}],"is_beta":false,"boss_relics":[{"not_picked":["Orrery","Pandora\u0027s Box"],"picked":"Nuclear Battery"}],"items_purged_floors":[],"is_endless":false,"potions_floor_spawned":[4,7,10,14,16,21,22],"killed_by":"Gremlin Leader","ascension_level":14}