{"gold_per_floor":[110,54,68,78,90,90,124,138,138,173,173,173,188,205,205,308,308,308,199,199,22,22,22,22,22,22,22,22,22,22,22,22,22,22,22,22,22,22,22,22,22,22,22,22,22,22,22,22,22,22],"floor_reached":51,"playtime":14505,"items_purged":["Strike_B","Strike_B"],"score":776,"play_id":"585552d6-dcf4-442c-a7cd-79d8ba746f5e","local_time":"20190614204610","is_ascension_mode":true,"campfire_choices":[{"data":"Zap","floor":6.0,"key":"SMITH"},{"data":"Redo","floor":12.0,"key":"SMITH"},{"floor":15.0,"key":"REST"},{"data":"Dualcast","floor":23,"key":"SMITH"},{"floor":25,"key":"REST"},{"floor":28,"key":"REST"},{"floor":32,"key":"REST"},{"data":"Capacitor","floor":40,"key":"SMITH"},{"floor":44,"key":"REST"},{"data":"Coolheaded","floor":49,"key":"SMITH"}],"neow_cost":"NONE","seed_source_timestamp":0,"circlet_count":0,"master_deck":["Strike_B","Defend_B","Defend_B","Defend_B","Zap+1","Dualcast+1","Coolheaded+1","Redo+1","Conserve Battery","Glacier","Coolheaded+1","Compile Driver","Double Energy+1","Redo+1","Steam+1","Capacitor+1","Consume+1","Capacitor+1","Glacier+1","Go for the Eyes+1","Rebound+1","Chill+1","Coolheaded+1","Darkness+1","Parasite","Skim+1","BootSequence+1"],"special_seed":0,"relics":["Cracked Core","Blood Vial","Girya","Toxic Egg 2","Du-Vu Doll","Prayer Wheel","Sundial","Ectoplasm","Lantern","Unceasing Top","Empty Cage","Blue Candle","Darkstone Periapt"],"potions_floor_usage":[33,33],"damage_taken":[{"damage":11.0,"enemies":"2 Louse","floor":1.0,"turns":3.0},{"damage":0.0,"enemies":"Cultist","floor":3.0,"turns":3.0},{"damage":0.0,"enemies":"Jaw Worm","floor":4.0,"turns":4.0},{"damage":12.0,"enemies":"Lots of Slimes","floor":5.0,"turns":6.0},{"damage":5.0,"enemies":"Lagavulin","floor":7.0,"turns":10.0},{"damage":7.0,"enemies":"Large Slime","floor":8.0,"turns":8.0},{"damage":5.0,"enemies":"3 Sentries","floor":10.0,"turns":12.0},{"damage":30.0,"enemies":"Gremlin Gang","floor":13.0,"turns":7.0},{"damage":0.0,"enemies":"Exordium Wildlife","floor":14.0,"turns":2.0},{"damage":7.0,"enemies":"The Guardian","floor":16.0,"turns":14.0},{"damage":28.0,"enemies":"Chosen","floor":18.0,"turns":10.0},{"damage":2.0,"enemies":"3 Byrds","floor":20.0,"turns":2.0},{"damage":26.0,"enemies":"3 Cultists","floor":22.0,"turns":10.0},{"damage":44,"enemies":"Gremlin Leader","floor":27,"turns":13},{"damage":0,"enemies":"Snake Plant","floor":29,"turns":6},{"damage":0,"enemies":"Cultist and Chosen","floor":30,"turns":9},{"damage":10,"enemies":"Champ","floor":33,"turns":20},{"damage":9,"enemies":"Orb Walker","floor":35,"turns":5},{"damage":0,"enemies":"3 Shapes","floor":36,"turns":7},{"damage":20,"enemies":"Writhing Mass","floor":39,"turns":9},{"damage":23,"enemies":"Transient","floor":41,"turns":5},{"damage":0,"enemies":"Maw","floor":42,"turns":11},{"damage":3,"enemies":"4 Shapes","floor":45,"turns":7},{"damage":0,"enemies":"Writhing Mass","floor":46,"turns":8},{"damage":0,"enemies":"Spire Growth","floor":47,"turns":6},{"damage":5,"enemies":"Awakened One","floor":50,"turns":14}],"seed_played":"1358776475378660525","potions_obtained":[{"floor":4.0,"key":"Dexterity Potion"},{"floor":10.0,"key":"Energy Potion"},{"floor":14.0,"key":"GamblersBrew"},{"floor":16.0,"key":"SpeedPotion"},{"floor":18.0,"key":"PowerPotion"},{"floor":20.0,"key":"Swift Potion"},{"floor":33,"key":"FairyPotion"},{"floor":41,"key":"SteroidPotion"},{"floor":46,"key":"Energy Potion"},{"floor":47,"key":"GamblersBrew"}],"is_trial":false,"path_per_floor":["M","?","M","M","M","R","E","M","T","E","T","R","M","M","R","B",null,"M","$","M","$","M","R","?","R","T","E","R","M","M","$","R","B",null,"M","M","?","?","M","R","M","M","T","R","M","M","M","T","R","B",null],"character_chosen":"DEFECT","items_purchased":["Capacitor","Capacitor"],"campfire_rested":5,"item_purchase_floors":[19,21],"current_hp_per_floor":[64,64,66,68,58,58,55,50,50,47,47,47,19,21,43,38,75,47,47,47,47,23,23,23,45,45,3,25,27,29,29,51,43,75,66,68,68,68,50,50,29,31,31,53,52,54,56,56,56,53],"gold":22,"neow_bonus":"RANDOM_COMMON_RELIC","is_prod":false,"is_daily":false,"chose_seed":false,"campfire_upgraded":5,"win_rate":0,"timestamp":1560559570,"path_taken":["M","?","M","?","M","R","E","M","T","E","?","R","M","M","R","BOSS","M","$","M","$","M","R","?","R","T","E","R","?","M","$","R","BOSS","M","?","?","?","M","R","M","M","T","R","M","?","M","?","R","BOSS"],"build_version":"2019-01-23","purchased_purges":2,"victory":true,"max_hp_per_floor":[75,75,75,75,75,75,75,75,75,75,75,75,75,75,75,75,75,75,75,75,75,75,75,75,75,75,75,75,75,75,75,75,75,75,75,75,75,75,75,75,75,75,75,75,75,75,75,75,75,75],"card_choices":[{"not_picked":["White Noise","Stack"],"picked":"Coolheaded","floor":1.0},{"not_picked":["Loop","Sweeping Beam"],"picked":"Redo","floor":3.0},{"not_picked":["BootSequence","Scrape"],"picked":"Conserve Battery","floor":4.0},{"not_picked":["Steam","Rebound"],"picked":"Glacier","floor":5.0},{"not_picked":["Rebound","Self Repair"],"picked":"Coolheaded","floor":7.0},{"not_picked":["Reinforced Body+1","Leap+1","Beam Cell"],"picked":"SKIP","floor":8.0},{"not_picked":["Creative AI","Barrage"],"picked":"Compile Driver","floor":10.0},{"not_picked":["Rip and Tear","Rebound"],"picked":"Double Energy+1","floor":13.0},{"not_picked":["Heatsinks","Sweeping Beam","Stack+1"],"picked":"SKIP","floor":13.0},{"not_picked":["Leap+1","Gash"],"picked":"Redo+1","floor":14.0},{"not_picked":["Gash","White Noise+1","Reinforced Body+1"],"picked":"SKIP","floor":14.0},{"not_picked":["Sweeping Beam","Rip and Tear"],"picked":"Steam+1","floor":18.0},{"not_picked":["Stack+1","Conserve Battery+1","Scrape"],"picked":"SKIP","floor":18.0},{"not_picked":["Compile Driver+1","Barrage"],"picked":"Consume+1","floor":20.0},{"not_picked":["Rebound","Ball Lightning","Streamline+1"],"picked":"SKIP","floor":20.0},{"not_picked":["Sunder+1","Rip and Tear+1"],"picked":"Glacier+1","floor":22.0},{"not_picked":["Conserve Battery+1","Gash","Rebound"],"picked":"SKIP","floor":22.0},{"not_picked":["Storm","Scrape","Machine Learning"],"picked":"SKIP","floor":27},{"not_picked":["Redo+1","Gash","White Noise+1"],"picked":"SKIP","floor":29},{"not_picked":["Conserve Battery+1","Turbo+1","Rebound"],"picked":"SKIP","floor":29},{"not_picked":["Sweeping Beam","Sunder"],"picked":"Go for the Eyes+1","floor":30},{"not_picked":["FTL","Stack+1","Streamline"],"picked":"SKIP","floor":30},{"not_picked":["Go for the Eyes+1","Lockon","Reinforced Body+1"],"picked":"SKIP","floor":35},{"not_picked":["Steam+1","Barrage","Auto Shields+1"],"picked":"SKIP","floor":35},{"not_picked":["Static Discharge+1","Conserve Battery+1"],"picked":"Rebound+1","floor":36},{"not_picked":["Reinforced Body+1","Streamline+1","Rebound"],"picked":"SKIP","floor":36},{"not_picked":["Leap+1","FTL"],"picked":"Chill+1","floor":39},{"not_picked":["Chaos+1","Coolheaded+1","Machine Learning"],"picked":"SKIP","floor":39},{"not_picked":["Rebound","Redo+1"],"picked":"Coolheaded+1","floor":41},{"not_picked":["Steam+1","Go for the Eyes","Beam Cell+1"],"picked":"SKIP","floor":41},{"not_picked":["Compile Driver","Double Energy+1"],"picked":"Darkness+1","floor":42},{"not_picked":["Hologram+1","Aggregate+1","Streamline"],"picked":"SKIP","floor":42},{"not_picked":["Heatsinks","Sweeping Beam+1","Turbo+1"],"picked":"SKIP","floor":45},{"not_picked":["Scrape+1","White Noise+1","Stack+1"],"picked":"SKIP","floor":45},{"not_picked":["Gash","Steam+1"],"picked":"Skim+1","floor":46},{"not_picked":["Sweeping Beam+1","Rebound","Turbo+1"],"picked":"SKIP","floor":46},{"not_picked":["Skim+1","Consume+1"],"picked":"BootSequence+1","floor":47},{"not_picked":["Sweeping Beam","Cold Snap+1","Hello World"],"picked":"SKIP","floor":47}],"player_experience":338781,"relics_obtained":[{"floor":7.0,"key":"Toxic Egg 2"},{"floor":9.0,"key":"Du-Vu Doll"},{"floor":10.0,"key":"Prayer Wheel"},{"floor":11.0,"key":"Sundial"},{"floor":26,"key":"Lantern"},{"floor":27,"key":"Unceasing Top"},{"floor":43,"key":"Blue Candle"},{"floor":48,"key":"Darkstone Periapt"}],"event_choices":[{"damage_healed":0.0,"max_hp_gain":0.0,"max_hp_loss":0.0,"gold_gain":0.0,"event_name":"WeMeetAgain","player_choice":"Paid Gold","floor":2.0,"gold_loss":56.0,"damage_taken":0.0,"relics_obtained":["Girya"]},{"damage_healed":0,"gold_gain":0,"player_choice":"Forge","damage_taken":0,"max_hp_gain":0,"max_hp_loss":0,"event_name":"Accursed Blacksmith","floor":24,"gold_loss":0,"cards_upgraded":["Capacitor"]},{"damage_healed":0,"gold_gain":0,"player_choice":"Memory 1","damage_taken":0,"max_hp_gain":0,"max_hp_loss":0,"event_name":"SensoryStone","floor":37,"gold_loss":0},{"damage_healed":0,"gold_gain":0,"player_choice":"Ignored","damage_taken":0,"max_hp_gain":0,"max_hp_loss":0,"event_name":"Duplicator","floor":38,"gold_loss":0}],"is_beta":false,"boss_relics":[{"not_picked":["Runic Pyramid","Coffee Dripper"],"picked":"Ectoplasm"},{"not_picked":["Tiny House","Pandora\u0027s Box"],"picked":"Empty Cage"}],"items_purged_floors":[19,21],"is_endless":false,"potions_floor_spawned":[4,10,14,16,18,20,33,41,46,47],"ascension_level":2}