{"gold_per_floor":[10,29,46,56,56,56,81,81,131,162,175,192,192,204,204,204],"floor_reached":16,"playtime":1417,"items_purged":[],"score":148,"play_id":"b417d1b6-0143-42c2-a1b8-73382ab8b866","local_time":"20190623124712","is_ascension_mode":true,"campfire_choices":[{"data":"Zap","floor":6,"key":"SMITH"},{"data":"Dualcast","floor":8,"key":"SMITH"},{"floor":13,"key":"REST"},{"data":"Defragment","floor":15,"key":"SMITH"}],"neow_cost":"NO_GOLD","seed_source_timestamp":48424361599367,"circlet_count":0,"master_deck":["Strike_B","Strike_B","Defend_B","Defend_B","Defend_B","Defend_B","Zap+1","Dualcast+1","Streamline","Defragment+1","Steam","Conserve Battery","Chill","Sunder","Compile Driver","Self Repair"],"relics":["Cracked Core","The Courier","Strawberry","Dream Catcher","PreservedInsect"],"potions_floor_usage":[10,16,16],"damage_taken":[{"damage":0,"enemies":"Small Slimes","floor":1,"turns":3},{"damage":0,"enemies":"Cultist","floor":2,"turns":3},{"damage":0,"enemies":"2 Louse","floor":3,"turns":1},{"damage":10,"enemies":"Gremlin Gang","floor":4,"turns":5},{"damage":26,"enemies":"Lagavulin","floor":7,"turns":7},{"damage":12,"enemies":"3 Sentries","floor":10,"turns":7},{"damage":0,"enemies":"2 Fungi Beasts","floor":11,"turns":5},{"damage":0,"enemies":"Red Slaver","floor":12,"turns":3},{"damage":4,"enemies":"Looter","floor":14,"turns":2},{"damage":47,"enemies":"Hexaghost","floor":16,"turns":11}],"seed_played":"2629892638463318517","potions_obtained":[{"floor":3,"key":"FocusPotion"},{"floor":4,"key":"PowerPotion"},{"floor":7,"key":"PowerPotion"},{"floor":11,"key":"GamblersBrew"}],"is_trial":false,"path_per_floor":["M","M","M","M","?","R","E","R","T","E","M","M","R","M","R","B"],"character_chosen":"DEFECT","items_purchased":[],"campfire_rested":1,"item_purchase_floors":[],"current_hp_per_floor":[68,68,68,58,58,58,39,39,39,27,27,27,51,47,47,0],"gold":204,"neow_bonus":"REMOVE_TWO","is_prod":false,"is_daily":false,"chose_seed":false,"campfire_upgraded":3,"win_rate":0,"timestamp":1561308432,"path_taken":["M","M","M","M","?","R","E","R","T","E","?","M","R","M","R","BOSS"],"build_version":"2019-01-23","purchased_purges":0,"victory":false,"max_hp_per_floor":[75,75,75,75,75,75,82,82,82,82,82,82,82,82,82,82],"card_choices":[{"not_picked":["Consume","Rip and Tear"],"picked":"Streamline","floor":1},{"not_picked":["Ball Lightning","Rebound","Hello World"],"picked":"SKIP","floor":2},{"not_picked":["Undo","Lockon"],"picked":"Defragment","floor":3},{"not_picked":["Hello World","Loop"],"picked":"Steam","floor":4},{"not_picked":["Beam Cell","Cold Snap"],"picked":"Conserve Battery","floor":7},{"not_picked":["Barrage","Defragment"],"picked":"Chill","floor":10},{"not_picked":["Gash","Rebound"],"picked":"Sunder","floor":11},{"not_picked":["Chill","Double Energy","Steam"],"picked":"SKIP","floor":12},{"not_picked":["Melter","Rebound"],"picked":"Compile Driver","floor":13},{"not_picked":["Hologram","Sweeping Beam"],"picked":"Self Repair","floor":14}],"player_experience":398214,"relics_obtained":[{"floor":5,"key":"The Courier"},{"floor":7,"key":"Strawberry"},{"floor":9,"key":"Dream Catcher"},{"floor":10,"key":"PreservedInsect"}],"event_choices":[{"damage_healed":0,"gold_gain":0,"player_choice":"Relic","damage_taken":0,"max_hp_gain":0,"max_hp_loss":0,"event_name":"Wheel of Change","floor":5,"gold_loss":0}],"is_beta":false,"boss_relics":[],"items_purged_floors":[],"is_endless":false,"potions_floor_spawned":[3,4,7,11,12],"killed_by":"Hexaghost","ascension_level":6}