{"gold_per_floor":[114,134,134,134,134,159,159,175,175,202,202,202,213,223,223,324,324,344,344,169,79,3,3,19,35,62,62,62],"floor_reached":28,"playtime":2603,"items_purged":["Strike_B"],"score":351,"play_id":"a998f1f2-80e5-4b7e-a6c2-4c199c8a7183","local_time":"20190628083517","is_ascension_mode":true,"campfire_choices":[{"data":"Zap","floor":7.0,"key":"SMITH"},{"data":"Dualcast","floor":15.0,"key":"SMITH"},{"data":"Hologram","floor":23,"key":"SMITH"},{"data":"Coolheaded","floor":27,"key":"SMITH"}],"neow_cost":"NONE","seed_source_timestamp":0,"circlet_count":0,"master_deck":["Strike_B","Defend_B","Defend_B+1","Defend_B","Defend_B","Zap+1","Dualcast+1","Conserve Battery+1","Beam Cell","Gash","Self Repair","Chill+1","Hologram+1","Steam","Seek","Gash","Necronomicurse","Coolheaded+1","Gash","Glacier","Darkness+1","Skim"],"special_seed":0,"relics":["Cracked Core","NeowsBlessing","Ornamental Fan","Shuriken","Lantern","Singing Bowl","Gremlin Horn","Inserter","Necronomicon","War Paint"],"potions_floor_usage":[28,28],"damage_taken":[{"damage":0.0,"enemies":"2 Louse","floor":1.0,"turns":1.0},{"damage":0.0,"enemies":"Small Slimes","floor":2.0,"turns":1.0},{"damage":0.0,"enemies":"Gremlin Nob","floor":6.0,"turns":1.0},{"damage":0.0,"enemies":"Jaw Worm","floor":8.0,"turns":3.0},{"damage":16.0,"enemies":"Lagavulin","floor":10.0,"turns":8.0},{"damage":7.0,"enemies":"Exordium Wildlife","floor":13.0,"turns":4.0},{"damage":0.0,"enemies":"Looter","floor":14.0,"turns":3.0},{"damage":46.0,"enemies":"The Guardian","floor":16.0,"turns":15.0},{"damage":4,"enemies":"Shell Parasite","floor":18,"turns":10},{"damage":4,"enemies":"2 Thieves","floor":24,"turns":5},{"damage":0,"enemies":"3 Cultists","floor":25,"turns":6},{"damage":65,"enemies":"Cultist and Chosen","floor":28,"turns":6}],"seed_played":"-3813670661857266769","potions_obtained":[{"floor":6.0,"key":"Block Potion"},{"floor":16.0,"key":"FocusPotion"},{"floor":24,"key":"Block Potion"}],"is_trial":false,"path_per_floor":["M","M","?","?","?","E","R","M","T","E","T","?","M","M","R","B",null,"M","?","$","?","$","R","M","M","T","R","M"],"character_chosen":"DEFECT","items_purchased":["Coolheaded","Gash","Glacier"],"campfire_rested":0,"item_purchase_floors":[20,20,22],"current_hp_per_floor":[68,68,56,61,54,54,54,54,54,45,45,45,45,52,52,13,63,66,50,50,50,50,50,53,60,60,60,0],"gold":62,"neow_bonus":"THREE_ENEMY_KILL","is_prod":false,"is_daily":false,"chose_seed":false,"campfire_upgraded":4,"win_rate":0,"timestamp":1561725317,"path_taken":["M","M","?","?","?","E","R","?","T","E","?","?","M","M","R","BOSS","M","?","$","?","$","R","M","M","T","R","M"],"build_version":"2019-01-23","purchased_purges":1,"victory":false,"max_hp_per_floor":[75,75,75,80,80,80,80,80,80,80,80,80,80,80,80,80,80,80,80,80,80,80,80,80,80,80,80,80],"card_choices":[{"not_picked":["Stack","Redo"],"picked":"Conserve Battery","floor":1.0},{"not_picked":["Steam Power","Compile Driver"],"picked":"Beam Cell","floor":2.0},{"not_picked":["Double Energy","BootSequence"],"picked":"Gash","floor":6.0},{"not_picked":["Sweeping Beam","Ball Lightning"],"picked":"Self Repair","floor":8.0},{"not_picked":["Conserve Battery","Barrage"],"picked":"Chill","floor":10.0},{"not_picked":["Redo","Sweeping Beam"],"picked":"Hologram","floor":13.0},{"not_picked":["Sweeping Beam","Rebound"],"picked":"Steam","floor":14.0},{"not_picked":["Creative AI","Core Surge"],"picked":"Seek","floor":16.0},{"not_picked":["Stack","Redo"],"picked":"Gash","floor":18},{"not_picked":["Stack","Fusion"],"picked":"Darkness+1","floor":24},{"not_picked":["Rebound+1","Auto Shields"],"picked":"Skim","floor":25}],"player_experience":457234,"relics_obtained":[{"floor":6.0,"key":"Shuriken"},{"floor":9.0,"key":"Lantern"},{"floor":10.0,"key":"Singing Bowl"},{"floor":11.0,"key":"Gremlin Horn"},{"floor":19,"key":"Necronomicon"},{"floor":26,"key":"War Paint"}],"event_choices":[{"damage_healed":0.0,"max_hp_gain":0.0,"max_hp_loss":0.0,"gold_gain":0.0,"event_name":"Scrap Ooze","player_choice":"Success","floor":3.0,"gold_loss":0.0,"damage_taken":12.0,"relics_obtained":["Ornamental Fan"]},{"damage_healed":0.0,"max_hp_gain":5.0,"max_hp_loss":0.0,"gold_gain":0.0,"event_name":"Big Fish","player_choice":"Donut","floor":4.0,"gold_loss":0.0,"damage_taken":0.0},{"cards_removed":["Strike_B"],"damage_healed":0.0,"max_hp_gain":0.0,"max_hp_loss":0.0,"gold_gain":0.0,"event_name":"Golden Wing","player_choice":"Card Removal","floor":5.0,"gold_loss":0.0,"damage_taken":7.0},{"damage_healed":0.0,"max_hp_gain":0.0,"max_hp_loss":0.0,"gold_gain":0.0,"event_name":"Liars Game","player_choice":"Ignored","floor":12.0,"gold_loss":0.0,"damage_taken":0.0},{"damage_healed":0,"gold_gain":0,"player_choice":"Obtained Book","damage_taken":16,"max_hp_gain":0,"max_hp_loss":0,"event_name":"Cursed Tome","floor":19,"gold_loss":0},{"cards_removed":["Strike_B"],"damage_healed":0,"gold_gain":0,"player_choice":"Upgrade and Remove","damage_taken":0,"max_hp_gain":0,"max_hp_loss":0,"event_name":"Designer","floor":21,"gold_loss":90,"cards_upgraded":["Defend_B"]}],"is_beta":false,"boss_relics":[{"not_picked":["Runic Dome","Tiny House"],"picked":"Inserter"}],"items_purged_floors":[20],"is_endless":false,"potions_floor_spawned":[6,16,24],"killed_by":"Cultist and Chosen","ascension_level":8}