{"gold_per_floor":[113,127,146,96,114,114,142,142,142,154,154,172,172,233,233,338,338,351,351,362,462,478,478,492,507,507,114,114,14,14,27,27,125,125,138,238,252,252,127,127,155,37,62,11,11,11,11,29,29,29],"floor_reached":51,"playtime":10833,"items_purged":["Strike_B","Strike_B","Defend_B"],"score":780,"play_id":"79d83245-5a83-4ad4-8385-e1d213491c71","local_time":"20190622000814","is_ascension_mode":true,"campfire_choices":[{"data":"Zap","floor":6.0,"key":"SMITH"},{"data":"Dualcast","floor":8.0,"key":"SMITH"},{"data":"Coolheaded","floor":13.0,"key":"SMITH"},{"data":"Hologram","floor":15.0,"key":"SMITH"},{"data":"Go for the Eyes","floor":23.0,"key":"SMITH"},{"data":"Redo","floor":28.0,"key":"SMITH"},{"data":"Sunder","floor":30.0,"key":"SMITH"},{"floor":32.0,"key":"REST"},{"data":"FTL","floor":40,"key":"SMITH"},{"floor":45,"key":"REST"},{"data":"Turbo","floor":47,"key":"SMITH"},{"floor":49,"key":"REST"}],"neow_cost":"TEN_PERCENT_HP_LOSS","seed_source_timestamp":0,"circlet_count":0,"master_deck":["Zap+1","Dualcast+1","Go for the Eyes+1","Sunder+1","Coolheaded+1","Conserve Battery","All For One","Hologram+1","FTL+1","RitualDagger","Gash","Chill+1","Redo+1","Gash","Gash+1","Turbo+1","Scrape"],"special_seed":0,"relics":["Cracked Core","Pocketwatch","Dodecahedron","Pear","Gremlin Horn","Philosopher\u0027s Stone","Meat on the Bone","Unceasing Top","Empty Cage","Peace Pipe","Cables","Juzu Bracelet","Bird Faced Urn"],"potions_floor_usage":[50,50],"damage_taken":[{"damage":0.0,"enemies":"Small Slimes","floor":1.0,"turns":3.0},{"damage":0.0,"enemies":"Jaw Worm","floor":2.0,"turns":3.0},{"damage":0.0,"enemies":"Cultist","floor":3.0,"turns":2.0},{"damage":3.0,"enemies":"Looter","floor":5.0,"turns":3.0},{"damage":22.0,"enemies":"Gremlin Nob","floor":7.0,"turns":4.0},{"damage":3.0,"enemies":"Exordium Wildlife","floor":10.0,"turns":2.0},{"damage":6.0,"enemies":"2 Fungi Beasts","floor":12.0,"turns":2.0},{"damage":3.0,"enemies":"Gremlin Nob","floor":14.0,"turns":3.0},{"damage":13.0,"enemies":"Slime Boss","floor":16.0,"turns":9.0},{"damage":0.0,"enemies":"Chosen","floor":18.0,"turns":3.0},{"damage":0.0,"enemies":"3 Byrds","floor":20.0,"turns":2.0},{"damage":6.0,"enemies":"Shelled Parasite and Fungi","floor":22.0,"turns":2.0},{"damage":0.0,"enemies":"3 Cultists","floor":24.0,"turns":3.0},{"damage":26.0,"enemies":"Snake Plant","floor":25.0,"turns":3.0},{"damage":0.0,"enemies":"Cultist and Chosen","floor":31.0,"turns":3.0},{"damage":13.0,"enemies":"Collector","floor":33.0,"turns":7.0},{"damage":0.0,"enemies":"3 Darklings","floor":35.0,"turns":3.0},{"damage":28.0,"enemies":"Mind Bloom Boss Battle","floor":36.0,"turns":3.0},{"damage":0,"enemies":"3 Shapes","floor":37,"turns":2},{"damage":35,"enemies":"Nemesis","floor":41,"turns":5},{"damage":0,"enemies":"Sphere and 2 Shapes","floor":48,"turns":2},{"damage":11,"enemies":"Donu and Deca","floor":50,"turns":4}],"seed_played":"1856717577568983517","potions_obtained":[{"floor":2.0,"key":"Energy Potion"},{"floor":10.0,"key":"Regen Potion"},{"floor":12.0,"key":"Explosive Potion"},{"floor":20.0,"key":"PowerPotion"},{"floor":24.0,"key":"SpeedPotion"},{"floor":31.0,"key":"FearPotion"},{"floor":37,"key":"Fire Potion"},{"floor":48,"key":"FocusPotion"}],"is_trial":false,"path_per_floor":["M","M","M","?","M","R","E","R","T","M","?","M","R","?","R","B",null,"M","?","M","?","M","R","M","M","T","$","R","$","R","M","R","B",null,"M","?","M","?","$","R","E","$","T","?","R","?","R","M","R","B",null],"character_chosen":"DEFECT","items_purchased":["Redo","Unceasing Top","Turbo","Scrape"],"campfire_rested":3,"item_purchase_floors":[27,27,42,42],"current_hp_per_floor":[68,68,68,68,65,65,43,43,43,40,47,41,41,47,47,34,78,78,72,72,72,66,66,66,40,40,40,40,40,40,40,63,50,78,78,50,50,50,50,50,27,27,27,27,50,50,50,50,73,62],"gold":29,"neow_bonus":"REMOVE_TWO","is_prod":false,"is_daily":false,"chose_seed":false,"campfire_upgraded":9,"win_rate":0,"timestamp":1561176494,"path_taken":["M","M","M","?","M","R","E","R","T","M","?","?","R","?","R","BOSS","M","?","M","?","M","R","M","?","T","$","R","$","R","M","R","BOSS","M","?","M","?","$","R","E","$","T","?","R","?","R","M","R","BOSS"],"build_version":"2019-01-23","purchased_purges":3,"victory":true,"max_hp_per_floor":[68,68,68,68,68,68,68,68,68,68,78,78,78,78,78,78,78,78,78,78,78,78,78,78,78,78,78,78,78,78,78,78,78,78,78,78,78,78,78,78,78,78,78,78,78,78,78,78,78,78],"card_choices":[{"not_picked":["Cold Snap","Ball Lightning"],"picked":"Go for the Eyes","floor":1.0},{"not_picked":["Streamline","Loop"],"picked":"Sunder","floor":2.0},{"not_picked":["Reinforced Body","Sweeping Beam"],"picked":"Coolheaded","floor":3.0},{"not_picked":["Recycle","Stack"],"picked":"Conserve Battery","floor":5.0},{"not_picked":["Ball Lightning","Loop"],"picked":"All For One","floor":7.0},{"not_picked":["Chaos","Stack","Fusion"],"picked":"SKIP","floor":10.0},{"not_picked":["Conserve Battery","Chill"],"picked":"Hologram","floor":12.0},{"not_picked":["Force Field","Compile Driver"],"picked":"FTL","floor":14.0},{"not_picked":["Leap","Rebound","Compile Driver+1"],"picked":"SKIP","floor":18.0},{"not_picked":["Cold Snap+1","Undo+1"],"picked":"Gash","floor":20.0},{"not_picked":["Auto Shields+1","Conserve Battery"],"picked":"Chill+1","floor":22.0},{"not_picked":["Buffer","Capacitor+1","Leap"],"picked":"SKIP","floor":24.0},{"not_picked":["Ball Lightning","Chaos","Streamline"],"picked":"SKIP","floor":25.0},{"not_picked":["Meteor Strike","Streamline+1","Chaos"],"picked":"SKIP","floor":31.0},{"not_picked":["Streamline","Rebound"],"picked":"Gash","floor":35.0},{"not_picked":["Reprogram","BootSequence+1"],"picked":"Gash+1","floor":36},{"not_picked":["Cold Snap+1","Genetic Algorithm","Hologram"],"picked":"SKIP","floor":37},{"not_picked":["Redo+1","Compile Driver+1","Streamline+1"],"picked":"SKIP","floor":41},{"not_picked":["Darkness+1","Beam Cell","Stack+1"],"picked":"SKIP","floor":48}],"player_experience":374189,"relics_obtained":[{"floor":7.0,"key":"Pocketwatch"},{"floor":9.0,"key":"Dodecahedron"},{"floor":14.0,"key":"Gremlin Horn"},{"floor":26.0,"key":"Meat on the Bone"},{"floor":36,"key":"Peace Pipe"},{"floor":41,"key":"Cables"},{"floor":43,"key":"Juzu Bracelet"}],"event_choices":[{"cards_removed":["Defend_B"],"damage_healed":0.0,"max_hp_gain":0.0,"max_hp_loss":0.0,"gold_gain":0.0,"event_name":"The Cleric","player_choice":"Card Removal","floor":4.0,"gold_loss":50.0,"damage_taken":0.0},{"damage_healed":0.0,"max_hp_gain":0.0,"max_hp_loss":0.0,"gold_gain":0.0,"event_name":"Scrap Ooze","player_choice":"Success","floor":11.0,"gold_loss":0.0,"damage_taken":3.0,"relics_obtained":["Pear"]},{"damage_healed":0.0,"max_hp_gain":0.0,"max_hp_loss":0.0,"gold_gain":30.0,"event_name":"Dead Adventurer","player_choice":"Searched \u00272\u0027 times","floor":14.0,"gold_loss":0.0,"damage_taken":0.0},{"damage_healed":0.0,"max_hp_gain":0.0,"max_hp_loss":0.0,"gold_gain":0.0,"event_name":"Nest","player_choice":"Joined the Cult","floor":19.0,"gold_loss":0.0,"damage_taken":6.0,"cards_obtained":["RitualDagger"]},{"damage_healed":0.0,"max_hp_gain":0.0,"max_hp_loss":0.0,"gold_gain":100.0,"event_name":"Golden Shrine","player_choice":"Pray","floor":21.0,"gold_loss":0.0,"damage_taken":0.0},{"damage_healed":0.0,"max_hp_gain":0.0,"max_hp_loss":0.0,"gold_gain":0.0,"event_name":"MindBloom","player_choice":"Fight","floor":36.0,"gold_loss":0.0,"damage_taken":0.0},{"damage_healed":0,"gold_gain":0,"player_choice":"Ignored","damage_taken":0,"max_hp_gain":0,"max_hp_loss":0,"event_name":"Tomb of Lord Red Mask","floor":38,"gold_loss":0},{"damage_healed":0,"gold_gain":0,"player_choice":"Paid Gold","damage_taken":0,"relics_obtained":["Bird Faced Urn"],"max_hp_gain":0,"max_hp_loss":0,"event_name":"WeMeetAgain","floor":44,"gold_loss":51},{"damage_healed":0,"gold_gain":0,"player_choice":"Ignored","damage_taken":0,"max_hp_gain":0,"max_hp_loss":0,"event_name":"Mysterious Sphere","floor":46,"gold_loss":0}],"is_beta":false,"boss_relics":[{"not_picked":["Runic Pyramid","Coffee Dripper"],"picked":"Philosopher\u0027s Stone"},{"not_picked":["Snecko Eye","Eternal Feather"],"picked":"Empty Cage"}],"items_purged_floors":[27,29,39],"is_endless":false,"potions_floor_spawned":[2,10,12,20,24,31,37,48],"ascension_level":4}