{"gold_per_floor":[109,122,122,47,62,62,77,77,77,77,152,172,172,200,200,272,272,287,212,212,212,228,228,258,268,338,338,355,355,365,365,365,365],"floor_reached":33,"playtime":997,"items_purged":["Defend_B"],"score":477,"play_id":"3fdc93df-ae14-4c56-ac70-9e5f1cb8a905","local_time":"20190705091227","is_ascension_mode":true,"campfire_choices":[{"data":"Doom and Gloom","floor":6,"key":"SMITH"},{"data":"Zap","floor":8,"key":"SMITH"},{"data":"1","floor":10,"key":"LIFT"},{"data":"2","floor":15,"key":"LIFT"},{"data":"3","floor":23,"key":"LIFT"},{"floor":29,"key":"REST"},{"floor":32,"key":"REST"}],"neow_cost":"NONE","seed_source_timestamp":510309229121558,"circlet_count":0,"master_deck":["AscendersBane","Strike_B","Strike_B","Defend_B","Defend_B","Defend_B","Zap+1","Dualcast","Steam","Reboot","Doom and Gloom+1","Melter","Core Surge","Beam Cell","Core Surge","Go for the Eyes","Chill","Double Energy","Rebound+1"],"relics":["Cracked Core","NeowsBlessing","Girya","Torii","Cursed Key","MutagenicStrength","Singing Bowl","Molten Egg 2"],"potions_floor_usage":[14,16,33,33],"damage_taken":[{"damage":0,"enemies":"2 Louse","floor":1,"turns":1},{"damage":0,"enemies":"Cultist","floor":2,"turns":1},{"damage":0,"enemies":"Small Slimes","floor":5,"turns":1},{"damage":0,"enemies":"Looter","floor":7,"turns":2},{"damage":0,"enemies":"Large Slime","floor":12,"turns":4},{"damage":20,"enemies":"Lagavulin","floor":14,"turns":4},{"damage":6,"enemies":"The Guardian","floor":16,"turns":8},{"damage":0,"enemies":"Spheric Guardian","floor":18,"turns":1},{"damage":1,"enemies":"2 Thieves","floor":22,"turns":2},{"damage":29,"enemies":"Slavers","floor":24,"turns":3},{"damage":10,"enemies":"Centurion and Healer","floor":25,"turns":4},{"damage":7,"enemies":"Shelled Parasite and Fungi","floor":28,"turns":2},{"damage":6,"enemies":"Cultist and Chosen","floor":30,"turns":4},{"damage":71,"enemies":"Champ","floor":33,"turns":10}],"seed_played":"-6538003272388183418","potions_obtained":[{"floor":2,"key":"Block Potion"},{"floor":7,"key":"SkillPotion"},{"floor":16,"key":"FearPotion"},{"floor":18,"key":"Dexterity Potion"}],"is_trial":false,"path_per_floor":["M","M","?","$","M","R","M","R","T","R","?","M","?","E","R","B",null,"M","?","?","?","M","R","E","M","T","?","M","R","M","?","R","B"],"character_chosen":"DEFECT","items_purchased":[],"campfire_rested":2,"item_purchase_floors":[],"current_hp_per_floor":[64,64,64,64,64,64,64,64,64,64,53,53,53,33,33,27,60,60,60,60,60,59,59,30,20,20,20,13,34,30,30,51,0],"gold":365,"neow_bonus":"THREE_ENEMY_KILL","is_prod":false,"is_daily":false,"chose_seed":false,"campfire_upgraded":2,"win_rate":0,"timestamp":1562289147,"path_taken":["M","M","?","$","?","R","M","R","T","R","?","M","?","E","R","BOSS","M","?","?","?","M","R","E","M","T","?","M","R","M","?","R","BOSS"],"build_version":"2019-07-01","purchased_purges":1,"victory":false,"max_hp_per_floor":[71,71,71,71,71,71,71,71,71,71,71,71,71,71,71,71,71,71,71,71,71,71,71,71,71,71,71,71,71,73,73,73,73],"card_choices":[{"not_picked":["Rebound","Leap"],"picked":"Steam","floor":1},{"not_picked":["Steam","Redo"],"picked":"Reboot","floor":2},{"not_picked":["Steam","Leap"],"picked":"Doom and Gloom","floor":5},{"not_picked":["Coolheaded","Steam"],"picked":"Melter","floor":7},{"not_picked":["Beam Cell","Go for the Eyes"],"picked":"Core Surge","floor":12},{"not_picked":["Genetic Algorithm","Multi-Cast"],"picked":"Beam Cell","floor":14},{"not_picked":["Amplify","All For One"],"picked":"Core Surge","floor":16},{"not_picked":["Sweeping Beam","Chaos","Aggregate"],"picked":"SKIP","floor":18},{"not_picked":["Genetic Algorithm","Aggregate","Ball Lightning"],"picked":"SKIP","floor":22},{"not_picked":["Barrage","Tempest"],"picked":"Chill","floor":24},{"not_picked":["Leap","Coolheaded"],"picked":"Double Energy","floor":25},{"not_picked":["Hologram","Storm"],"picked":"Rebound+1","floor":28},{"not_picked":["Rebound+1","Reinforced Body","Stack"],"picked":"Singing Bowl","floor":30}],"player_experience":1175667,"relics_obtained":[{"floor":9,"key":"Girya"},{"floor":14,"key":"Torii"},{"floor":24,"key":"Singing Bowl"},{"floor":26,"key":"Molten Egg 2"}],"event_choices":[{"cards_removed":["Strike_B"],"damage_healed":0,"gold_gain":0,"player_choice":"Card Removal","damage_taken":0,"max_hp_gain":0,"max_hp_loss":0,"event_name":"Wheel of Change","floor":3,"gold_loss":0},{"damage_healed":0,"gold_gain":75,"player_choice":"Gather Gold","damage_taken":11,"max_hp_gain":0,"max_hp_loss":0,"event_name":"World of Goop","floor":11,"gold_loss":0},{"damage_healed":0,"gold_gain":0,"player_choice":"Ignored","damage_taken":0,"max_hp_gain":0,"max_hp_loss":0,"event_name":"Liars Game","floor":13,"gold_loss":0},{"cards_removed":["Strike_B"],"damage_healed":0,"gold_gain":0,"player_choice":"Gave Gold","damage_taken":0,"max_hp_gain":0,"max_hp_loss":0,"event_name":"Beggar","floor":19,"gold_loss":75},{"damage_healed":0,"gold_gain":0,"player_choice":"Inject Mutagens","damage_taken":0,"relics_obtained":["MutagenicStrength"],"max_hp_gain":0,"max_hp_loss":0,"event_name":"Drug Dealer","floor":20,"gold_loss":0},{"damage_healed":0,"gold_gain":0,"player_choice":"Read","damage_taken":0,"max_hp_gain":0,"max_hp_loss":0,"event_name":"The Library","floor":21,"gold_loss":0,"cards_obtained":["Go for the Eyes"]},{"damage_healed":0,"gold_gain":0,"player_choice":"Ignored","damage_taken":0,"max_hp_gain":0,"max_hp_loss":0,"event_name":"Ghosts","floor":27,"gold_loss":0},{"cards_removed":["Injury"],"damage_healed":0,"gold_gain":0,"player_choice":"Removed Curses","damage_taken":0,"max_hp_gain":0,"max_hp_loss":0,"event_name":"Fountain of Cleansing","floor":31,"gold_loss":0}],"is_beta":false,"boss_relics":[{"not_picked":["Empty Cage","Coffee Dripper"],"picked":"Cursed Key"}],"items_purged_floors":[4],"is_endless":false,"potions_floor_spawned":[2,7,16,18,24,30],"killed_by":"Champ","ascension_level":16}