{"gold_per_floor":[117,131,146,126,51,51,70,81,81,71,85,85,85,136,136,212,212,232,250,262,272,272,298,37,69,69,69,69,269,269,285,285,357,357,372,388,388,135,154,188,200,200,227,21,92,109,125,145,145,145],"floor_reached":50,"playtime":4433,"items_purged":["Strike_B","Defend_B"],"score":1049,"play_id":"23b003fa-70d0-4f44-8fab-e7b519fdf23b","local_time":"20190704141446","is_ascension_mode":true,"campfire_choices":[{"data":"Force Field","floor":6,"key":"SMITH"},{"data":"Consume","floor":13,"key":"SMITH"},{"floor":15,"key":"REST"},{"floor":27,"key":"REST"},{"data":"Buffer","floor":30,"key":"SMITH"},{"floor":32,"key":"REST"},{"data":"Rainbow","floor":42,"key":"SMITH"},{"data":"Capacitor","floor":49,"key":"SMITH"}],"neow_cost":"NONE","seed_source_timestamp":438598160447261,"circlet_count":0,"master_deck":["AscendersBane","Zap","Dualcast+1","Force Field+1","Glacier","Coolheaded+1","Consume+1","Buffer+1","Tempest+1","Core Surge+1","Hologram+1","Doom and Gloom+1","White Noise+1","Chaos+1","Undo","Core Surge+1","Buffer+1","Core Surge","Sunder+1","Cold Snap","Self Repair","White Noise","Rainbow+1","Metamorphosis","Parasite","Defragment+1","Hologram+1","Capacitor+1"],"relics":["Snecko Eye","Juzu Bracelet","Pen Nib","Astrolabe","Oddly Smooth Stone","War Paint","Kunai","Blood Vial","Empty Cage","HandDrill","Symbiotic Virus","Whetstone","Pantograph"],"potions_floor_usage":[12,16,23,33,40,48],"damage_taken":[{"damage":0,"enemies":"Cultist","floor":1,"turns":3},{"damage":11,"enemies":"Small Slimes","floor":2,"turns":5},{"damage":14,"enemies":"Jaw Worm","floor":3,"turns":5},{"damage":0,"enemies":"Red Slaver","floor":7,"turns":3},{"damage":0,"enemies":"2 Fungi Beasts","floor":8,"turns":5},{"damage":6,"enemies":"Exordium Thugs","floor":10,"turns":6},{"damage":11,"enemies":"Large Slime","floor":11,"turns":10},{"damage":3,"enemies":"The Guardian","floor":16,"turns":15},{"damage":0,"enemies":"Spheric Guardian","floor":18,"turns":6},{"damage":5,"enemies":"3 Byrds","floor":19,"turns":4},{"damage":0,"enemies":"Cultist and Chosen","floor":20,"turns":8},{"damage":7,"enemies":"Snake Plant","floor":21,"turns":4},{"damage":21,"enemies":"Slavers","floor":23,"turns":4},{"damage":28,"enemies":"Gremlin Leader","floor":25,"turns":8},{"damage":2,"enemies":"3 Cultists","floor":31,"turns":6},{"damage":0,"enemies":"Champ","floor":33,"turns":9},{"damage":0,"enemies":"Orb Walker","floor":35,"turns":6},{"damage":0,"enemies":"3 Darklings","floor":36,"turns":6},{"damage":13,"enemies":"Transient","floor":39,"turns":5},{"damage":0,"enemies":"Reptomancer","floor":40,"turns":9},{"damage":0,"enemies":"Sphere and 2 Shapes","floor":41,"turns":4},{"damage":0,"enemies":"Writhing Mass","floor":46,"turns":5},{"damage":6,"enemies":"Spire Growth","floor":47,"turns":4},{"damage":18,"enemies":"3 Darklings","floor":48,"turns":5},{"damage":78,"enemies":"Awakened One","floor":50,"turns":10}],"seed_played":"-1421308104838081266","potions_obtained":[{"floor":1,"key":"Fire Potion"},{"floor":3,"key":"FearPotion"},{"floor":10,"key":"SkillPotion"},{"floor":12,"key":"Fruit Juice"},{"floor":12,"key":"SteroidPotion"},{"floor":16,"key":"Swift Potion"},{"floor":31,"key":"Dexterity Potion"},{"floor":39,"key":"Energy Potion"},{"floor":40,"key":"GamblersBrew"}],"is_trial":false,"path_per_floor":["M","M","M","?","$","R","M","M","T","M","M","?","R","T","R","B",null,"M","M","M","M","?","E","$","E","T","R","?","?","R","M","R","B",null,"M","M","?","$","M","E","M","R","T","$","T","M","M","M","R","B"],"character_chosen":"DEFECT","items_purchased":["War Paint","Self Repair","HandDrill","Metamorphosis"],"campfire_rested":3,"item_purchase_floors":[24,38,38,44],"current_hp_per_floor":[64,53,39,39,39,39,39,39,39,33,22,27,27,27,49,46,69,69,64,64,57,57,36,36,8,8,30,30,30,30,30,52,54,71,73,75,75,75,70,76,76,76,76,76,76,76,70,61,61,0],"gold":145,"neow_bonus":"BOSS_RELIC","is_prod":false,"is_daily":false,"chose_seed":false,"campfire_upgraded":5,"win_rate":0,"timestamp":1562220886,"path_taken":["M","M","?","?","?","R","M","M","T","M","M","?","R","?","R","BOSS","M","M","M","M","?","E","?","E","T","R","?","?","R","M","R","BOSS","M","M","?","$","M","E","M","R","T","$","?","M","M","M","R","BOSS"],"build_version":"2019-07-01","purchased_purges":2,"victory":false,"max_hp_per_floor":[71,71,71,71,71,71,71,71,71,71,71,76,76,76,76,76,76,76,76,76,76,76,76,76,76,76,76,76,76,76,76,76,76,76,76,76,76,76,76,76,76,76,76,76,76,76,76,76,76,76],"card_choices":[{"not_picked":["Scrape","Steam","Gash"],"picked":"SKIP","floor":1},{"not_picked":["BootSequence","Tempest","Reinforced Body"],"picked":"SKIP","floor":2},{"not_picked":["Go for the Eyes","Heatsinks"],"picked":"Force Field","floor":3},{"not_picked":["Fusion","Genetic Algorithm"],"picked":"Glacier","floor":7},{"not_picked":["Auto Shields","Compile Driver"],"picked":"Coolheaded","floor":8},{"not_picked":["Go for the Eyes","Compile Driver","Lockon"],"picked":"SKIP","floor":10},{"not_picked":["Redo","Auto Shields"],"picked":"Consume","floor":11},{"not_picked":["Biased Cognition","Hyperbeam"],"picked":"Buffer","floor":16},{"not_picked":["Go for the Eyes","Conserve Battery+1"],"picked":"Doom and Gloom","floor":18},{"not_picked":["Melter","Sweeping Beam"],"picked":"White Noise+1","floor":19},{"not_picked":["Heatsinks+1","Turbo"],"picked":"Chaos+1","floor":20},{"not_picked":["Barrage","Static Discharge"],"picked":"Undo","floor":21},{"not_picked":["Rebound","Turbo","Gash"],"picked":"SKIP","floor":23},{"not_picked":["Conserve Battery","Barrage"],"picked":"Buffer","floor":25},{"not_picked":["Undo","Steam","Ball Lightning"],"picked":"SKIP","floor":31},{"not_picked":["Amplify","Hyperbeam"],"picked":"Core Surge","floor":33},{"not_picked":["Undo","Darkness","Stack+1"],"picked":"SKIP","floor":35},{"not_picked":["Stack","Turbo"],"picked":"Sunder","floor":36},{"not_picked":["Leap","Auto Shields+1"],"picked":"White Noise","floor":39},{"not_picked":["Scrape+1","Undo"],"picked":"Rainbow","floor":40},{"not_picked":["Lockon+1","Steam+1","Barrage+1"],"picked":"SKIP","floor":41},{"not_picked":["Skim","Sunder+1"],"picked":"Defragment+1","floor":46},{"not_picked":["Blizzard","Leap"],"picked":"Hologram+1","floor":47},{"not_picked":["Go for the Eyes+1","Sweeping Beam+1"],"picked":"Capacitor","floor":48}],"player_experience":1163270,"relics_obtained":[{"floor":9,"key":"Juzu Bracelet"},{"floor":14,"key":"Pen Nib"},{"floor":23,"key":"Oddly Smooth Stone"},{"floor":25,"key":"Kunai"},{"floor":26,"key":"Blood Vial"},{"floor":40,"key":"Symbiotic Virus"},{"floor":43,"key":"Whetstone"},{"floor":45,"key":"Pantograph"}],"event_choices":[{"damage_healed":0,"gold_gain":0,"player_choice":"Bought 1 Potion","damage_taken":0,"max_hp_gain":0,"max_hp_loss":0,"event_name":"The Woman in Blue","floor":4,"gold_loss":0},{"damage_healed":0,"gold_gain":0,"player_choice":"Got Potions","damage_taken":0,"max_hp_gain":0,"max_hp_loss":0,"event_name":"Lab","floor":12,"gold_loss":0},{"damage_healed":0,"gold_gain":0,"player_choice":"Copied","damage_taken":0,"max_hp_gain":0,"max_hp_loss":0,"event_name":"Duplicator","floor":22,"gold_loss":0,"cards_obtained":["Core Surge"]},{"damage_healed":0,"gold_gain":0,"player_choice":"Upgraded","damage_taken":0,"max_hp_gain":0,"max_hp_loss":0,"event_name":"Upgrade Shrine","floor":28,"gold_loss":0,"cards_upgraded":["Buffer"]},{"damage_healed":0,"gold_gain":250,"player_choice":"Bet on Owner","damage_taken":0,"max_hp_gain":0,"max_hp_loss":0,"event_name":"The Joust","floor":29,"gold_loss":50},{"damage_healed":0,"gold_gain":0,"cards_transformed":["Defend_B"],"player_choice":"Transformed","damage_taken":0,"max_hp_gain":0,"max_hp_loss":0,"event_name":"Transmorgrifier","floor":37,"gold_loss":0,"cards_obtained":["Cold Snap"]}],"is_beta":false,"boss_relics":[{"not_picked":["White Beast Statue","Eternal Feather"],"picked":"Astrolabe"},{"not_picked":["Calling Bell","Black Star"],"picked":"Empty Cage"}],"items_purged_floors":[5,24],"is_endless":false,"potions_floor_spawned":[1,3,10,11,16,19,21,31,39,40,46],"killed_by":"Awakened One","ascension_level":16}