{"gold_per_floor":[117,132,132,145,158,221,221,251,251,269,269,269,269,13,13,13],"floor_reached":16,"playtime":968,"items_purged":[],"score":110,"play_id":"23d3d079-639a-4ba6-bfee-91b4225d47c2","local_time":"20190705085757","is_ascension_mode":false,"campfire_choices":[{"data":"Armaments","floor":7,"key":"SMITH"},{"floor":13,"key":"REST"},{"data":"Anger","floor":15,"key":"SMITH"}],"neow_cost":"NONE","seed_source_timestamp":144678549779949,"circlet_count":0,"master_deck":["Strike_R","Strike_R+1","Strike_R","Strike_R","Strike_R","Defend_R","Defend_R+1","Defend_R","Defend_R","Bash","Impatience","Anger+1","Warcry","Armaments+1","Shrug It Off","Shrug It Off","Cleave","Headbutt","Regret"],"relics":["Burning Blood","Oddly Smooth Stone","Tiny Chest","Darkstone Periapt","Bronze Scales","PreservedInsect","Mercury Hourglass"],"potions_floor_usage":[8,8],"damage_taken":[{"damage":0,"enemies":"2 Louse","floor":1,"turns":3},{"damage":13,"enemies":"Jaw Worm","floor":2,"turns":3},{"damage":6,"enemies":"Cultist","floor":4,"turns":3},{"damage":14,"enemies":"Large Slime","floor":5,"turns":7},{"damage":26,"enemies":"Lagavulin","floor":6,"turns":10},{"damage":33,"enemies":"Gremlin Nob","floor":8,"turns":5},{"damage":3,"enemies":"2 Fungi Beasts","floor":10,"turns":2},{"damage":30,"enemies":"The Guardian","floor":16,"turns":9}],"seed_played":"4545954337173086632","potions_obtained":[{"floor":1,"key":"LiquidBronze"},{"floor":4,"key":"GamblersBrew"},{"floor":6,"key":"GamblersBrew"}],"is_trial":false,"path_per_floor":["M","M","?","M","M","E","R","E","T","M","?","?","R","$","R","B"],"character_chosen":"IRONCLAD","items_purchased":["Mercury Hourglass"],"campfire_rested":1,"item_purchase_floors":[14],"current_hp_per_floor":[80,73,66,66,58,38,38,11,11,14,20,3,28,28,28,0],"gold":13,"neow_bonus":"RANDOM_COLORLESS","is_prod":false,"is_daily":false,"chose_seed":false,"campfire_upgraded":2,"win_rate":0.0,"timestamp":1562281077,"path_taken":["M","M","?","M","M","E","R","E","T","M","?","?","R","$","R","BOSS"],"build_version":"2019-07-01","purchased_purges":0,"victory":false,"max_hp_per_floor":[80,80,80,80,80,80,80,80,80,80,86,86,86,86,86,86],"card_choices":[{"not_picked":["Shrug It Off","Clash"],"picked":"Anger","floor":1},{"not_picked":["Corruption","Uppercut"],"picked":"Warcry","floor":2},{"not_picked":["Sword Boomerang","Headbutt"],"picked":"Armaments","floor":4},{"not_picked":["Searing Blow","Burning Pact"],"picked":"Shrug It Off","floor":5},{"not_picked":["Bloodletting","Perfected Strike"],"picked":"Shrug It Off","floor":6},{"not_picked":["Perfected Strike","Iron Wave"],"picked":"Cleave","floor":8},{"not_picked":["Second Wind","Clothesline"],"picked":"Headbutt","floor":10}],"player_experience":29424,"relics_obtained":[{"floor":6,"key":"Tiny Chest"},{"floor":8,"key":"Darkstone Periapt"},{"floor":9,"key":"Bronze Scales"}],"event_choices":[{"damage_healed":0,"gold_gain":0,"player_choice":"Success","damage_taken":7,"relics_obtained":["Oddly Smooth Stone"],"max_hp_gain":0,"max_hp_loss":0,"event_name":"Scrap Ooze","floor":3,"gold_loss":0},{"damage_healed":0,"gold_gain":0,"player_choice":"Box","damage_taken":0,"relics_obtained":["PreservedInsect"],"max_hp_gain":0,"max_hp_loss":0,"event_name":"Big Fish","floor":11,"gold_loss":0,"cards_obtained":["Regret"]},{"damage_healed":0,"gold_gain":0,"player_choice":"Entered Light","damage_taken":17,"max_hp_gain":0,"max_hp_loss":0,"event_name":"Shining Light","floor":12,"gold_loss":0,"cards_upgraded":["Defend_R","Strike_R"]}],"is_beta":false,"boss_relics":[],"items_purged_floors":[],"is_endless":false,"potions_floor_spawned":[1,4,6],"killed_by":"The Guardian","ascension_level":0}