{"gold_per_floor":[117,117,132,150,166,166,193,193,219,249],"floor_reached":10,"playtime":450,"items_purged":[],"score":102,"play_id":"2e529e71-072e-4833-9bd6-b23f81ed180e","local_time":"20190626131029","is_ascension_mode":true,"campfire_choices":[{"data":"Zap","floor":6,"key":"SMITH"},{"data":"Dualcast","floor":8,"key":"SMITH"}],"neow_cost":"NONE","seed_source_timestamp":1019917858939615,"circlet_count":0,"master_deck":["AscendersBane","Strike_B","Strike_B","Strike_B","Defend_B","Defend_B","Defend_B","Defend_B","Zap+1","Dualcast+1","Cold Snap","Machine Learning","Blizzard","Self Repair","Static Discharge","BootSequence"],"relics":["Cracked Core","Smiling Mask","Omamori"],"potions_floor_usage":[7],"damage_taken":[{"damage":3,"enemies":"2 Louse","floor":1,"turns":2},{"damage":0,"enemies":"Cultist","floor":3,"turns":4},{"damage":7,"enemies":"Jaw Worm","floor":4,"turns":3},{"damage":8,"enemies":"Blue Slaver","floor":5,"turns":4},{"damage":39,"enemies":"3 Sentries","floor":7,"turns":8},{"damage":28,"enemies":"Gremlin Nob","floor":10,"turns":3}],"seed_played":"-2781276650016591235","potions_obtained":[{"floor":4,"key":"Energy Potion"},{"floor":5,"key":"FearPotion"}],"is_trial":false,"path_per_floor":["M","?","M","M","M","R","E","R","T","?"],"character_chosen":"DEFECT","items_purchased":[],"campfire_rested":0,"item_purchase_floors":[],"current_hp_per_floor":[65,65,65,58,57,57,25,25,25,0],"gold":249,"neow_bonus":"REMOVE_CARD","is_prod":false,"is_daily":false,"chose_seed":false,"campfire_upgraded":2,"win_rate":0,"timestamp":1561525829,"path_taken":["M","?","M","?","M","R","E","R","T","?"],"build_version":"2019-01-23","purchased_purges":0,"victory":false,"max_hp_per_floor":[75,75,75,75,75,75,75,75,75,75],"card_choices":[{"not_picked":["Go for the Eyes","Reinforced Body"],"picked":"Cold Snap","floor":1},{"not_picked":["Ball Lightning","Doom and Gloom"],"picked":"Blizzard","floor":3},{"not_picked":["Heatsinks","Beam Cell"],"picked":"Self Repair","floor":4},{"not_picked":["Darkness","Barrage"],"picked":"Static Discharge","floor":5},{"not_picked":["Tempest","Lockon"],"picked":"BootSequence","floor":7}],"player_experience":1059883,"relics_obtained":[{"floor":7,"key":"Smiling Mask"},{"floor":9,"key":"Omamori"}],"event_choices":[{"damage_healed":0,"gold_gain":0,"player_choice":"1 cards matched","damage_taken":0,"max_hp_gain":0,"max_hp_loss":0,"event_name":"Match and Keep!","floor":2,"gold_loss":0,"cards_obtained":["Machine Learning"]},{"damage_healed":0,"gold_gain":30,"player_choice":"Searched \u00272\u0027 times","damage_taken":0,"max_hp_gain":0,"max_hp_loss":0,"event_name":"Dead Adventurer","floor":10,"gold_loss":0}],"is_beta":false,"boss_relics":[],"items_purged_floors":[],"is_endless":false,"potions_floor_spawned":[4,5],"killed_by":"Gremlin Nob","ascension_level":10}