{"gold_per_floor":[20,20,36,51,51,51,67,81,161,189,189,203,203,203],"floor_reached":14,"playtime":1191,"items_purged":[],"score":138,"play_id":"66073a34-a388-408f-b522-004ec6a4b53e","local_time":"20190626120041","is_ascension_mode":true,"campfire_choices":[{"data":"Zap","floor":6,"key":"SMITH"}],"neow_cost":"NO_GOLD","seed_source_timestamp":1014989464167824,"circlet_count":0,"master_deck":["AscendersBane","Strike_B","Strike_B","Strike_B","Defend_B","Defend_B","Defend_B","Defend_B","Zap+1","Dualcast","Gash","Doom and Gloom","Rebound","Buffer","FTL","Reboot","Coolheaded"],"relics":["Cracked Core","Pocketwatch","Molten Egg 2","Emotion Chip","DataDisk"],"potions_floor_usage":[10,14],"damage_taken":[{"damage":2,"enemies":"Jaw Worm","floor":1,"turns":4},{"damage":12,"enemies":"Small Slimes","floor":3,"turns":4},{"damage":0,"enemies":"Cultist","floor":4,"turns":3},{"damage":7,"enemies":"Looter","floor":7,"turns":3},{"damage":0,"enemies":"Large Slime","floor":8,"turns":4},{"damage":15,"enemies":"3 Sentries","floor":10,"turns":4},{"damage":17,"enemies":"3 Louse","floor":12,"turns":2},{"damage":17,"enemies":"Lagavulin","floor":14,"turns":5}],"seed_played":"-1584217388066651296","potions_obtained":[{"floor":3,"key":"Energy Potion"},{"floor":10,"key":"LiquidBronze"},{"floor":12,"key":"GamblersBrew"}],"is_trial":false,"path_per_floor":["M","?","M","M","$","R","M","M","T","E","T","M","?","E"],"character_chosen":"DEFECT","items_purchased":[],"campfire_rested":0,"item_purchase_floors":[],"current_hp_per_floor":[66,59,47,47,47,47,40,40,40,25,25,8,1,0],"gold":203,"neow_bonus":"ONE_RARE_RELIC","is_prod":false,"is_daily":false,"chose_seed":false,"campfire_upgraded":1,"win_rate":0,"timestamp":1561521641,"path_taken":["M","?","M","M","$","R","M","M","T","E","?","M","?","E"],"build_version":"2019-01-23","purchased_purges":0,"victory":false,"max_hp_per_floor":[75,75,75,75,75,75,75,75,75,75,75,75,75,75],"card_choices":[{"not_picked":["Hologram","Rebound"],"picked":"Gash","floor":1},{"not_picked":["Reinforced Body","Leap"],"picked":"Doom and Gloom","floor":3},{"not_picked":["Barrage","Sunder"],"picked":"Rebound","floor":4},{"not_picked":["Fusion","Go for the Eyes"],"picked":"Buffer","floor":7},{"not_picked":["Auto Shields","Cold Snap"],"picked":"FTL","floor":8},{"not_picked":["Meteor Strike+1","Ball Lightning+1"],"picked":"Reboot","floor":10},{"not_picked":["Beam Cell+1","Redo"],"picked":"Coolheaded","floor":12}],"player_experience":1057366,"relics_obtained":[{"floor":9,"key":"Molten Egg 2"},{"floor":10,"key":"Emotion Chip"},{"floor":11,"key":"DataDisk"}],"event_choices":[{"cards_removed":["Strike_B"],"damage_healed":0,"gold_gain":0,"player_choice":"Card Removal","damage_taken":7,"max_hp_gain":0,"max_hp_loss":0,"event_name":"Golden Wing","floor":2,"gold_loss":0},{"damage_healed":0,"gold_gain":0,"player_choice":"Damaged","damage_taken":7,"max_hp_gain":0,"max_hp_loss":0,"event_name":"Wheel of Change","floor":13,"gold_loss":0}],"is_beta":false,"boss_relics":[],"items_purged_floors":[],"is_endless":false,"potions_floor_spawned":[3,10,12],"killed_by":"Lagavulin","ascension_level":10}