{"gold_per_floor":[114,114,114,16,16,16,26,26,26,26,45,58,391,409,409,512,512,526,625,625,645,570,570,570],"floor_reached":24,"playtime":1041,"items_purged":[],"score":194,"play_id":"e0d73c7d-dd3c-47e5-8a14-0199d140ab54","local_time":"20190704163929","is_ascension_mode":false,"campfire_choices":[{"data":"Capacitor","floor":6,"key":"SMITH"},{"data":"Zap","floor":10,"key":"SMITH"},{"data":"Loop","floor":15,"key":"SMITH"},{"floor":23,"key":"REST"}],"neow_cost":"NONE","seed_source_timestamp":85894794414370,"circlet_count":0,"master_deck":["Strike_B","Strike_B+1","Defend_B","Defend_B","Defend_B","Defend_B","Zap+1","Barrage","Capacitor+1","Go for the Eyes+1","Storm","Ball Lightning","Consume","Loop+1","Barrage","Creative AI","Conserve Battery","Steam+1"],"relics":["Cracked Core","NeowsBlessing","Ornamental Fan","Question Card","Old Coin","Inserter"],"potions_floor_usage":[],"damage_taken":[{"damage":0,"enemies":"2 Louse","floor":1,"turns":1},{"damage":0,"enemies":"Jaw Worm","floor":7,"turns":1},{"damage":0,"enemies":"Small Slimes","floor":11,"turns":1},{"damage":1,"enemies":"Exordium Wildlife","floor":12,"turns":3},{"damage":6,"enemies":"Lagavulin","floor":13,"turns":5},{"damage":9,"enemies":"Blue Slaver","floor":14,"turns":3},{"damage":10,"enemies":"The Guardian","floor":16,"turns":7},{"damage":30,"enemies":"3 Byrds","floor":18,"turns":4},{"damage":20,"enemies":"Shell Parasite","floor":21,"turns":5},{"damage":35,"enemies":"Book of Stabbing","floor":24,"turns":5}],"seed_played":"3168830134271078868","potions_obtained":[{"floor":11,"key":"Weak Potion"},{"floor":12,"key":"Dexterity Potion"},{"floor":13,"key":"Explosive Potion"},{"floor":18,"key":"Fire Potion"}],"is_trial":false,"path_per_floor":["M","?","?","$","?","R","M","?","T","R","M","M","E","M","R","B",null,"M","?","?","M","?","R","E"],"character_chosen":"DEFECT","items_purchased":["Capacitor","Go for the Eyes"],"campfire_rested":1,"item_purchase_floors":[4,4],"current_hp_per_floor":[75,75,68,68,53,53,53,53,53,53,53,52,46,37,37,27,75,45,45,31,11,11,35,0],"gold":570,"neow_bonus":"THREE_ENEMY_KILL","is_prod":false,"is_daily":false,"chose_seed":false,"campfire_upgraded":3,"win_rate":0.0,"timestamp":1562222369,"path_taken":["M","?","?","$","?","R","?","?","T","R","M","?","E","?","R","BOSS","M","?","?","M","?","R","E"],"build_version":"2019-07-01","purchased_purges":0,"victory":false,"max_hp_per_floor":[75,75,75,75,75,75,75,75,75,75,75,75,75,75,75,75,75,75,75,80,80,80,80,80],"card_choices":[{"not_picked":["Coolheaded","Beam Cell"],"picked":"Gash","floor":1},{"not_picked":["Beam Cell","Static Discharge"],"picked":"Storm","floor":7},{"not_picked":["Redo","Doom and Gloom","FTL"],"picked":"Ball Lightning","floor":11},{"not_picked":["Blizzard","Auto Shields","Doom and Gloom"],"picked":"Consume","floor":12},{"not_picked":["Compile Driver","Steam","Skim"],"picked":"Loop","floor":13},{"not_picked":["Steam Power","Sweeping Beam","Compile Driver"],"picked":"Barrage","floor":14},{"not_picked":["Seek","Thunder Strike","Machine Learning"],"picked":"Creative AI","floor":16},{"not_picked":["Coolheaded","Steam","Leap+1"],"picked":"Conserve Battery","floor":18},{"not_picked":["Compile Driver+1","Gash","Streamline+1"],"picked":"Steam+1","floor":21}],"player_experience":8168,"relics_obtained":[{"floor":9,"key":"Question Card"},{"floor":13,"key":"Old Coin"}],"event_choices":[{"damage_healed":0,"gold_gain":0,"cards_transformed":["Strike_B"],"player_choice":"Change","damage_taken":0,"max_hp_gain":0,"max_hp_loss":0,"event_name":"Living Wall","floor":2,"gold_loss":0,"cards_obtained":["Barrage"]},{"cards_removed":["Dualcast"],"damage_healed":0,"gold_gain":0,"player_choice":"Card Removal","damage_taken":7,"max_hp_gain":0,"max_hp_loss":0,"event_name":"Golden Wing","floor":3,"gold_loss":0},{"damage_healed":0,"gold_gain":0,"player_choice":"Entered Light","damage_taken":15,"max_hp_gain":0,"max_hp_loss":0,"event_name":"Shining Light","floor":5,"gold_loss":0,"cards_upgraded":["Strike_B","Go for the Eyes"]},{"cards_removed":["Gash"],"damage_healed":0,"gold_gain":0,"player_choice":"Gave Card","damage_taken":0,"relics_obtained":["Ornamental Fan"],"max_hp_gain":0,"max_hp_loss":0,"event_name":"WeMeetAgain","floor":8,"gold_loss":0},{"damage_healed":0,"gold_gain":99,"player_choice":"Stole From Cult","damage_taken":0,"max_hp_gain":0,"max_hp_loss":0,"event_name":"Nest","floor":19,"gold_loss":0},{"damage_healed":0,"gold_gain":0,"player_choice":"Shed Blood","damage_taken":19,"max_hp_gain":5,"max_hp_loss":0,"event_name":"Forgotten Altar","floor":20,"gold_loss":0},{"cards_removed":["Strike_B"],"damage_healed":0,"gold_gain":0,"player_choice":"Gave Gold","damage_taken":0,"max_hp_gain":0,"max_hp_loss":0,"event_name":"Beggar","floor":22,"gold_loss":75}],"is_beta":false,"boss_relics":[{"not_picked":["Eternal Feather","Lizard Tail"],"picked":"Inserter"}],"items_purged_floors":[],"is_endless":false,"potions_floor_spawned":[11,12,13,18],"killed_by":"Book of Stabbing","ascension_level":0}