{"gold_per_floor":[115,115,129,129,142,172,172,45,68,97,97,108,126,145,145,218,218,234,234,234,35,54,70,70,101,125,105,121,121,121],"floor_reached":30,"playtime":1777,"items_purged":["Strike_B","Strike_B+1"],"score":429,"play_id":"ad970ec8-9999-4f47-b409-09967e2b2165","local_time":"20190629100630","is_ascension_mode":true,"campfire_choices":[{"floor":7,"key":"REST"},{"data":"Zap","floor":11,"key":"SMITH"},{"floor":15,"key":"REST"},{"data":"Buffer","floor":24,"key":"SMITH"},{"data":"Static Discharge","floor":29,"key":"SMITH"}],"neow_cost":"NONE","seed_source_timestamp":48262302409635,"circlet_count":0,"master_deck":["AscendersBane","Strike_B+1","Strike_B+1","Defend_B+1","Defend_B+1","Defend_B+1","Defend_B+1","Zap+1","Dualcast+1","Ball Lightning","Sweeping Beam","Chill","Thunder Strike","Static Discharge+1","Sweeping Beam","Coolheaded","Steam+1","Echo Form","Chill+1","Buffer+1","Ball Lightning","Capacitor"],"relics":["Cracked Core","Smiling Mask","Potion Belt","Pen Nib","Anchor","Runic Pyramid","MutagenicStrength","Strawberry","War Paint"],"potions_floor_usage":[13,16,16,16,16,25,30,30],"damage_taken":[{"damage":12,"enemies":"Jaw Worm","floor":1,"turns":3},{"damage":0,"enemies":"Small Slimes","floor":3,"turns":2},{"damage":1,"enemies":"2 Louse","floor":5,"turns":2},{"damage":30,"enemies":"Lagavulin","floor":6,"turns":6},{"damage":16,"enemies":"3 Sentries","floor":10,"turns":6},{"damage":0,"enemies":"Large Slime","floor":12,"turns":5},{"damage":0,"enemies":"Blue Slaver","floor":13,"turns":2},{"damage":0,"enemies":"Red Slaver","floor":14,"turns":3},{"damage":15,"enemies":"Hexaghost","floor":16,"turns":7},{"damage":0,"enemies":"Chosen","floor":18,"turns":6},{"damage":6,"enemies":"Spheric Guardian","floor":22,"turns":4},{"damage":13,"enemies":"Centurion and Healer","floor":23,"turns":6},{"damage":34,"enemies":"Gremlin Leader","floor":25,"turns":7},{"damage":0,"enemies":"Chosen and Byrds","floor":28,"turns":5},{"damage":30,"enemies":"Slavers","floor":30,"turns":4}],"seed_played":"7042601075584124731","potions_obtained":[{"floor":6,"key":"Fire Potion"},{"floor":12,"key":"EntropicBrew"},{"floor":13,"key":"FocusPotion"},{"floor":14,"key":"AttackPotion"},{"floor":16,"key":"Ancient Potion"},{"floor":22,"key":"Regen Potion"},{"floor":27,"key":"Weak Potion"},{"floor":28,"key":"PowerPotion"}],"is_trial":false,"path_per_floor":["M","?","M","?","M","E","R","$","T","E","R","M","M","M","R","B",null,"M","?","?","$","M","M","R","E","T","?","M","R","E"],"character_chosen":"DEFECT","items_purchased":["Static Discharge","Buffer"],"campfire_rested":2,"item_purchase_floors":[8,21],"current_hp_per_floor":[56,41,41,41,40,10,32,32,32,16,16,16,16,16,38,23,62,62,62,62,62,56,43,43,30,30,30,30,30,0],"gold":121,"neow_bonus":"RANDOM_COMMON_RELIC","is_prod":false,"is_daily":false,"chose_seed":false,"campfire_upgraded":3,"win_rate":0,"timestamp":1561773990,"path_taken":["M","?","M","?","M","E","R","?","T","E","R","M","M","M","R","BOSS","M","?","?","$","M","M","R","E","T","?","?","R","E"],"build_version":"2019-01-23","purchased_purges":2,"victory":false,"max_hp_per_floor":[75,75,75,75,75,75,75,75,75,75,75,75,75,75,75,75,75,75,75,75,75,75,75,75,82,82,82,82,82,82],"card_choices":[{"not_picked":["Leap","Rebound"],"picked":"Ball Lightning","floor":1},{"not_picked":["Barrage","Cold Snap"],"picked":"Sweeping Beam","floor":3},{"not_picked":["Gash","Conserve Battery"],"picked":"Chill","floor":5},{"not_picked":["Turbo","Genetic Algorithm"],"picked":"Thunder Strike","floor":6},{"not_picked":["Force Field","Heatsinks","Hello World"],"picked":"SKIP","floor":10},{"not_picked":["Leap","Rebound"],"picked":"Sweeping Beam","floor":12},{"not_picked":["Redo","Reprogram"],"picked":"Coolheaded","floor":13},{"not_picked":["Redo","Cold Snap"],"picked":"Steam","floor":14},{"not_picked":["All For One","Biased Cognition"],"picked":"Echo Form","floor":16},{"not_picked":["Beam Cell","Undo+1"],"picked":"Chill","floor":18},{"not_picked":["Undo","Streamline"],"picked":"Ball Lightning","floor":22},{"not_picked":["Redo","Streamline","Hologram+1"],"picked":"SKIP","floor":23},{"not_picked":["Ball Lightning","Amplify","Stack"],"picked":"SKIP","floor":25},{"not_picked":["Barrage","Lockon+1"],"picked":"Capacitor","floor":28}],"player_experience":1101365,"relics_obtained":[{"floor":6,"key":"Potion Belt"},{"floor":9,"key":"Pen Nib"},{"floor":10,"key":"Anchor"},{"floor":25,"key":"Strawberry"},{"floor":26,"key":"War Paint"}],"event_choices":[{"damage_healed":0,"gold_gain":0,"player_choice":"Entered Light","damage_taken":15,"max_hp_gain":0,"max_hp_loss":0,"event_name":"Shining Light","floor":2,"gold_loss":0,"cards_upgraded":["Dualcast","Defend_B"]},{"damage_healed":0,"gold_gain":0,"player_choice":"Ignored","damage_taken":0,"max_hp_gain":0,"max_hp_loss":0,"event_name":"Liars Game","floor":4,"gold_loss":0},{"damage_healed":0,"gold_gain":0,"player_choice":"Inject Mutagens","damage_taken":0,"relics_obtained":["MutagenicStrength"],"max_hp_gain":0,"max_hp_loss":0,"event_name":"Drug Dealer","floor":19,"gold_loss":0},{"damage_healed":0,"gold_gain":0,"player_choice":"Simplicity","damage_taken":0,"max_hp_gain":0,"max_hp_loss":0,"event_name":"Back to Basics","floor":20,"gold_loss":0,"cards_upgraded":["Strike_B","Strike_B","Strike_B","Defend_B","Defend_B","Defend_B"]},{"damage_healed":0,"gold_gain":0,"player_choice":"Bought 1 Potion","damage_taken":0,"max_hp_gain":0,"max_hp_loss":0,"event_name":"The Woman in Blue","floor":27,"gold_loss":0}],"is_beta":false,"boss_relics":[{"not_picked":["Black Star","Fusion Hammer"],"picked":"Runic Pyramid"}],"items_purged_floors":[8,21],"is_endless":false,"potions_floor_spawned":[6,12,13,14,16,22,28],"killed_by":"Slavers","ascension_level":13}