{"gold_per_floor":[111,186,200,200,210,210,241,241,241,241,241,253,286,8,8,108,108,124,134,150,163,181,181,192,192,192,204,228,240,202,214],"floor_reached":31,"playtime":1481,"items_purged":["Strike_B"],"score":383,"play_id":"355b8015-c8f9-425f-bc1e-11af1893a259","local_time":"20190627153726","is_ascension_mode":true,"campfire_choices":[{"data":"Zap","floor":6,"key":"SMITH"},{"floor":8,"key":"REST"},{"data":"1","floor":11,"key":"LIFT"},{"floor":15,"key":"REST"},{"data":"Dualcast","floor":23,"key":"SMITH"},{"data":"Sunder","floor":27,"key":"SMITH"}],"neow_cost":"NONE","seed_source_timestamp":1114115893644044,"circlet_count":0,"master_deck":["AscendersBane","Strike_B","Strike_B","Defend_B","Defend_B","Defend_B","Zap+1","Dualcast+1","Chill","Conserve Battery","Go for the Eyes","Conserve Battery","Sunder+1","Loop","Multi-Cast","Ball Lightning+1","Ball Lightning","Coolheaded","Steam"],"relics":["Cracked Core","Thread and Needle","Girya","Singing Bowl","Darkstone Periapt","TheAbacus","Coffee Dripper","Nilry\u0027s Codex","MawBank","MutagenicStrength"],"potions_floor_usage":[7,16,16,21,28],"damage_taken":[{"damage":0,"enemies":"2 Louse","floor":1,"turns":1},{"damage":9,"enemies":"Jaw Worm","floor":3,"turns":6},{"damage":1,"enemies":"Cultist","floor":5,"turns":4},{"damage":33,"enemies":"Gremlin Nob","floor":7,"turns":5},{"damage":0,"enemies":"2 Fungi Beasts","floor":12,"turns":4},{"damage":4,"enemies":"3 Sentries","floor":13,"turns":7},{"damage":35,"enemies":"Slime Boss","floor":16,"turns":12},{"damage":3,"enemies":"2 Thieves","floor":18,"turns":5},{"damage":2,"enemies":"3 Byrds","floor":19,"turns":6},{"damage":14,"enemies":"Snake Plant","floor":20,"turns":4},{"damage":4,"enemies":"Cultist and Chosen","floor":21,"turns":5},{"damage":7,"enemies":"Centurion and Healer","floor":22,"turns":7},{"damage":10,"enemies":"3 Cultists","floor":24,"turns":5},{"damage":12,"enemies":"Snake Plant","floor":28,"turns":4},{"damage":8,"enemies":"Sentry and Sphere","floor":31,"turns":3}],"seed_played":"6376708285603328438","potions_obtained":[{"floor":1,"key":"Ancient Potion"},{"floor":5,"key":"Dexterity Potion"},{"floor":12,"key":"SpeedPotion"},{"floor":16,"key":"Ancient Potion"},{"floor":18,"key":"SteroidPotion"},{"floor":24,"key":"Regen Potion"},{"floor":28,"key":"Poison Potion"}],"is_trial":false,"path_per_floor":["M","?","M","?","M","R","E","R","T","?","R","M","E","$","R","B",null,"M","M","M","M","M","R","M","?","T","R","M","?","?","M"],"character_chosen":"DEFECT","items_purchased":["TheAbacus"],"campfire_rested":2,"item_purchase_floors":[14],"current_hp_per_floor":[68,57,48,48,47,47,14,36,36,24,24,24,20,20,42,7,58,57,55,41,39,32,32,24,8,8,8,8,8,8,0],"gold":214,"neow_bonus":"REMOVE_CARD","is_prod":false,"is_daily":false,"chose_seed":false,"campfire_upgraded":3,"win_rate":0,"timestamp":1561621046,"path_taken":["M","?","M","?","M","R","E","R","T","?","R","?","E","$","R","BOSS","M","M","M","M","M","R","M","?","T","R","M","?","?","?"],"build_version":"2019-01-23","purchased_purges":1,"victory":false,"max_hp_per_floor":[75,75,75,75,75,75,75,75,75,75,75,75,75,75,75,75,75,77,77,77,79,79,79,81,81,81,81,81,81,81,81],"card_choices":[{"not_picked":["Reinforced Body","Go for the Eyes"],"picked":"Chill","floor":1},{"not_picked":["Capacitor","Beam Cell"],"picked":"Conserve Battery","floor":3},{"not_picked":["Redo","Leap"],"picked":"Go for the Eyes","floor":5},{"not_picked":["Barrage","Creative AI"],"picked":"Conserve Battery","floor":7},{"not_picked":["Lockon","Stack"],"picked":"Sunder","floor":12},{"not_picked":["Lockon","Conserve Battery"],"picked":"Loop","floor":13},{"not_picked":["Rainbow","Core Surge"],"picked":"Multi-Cast","floor":16},{"not_picked":["Storm","Rebound","Scrape"],"picked":"Singing Bowl","floor":18},{"not_picked":["Recycle","Steam"],"picked":"Ball Lightning+1","floor":19},{"not_picked":["Streamline","Meteor Strike"],"picked":"Ball Lightning","floor":20},{"not_picked":["Barrage","Force Field","Hologram+1"],"picked":"Singing Bowl","floor":21},{"not_picked":["Undo","Stack"],"picked":"Coolheaded","floor":22},{"not_picked":["Stack","Go for the Eyes","Cold Snap"],"picked":"Singing Bowl","floor":24},{"not_picked":["Scrape+1","Creative AI"],"picked":"Steam","floor":28}],"player_experience":1084704,"relics_obtained":[{"floor":7,"key":"Thread and Needle"},{"floor":9,"key":"Girya"},{"floor":13,"key":"Darkstone Periapt"},{"floor":25,"key":"Nilry\u0027s Codex"},{"floor":26,"key":"MawBank"}],"event_choices":[{"damage_healed":0,"gold_gain":75,"player_choice":"Gather Gold","damage_taken":11,"max_hp_gain":0,"max_hp_loss":0,"event_name":"World of Goop","floor":2,"gold_loss":0},{"cards_removed":["Defend_B"],"damage_healed":0,"gold_gain":0,"player_choice":"Forget","damage_taken":0,"max_hp_gain":0,"max_hp_loss":0,"event_name":"Living Wall","floor":4,"gold_loss":0},{"damage_healed":0,"gold_gain":0,"player_choice":"Success","damage_taken":12,"relics_obtained":["Singing Bowl"],"max_hp_gain":0,"max_hp_loss":0,"event_name":"Scrap Ooze","floor":10,"gold_loss":0},{"damage_healed":0,"gold_gain":0,"player_choice":"Obtained Book","damage_taken":16,"max_hp_gain":0,"max_hp_loss":0,"event_name":"Cursed Tome","floor":25,"gold_loss":0},{"damage_healed":0,"gold_gain":0,"player_choice":"Inject Mutagens","damage_taken":0,"relics_obtained":["MutagenicStrength"],"max_hp_gain":0,"max_hp_loss":0,"event_name":"Drug Dealer","floor":29,"gold_loss":0},{"damage_healed":0,"gold_gain":0,"player_choice":"Bet on Owner","damage_taken":0,"max_hp_gain":0,"max_hp_loss":0,"event_name":"The Joust","floor":30,"gold_loss":50}],"is_beta":false,"boss_relics":[{"not_picked":["White Beast Statue","Runic Dome"],"picked":"Coffee Dripper"}],"items_purged_floors":[14],"is_endless":false,"potions_floor_spawned":[1,5,12,13,16,18,24,28],"killed_by":"Sentry and Sphere","ascension_level":11}