{"gold_per_floor":[111,111,111,126,137,167,132,157,157,157,175,201,211,231,231,327,327,337,357,368,368,382,382,416,416,441,441],"floor_reached":27,"playtime":1821,"items_purged":[],"score":280,"play_id":"ec7cf83f-ba38-4d63-8c35-4c338f4205d6","local_time":"20190703013020","is_ascension_mode":false,"campfire_choices":[{"floor":15,"key":"REST"},{"floor":23,"key":"REST"},{"floor":25,"key":"REST"}],"neow_cost":"NONE","seed_source_timestamp":0,"circlet_count":0,"master_deck":["Strike_R","Strike_R+1","Strike_R","Strike_R","Strike_R","Defend_R","Defend_R","Defend_R","Defend_R","Bash","Madness+1","Cleave+1","Uppercut+1","Flex","Uppercut+1","Armaments","Anger+1","Whirlwind+1","Uppercut+1","Ghostly Armor","Juggernaut","Combust","Rampage+1","Cleave+1","Writhe","Anger+1","Corruption"],"special_seed":0,"relics":["Burning Blood","Molten Egg 2","Whetstone","Vajra","PreservedInsect","Bag of Preparation","Black Star","Pear","Ancient Tea Set","Juzu Bracelet","Centennial Puzzle"],"potions_floor_usage":[16,16,19,19,27,27],"damage_taken":[{"damage":7.0,"enemies":"Cultist","floor":1.0,"turns":5.0},{"damage":17.0,"enemies":"Jaw Worm","floor":4.0,"turns":4.0},{"damage":12.0,"enemies":"2 Louse","floor":5.0,"turns":2.0},{"damage":44.0,"enemies":"3 Sentries","floor":6.0,"turns":8.0},{"damage":21.0,"enemies":"Lagavulin","floor":8.0,"turns":5.0},{"damage":19.0,"enemies":"Large Slime","floor":11.0,"turns":4.0},{"damage":2.0,"enemies":"Gremlin Nob","floor":12.0,"turns":3.0},{"damage":2,"enemies":"Blue Slaver","floor":13,"turns":2},{"damage":4,"enemies":"Exordium Wildlife","floor":14,"turns":3},{"damage":6,"enemies":"Hexaghost","floor":16,"turns":9},{"damage":22,"enemies":"Spheric Guardian","floor":18,"turns":4},{"damage":7,"enemies":"Chosen","floor":19,"turns":5},{"damage":23,"enemies":"Snake Plant","floor":20,"turns":5},{"damage":36,"enemies":"Centurion and Healer","floor":22,"turns":7},{"damage":55,"enemies":"Slavers","floor":24,"turns":4},{"damage":38,"enemies":"Book of Stabbing","floor":27,"turns":4}],"seed_played":"7226682085635691918","potions_obtained":[{"floor":1.0,"key":"Block Potion"},{"floor":6.0,"key":"PowerPotion"},{"floor":8.0,"key":"LiquidBronze"},{"floor":16,"key":"Block Potion"},{"floor":19,"key":"Strength Potion"},{"floor":20,"key":"SkillPotion"},{"floor":24,"key":"GamblersBrew"}],"is_trial":false,"path_per_floor":["M","T","?","M","M","E","?","E","T","?","M","E","M","M","R","B",null,"M","M","M","?","M","R","E","R","T","E"],"character_chosen":"IRONCLAD","items_purchased":[],"campfire_rested":3,"item_purchase_floors":[],"current_hp_per_floor":[79,79,79,68,62,24,44,29,29,34,21,25,29,31,56,56,85,69,68,51,61,31,59,10,38,38,0],"gold":441,"neow_bonus":"RANDOM_COLORLESS","is_prod":false,"is_daily":false,"chose_seed":false,"campfire_upgraded":0,"win_rate":0.0,"timestamp":1562142620,"path_taken":["M","?","?","M","M","E","?","E","T","?","M","E","M","M","R","BOSS","M","M","M","?","M","R","E","R","T","E"],"build_version":"2019-07-01","purchased_purges":0,"victory":false,"max_hp_per_floor":[80,80,80,80,80,80,80,80,80,85,85,85,85,85,85,85,85,85,85,85,95,95,95,95,95,95,95],"card_choices":[{"not_picked":["Twin Strike","True Grit"],"picked":"Cleave","floor":1.0},{"not_picked":["Limit Break","Sentinel"],"picked":"Uppercut+1","floor":4.0},{"not_picked":["Warcry","Spot Weakness"],"picked":"Flex","floor":5.0},{"not_picked":["Second Wind","Bloodletting"],"picked":"Uppercut+1","floor":6.0},{"not_picked":["Intimidate","Clothesline+1"],"picked":"Armaments","floor":8.0},{"not_picked":["Clash+1","Armaments"],"picked":"Anger+1","floor":11.0},{"not_picked":["Pummel+1","Heavy Blade+1"],"picked":"Whirlwind+1","floor":12},{"not_picked":["Armaments","Dropkick+1"],"picked":"Uppercut+1","floor":13},{"not_picked":["Clash+1","Pommel Strike+1"],"picked":"Ghostly Armor","floor":14},{"not_picked":["Barricade","Reaper+1"],"picked":"Juggernaut","floor":16},{"not_picked":["Twin Strike+1","Fire Breathing"],"picked":"Combust","floor":18},{"not_picked":["Hemokinesis+1","Warcry"],"picked":"Rampage+1","floor":19},{"not_picked":["Wild Strike+1","Uppercut+1"],"picked":"Cleave+1","floor":20},{"not_picked":["Wild Strike+1","Clash+1"],"picked":"Anger+1","floor":22},{"not_picked":["Clash+1","Armaments"],"picked":"Corruption","floor":24}],"player_experience":79969,"relics_obtained":[{"floor":2.0,"key":"Molten Egg 2"},{"floor":6.0,"key":"Whetstone"},{"floor":8.0,"key":"Vajra"},{"floor":9.0,"key":"PreservedInsect"},{"floor":12,"key":"Bag of Preparation"},{"floor":24,"key":"Ancient Tea Set"},{"floor":24,"key":"Juzu Bracelet"},{"floor":26,"key":"Centennial Puzzle"}],"event_choices":[{"damage_healed":0.0,"max_hp_gain":0.0,"max_hp_loss":0.0,"gold_gain":0.0,"event_name":"Living Wall","player_choice":"Grow","floor":3.0,"gold_loss":0.0,"damage_taken":0.0,"cards_upgraded":["Madness"]},{"damage_healed":20.0,"max_hp_gain":0.0,"max_hp_loss":0.0,"gold_gain":0.0,"event_name":"The Cleric","player_choice":"Healed","floor":7.0,"gold_loss":35.0,"damage_taken":0.0},{"damage_healed":0.0,"max_hp_gain":5.0,"max_hp_loss":0.0,"gold_gain":0.0,"event_name":"Big Fish","player_choice":"Donut","floor":10.0,"gold_loss":0.0,"damage_taken":0.0},{"damage_healed":0,"gold_gain":0,"player_choice":"Opened","damage_taken":0,"relics_obtained":["Pear"],"max_hp_gain":0,"max_hp_loss":0,"event_name":"The Mausoleum","floor":21,"gold_loss":0,"cards_obtained":["Writhe"]}],"is_beta":false,"boss_relics":[{"not_picked":["Orrery","Runic Cube"],"picked":"Black Star"}],"items_purged_floors":[],"is_endless":false,"potions_floor_spawned":[1,6,8,13,16,19,20,24],"killed_by":"Book of Stabbing","ascension_level":0}