{"gold_per_floor":[114,129,99,118,136,136,147,147,147,147,182,33,67,67,67,141,141,157,175,175,191,204,204,204,204,228,256,270,270,163,163,163,235,235,247,261,45,59,75,75,108,108,154,164,175,175],"floor_reached":46,"playtime":6681,"items_purged":[],"score":819,"play_id":"7d12e5ba-db6e-4f76-8999-16c47cd9555b","local_time":"20190525105720","is_ascension_mode":true,"campfire_choices":[{"data":"Defragment","floor":6.0,"key":"SMITH"},{"data":"Streamline","floor":10.0,"key":"SMITH"},{"data":"Conserve Battery","floor":15.0,"key":"SMITH"},{"data":"Biased Cognition","floor":23.0,"key":"SMITH"},{"data":"Dualcast","floor":25.0,"key":"SMITH"},{"floor":32.0,"key":"REST"},{"floor":40,"key":"REST"},{"floor":42,"key":"REST"}],"neow_cost":"NONE","seed_source_timestamp":0,"circlet_count":0,"master_deck":["AscendersBane","Strike_B","Strike_B","Strike_B","Defend_B","Defend_B","Defend_B+1","Defend_B","Zap","Dualcast+1","Melter","Conserve Battery+1","Undo+1","Defragment+1","Streamline+1","Scrape+1","Streamline+1","Biased Cognition+1","Hologram+1","Chaos+1","Sweeping Beam+1","Stack+1","Seek","Hologram+1","Stack","Glacier","Consume","Decay","Core Surge+1","Go for the Eyes+1","FTL+1","Loop","Ball Lightning+1","Redo+1"],"special_seed":0,"relics":["Cracked Core","Pantograph","Molten Egg 2","Lantern","Happy Flower","Inserter","Centennial Puzzle","White Beast Statue","Boot","Blood Vial","Smiling Mask"],"potions_floor_usage":[41,44,44,44,45,45,46],"damage_taken":[{"damage":0.0,"enemies":"Cultist","floor":1.0,"turns":4.0},{"damage":6.0,"enemies":"2 Louse","floor":2.0,"turns":2.0},{"damage":2.0,"enemies":"Jaw Worm","floor":4.0,"turns":3.0},{"damage":3.0,"enemies":"Blue Slaver","floor":5.0,"turns":5.0},{"damage":18.0,"enemies":"Lots of Slimes","floor":7.0,"turns":5.0},{"damage":10.0,"enemies":"Lagavulin","floor":11.0,"turns":6.0},{"damage":3.0,"enemies":"Gremlin Nob","floor":13.0,"turns":3.0},{"damage":11.0,"enemies":"Hexaghost","floor":16.0,"turns":9.0},{"damage":0.0,"enemies":"Spheric Guardian","floor":18.0,"turns":3.0},{"damage":8.0,"enemies":"Shell Parasite","floor":19.0,"turns":5.0},{"damage":7.0,"enemies":"Centurion and Healer","floor":21.0,"turns":9.0},{"damage":5.0,"enemies":"Sentry and Sphere","floor":22.0,"turns":4.0},{"damage":54.0,"enemies":"Slavers","floor":27.0,"turns":6.0},{"damage":13.0,"enemies":"Chosen and Byrds","floor":28.0,"turns":6.0},{"damage":39.0,"enemies":"Collector","floor":33.0,"turns":21.0},{"damage":25.0,"enemies":"3 Darklings","floor":35.0,"turns":11.0},{"damage":7.0,"enemies":"Orb Walker","floor":36.0,"turns":4.0},{"damage":4.0,"enemies":"Sphere and 2 Shapes","floor":38.0,"turns":6.0},{"damage":11.0,"enemies":"3 Darklings","floor":39.0,"turns":9.0},{"damage":5,"enemies":"Nemesis","floor":41,"turns":8},{"damage":3,"enemies":"Spire Growth","floor":44,"turns":6},{"damage":25,"enemies":"Transient","floor":45,"turns":5},{"damage":36,"enemies":"Jaw Worm Horde","floor":46,"turns":3}],"seed_played":"4398859860158956824","potions_obtained":[{"floor":3.0,"key":"Fire Potion"},{"floor":3.0,"key":"GamblersBrew"},{"floor":7.0,"key":"PowerPotion"},{"floor":16.0,"key":"SkillPotion"},{"floor":19.0,"key":"Strength Potion"},{"floor":28.0,"key":"Block Potion"},{"floor":33.0,"key":"Explosive Potion"},{"floor":35.0,"key":"Strength Potion"},{"floor":38.0,"key":"Block Potion"},{"floor":41,"key":"EntropicBrew"},{"floor":44,"key":"SpeedPotion"},{"floor":45,"key":"Weak Potion"}],"is_trial":false,"path_per_floor":["M","M","?","M","M","R","M","$","T","R","E","$","E","?","R","B",null,"M","M","?","M","M","R","?","R","T","E","M","?","$","?","R","B",null,"M","M","$","M","M","R","E","R","T","M","M","M"],"character_chosen":"DEFECT","items_purchased":["Lantern","Glacier","Consume","Boot","Loop"],"campfire_rested":3,"item_purchase_floors":[12,30,30,37,37],"current_hp_per_floor":[71,65,65,63,60,60,42,42,42,42,32,32,29,13,13,27,65,65,57,57,50,45,45,71,71,71,17,4,4,4,4,27,13,62,37,30,30,26,15,38,33,56,56,55,32,0],"gold":175,"neow_bonus":"TEN_PERCENT_HP_BONUS","is_prod":false,"is_daily":false,"chose_seed":false,"campfire_upgraded":5,"win_rate":0,"timestamp":1558774640,"path_taken":["M","?","?","?","M","R","?","$","T","R","E","?","E","?","R","BOSS","M","M","?","?","M","R","?","R","T","E","M","?","?","?","R","BOSS","M","M","$","M","M","R","E","R","T","M","M","M"],"build_version":"2019-01-23","purchased_purges":0,"victory":false,"max_hp_per_floor":[78,78,78,78,78,78,78,78,78,78,78,78,78,78,78,78,78,78,78,78,78,78,78,78,78,78,78,78,78,78,78,78,78,78,78,78,78,78,78,78,78,78,78,78,78,78],"card_choices":[{"not_picked":["Hologram","Stack"],"picked":"Melter","floor":1.0},{"not_picked":["Sweeping Beam","Stack"],"picked":"Conserve Battery","floor":2.0},{"not_picked":["Fusion","Ball Lightning"],"picked":"Undo","floor":4.0},{"not_picked":["Gash","Barrage"],"picked":"Defragment","floor":5.0},{"not_picked":["Turbo","Compile Driver"],"picked":"Streamline","floor":7.0},{"not_picked":["Recycle","Lockon"],"picked":"Scrape","floor":11.0},{"not_picked":["Redo","Compile Driver+1"],"picked":"Streamline+1","floor":13.0},{"not_picked":["Amplify","Fission"],"picked":"Biased Cognition","floor":16.0},{"not_picked":["Streamline+1","Leap+1"],"picked":"Hologram+1","floor":18.0},{"not_picked":["Coolheaded","Leap"],"picked":"Chaos+1","floor":19.0},{"not_picked":["Gash+1","Sweeping Beam+1"],"picked":"Stack+1","floor":21.0},{"not_picked":["Streamline+1","Double Energy"],"picked":"Seek","floor":22.0},{"not_picked":["Barrage+1","Redo"],"picked":"Hologram+1","floor":27.0},{"not_picked":["Redo","Conserve Battery"],"picked":"Stack","floor":28.0},{"not_picked":["Multi-Cast","Reboot"],"picked":"Core Surge+1","floor":33.0},{"not_picked":["Sweeping Beam+1","Coolheaded"],"picked":"Go for the Eyes+1","floor":35.0},{"not_picked":["Steam+1","Steam Power+1"],"picked":"FTL+1","floor":36.0},{"not_picked":["Beam Cell+1","Rebound+1","Gash+1"],"picked":"SKIP","floor":38.0},{"not_picked":["Rebound+1","Amplify","Gash+1"],"picked":"SKIP","floor":39.0},{"not_picked":["Self Repair","Recycle+1"],"picked":"Ball Lightning+1","floor":41},{"not_picked":["Ball Lightning+1","Go for the Eyes+1"],"picked":"Redo+1","floor":44},{"not_picked":["Reprogram","Rebound+1","Static Discharge"],"picked":"SKIP","floor":45}],"player_experience":787931,"relics_obtained":[{"floor":9.0,"key":"Pantograph"},{"floor":11.0,"key":"Molten Egg 2"},{"floor":13.0,"key":"Happy Flower"},{"floor":27.0,"key":"Centennial Puzzle"},{"floor":41,"key":"Blood Vial"},{"floor":43,"key":"Smiling Mask"}],"event_choices":[{"damage_healed":0.0,"max_hp_gain":0.0,"max_hp_loss":0.0,"gold_gain":0.0,"event_name":"The Woman in Blue","player_choice":"Bought 2 Potions","floor":3.0,"gold_loss":0.0,"damage_taken":0.0},{"damage_healed":0.0,"max_hp_gain":0.0,"max_hp_loss":0.0,"gold_gain":0.0,"event_name":"Shining Light","player_choice":"Entered Light","floor":14.0,"gold_loss":0.0,"damage_taken":16.0,"cards_upgraded":["Undo","Defend_B"]},{"damage_healed":0.0,"max_hp_gain":0.0,"max_hp_loss":0.0,"gold_gain":0.0,"cards_transformed":["Strike_B"],"event_name":"Transmorgrifier","player_choice":"Transformed","floor":20.0,"gold_loss":0.0,"damage_taken":0.0,"cards_obtained":["Sweeping Beam"]},{"damage_healed":26.0,"max_hp_gain":0.0,"max_hp_loss":0.0,"gold_gain":0.0,"event_name":"The Library","player_choice":"Heal","floor":24.0,"gold_loss":0.0,"damage_taken":0.0},{"damage_healed":0.0,"max_hp_gain":0.0,"max_hp_loss":0.0,"gold_gain":0.0,"event_name":"Ghosts","player_choice":"Ignored","floor":29.0,"gold_loss":0.0,"damage_taken":0.0},{"damage_healed":0.0,"max_hp_gain":0.0,"max_hp_loss":0.0,"gold_gain":0.0,"event_name":"Forgotten Altar","player_choice":"Smashed Altar","floor":31.0,"gold_loss":0.0,"damage_taken":0.0,"cards_obtained":["Decay"]}],"is_beta":false,"boss_relics":[{"not_picked":["Ectoplasm","Cursed Key"],"picked":"Inserter"},{"not_picked":["Philosopher\u0027s Stone","Calling Bell"],"picked":"White Beast Statue"}],"items_purged_floors":[],"is_endless":false,"potions_floor_spawned":[7,16,19,28,33,35,36,38,39,41,44,45],"killed_by":"Jaw Worm Horde","ascension_level":14}