{"gold_per_floor":[114,114,132,155,3,3,44,69,69,103,103,117,117,140,140,260,260,281,281,294,294,306,306,318,318,318,318,318,336,354,373,373,474,474,489,107,207,207,224,224,238,338,338,350,374,406,437,11,11,11],"floor_reached":51,"playtime":8397,"items_purged":["Decay","Strike_B+1"],"score":944,"play_id":"e37c3681-809e-46f2-a2c5-3e1e48614f40","local_time":"20190701162454","is_ascension_mode":true,"campfire_choices":[{"data":"Coolheaded","floor":6.0,"key":"SMITH"},{"data":"Dualcast","floor":13.0,"key":"SMITH"},{"floor":15.0,"key":"REST"},{"data":"Coolheaded","floor":23.0,"key":"SMITH"},{"floor":28.0,"key":"REST"},{"floor":32.0,"key":"REST"},{"data":"Turbo","floor":40.0,"key":"SMITH"},{"data":"Defragment","floor":44.0,"key":"SMITH"},{"data":"Echo Form","floor":49,"key":"SMITH"}],"neow_cost":"NONE","seed_source_timestamp":0,"circlet_count":0,"master_deck":["Strike_B+1","Strike_B+1","Strike_B+1","Defend_B+1","Defend_B+1","Defend_B+1","Defend_B+1","Zap+1","Dualcast+1","Capacitor","Doom and Gloom","Coolheaded+1","Compile Driver","Coolheaded+1","Turbo+1","Undo","Echo Form+1","Hologram+1","Defragment+1","Chaos+1","White Noise","Defragment+1","Panache"],"special_seed":0,"relics":["Cracked Core","Bloody Idol","Anchor","Oddly Smooth Stone","PreservedInsect","Ornamental Fan","Odd Mushroom","Sozu","Letter Opener","Inserter","Emotion Chip","Thread and Needle","MawBank","Bronze Scales"],"potions_floor_usage":[50],"damage_taken":[{"damage":0.0,"enemies":"Small Slimes","floor":1.0,"turns":4.0},{"damage":2.0,"enemies":"Jaw Worm","floor":3.0,"turns":3.0},{"damage":1.0,"enemies":"2 Louse","floor":4.0,"turns":3.0},{"damage":16.0,"enemies":"Lagavulin","floor":7.0,"turns":7.0},{"damage":21.0,"enemies":"The Mushroom Lair","floor":10.0,"turns":5.0},{"damage":1.0,"enemies":"Exordium Thugs","floor":12.0,"turns":5.0},{"damage":0.0,"enemies":"Looter","floor":14.0,"turns":2.0},{"damage":0.0,"enemies":"Slime Boss","floor":16.0,"turns":8.0},{"damage":16.0,"enemies":"2 Thieves","floor":18.0,"turns":4.0},{"damage":0.0,"enemies":"Chosen","floor":20.0,"turns":5.0},{"damage":18.0,"enemies":"Colosseum Slavers","floor":21.0,"turns":5.0},{"damage":8.0,"enemies":"Shelled Parasite and Fungi","floor":22.0,"turns":8.0},{"damage":28.0,"enemies":"3 Cultists","floor":24.0,"turns":5.0},{"damage":5.0,"enemies":"Snake Plant","floor":29.0,"turns":5.0},{"damage":11.0,"enemies":"Centurion and Healer","floor":30.0,"turns":4.0},{"damage":10.0,"enemies":"3 Cultists","floor":31.0,"turns":5.0},{"damage":12.0,"enemies":"Champ","floor":33.0,"turns":10.0},{"damage":0.0,"enemies":"3 Shapes","floor":35.0,"turns":6.0},{"damage":0.0,"enemies":"Mind Bloom Boss Battle","floor":37.0,"turns":5.0},{"damage":0.0,"enemies":"3 Darklings","floor":39.0,"turns":5.0},{"damage":17.0,"enemies":"Jaw Worm Horde","floor":41.0,"turns":4.0},{"damage":21.0,"enemies":"4 Shapes","floor":45.0,"turns":5.0},{"damage":5,"enemies":"Transient","floor":46,"turns":5},{"damage":0,"enemies":"Jaw Worm Horde","floor":47,"turns":3},{"damage":13,"enemies":"Time Eater","floor":50,"turns":11}],"seed_played":"2690502450756310092","potions_obtained":[{"floor":4.0,"key":"SkillPotion"},{"floor":10.0,"key":"Block Potion"},{"floor":12.0,"key":"SteroidPotion"},{"floor":14.0,"key":"SteroidPotion"}],"is_trial":false,"path_per_floor":["M","?","M","M","$","R","E","T","T","?","?","M","R","M","R","B",null,"M","?","M","?","M","R","M","?","T","?","R","M","M","M","R","B",null,"M","$","?","?","M","R","M","?","T","R","M","M","M","$","R","B",null],"character_chosen":"DEFECT","items_purchased":["Anchor","Emotion Chip","Bronze Scales","Panache"],"campfire_rested":3,"item_purchase_floors":[5,36,48,48],"current_hp_per_floor":[68,68,66,65,65,65,49,49,49,28,28,27,27,27,49,49,69,53,53,58,40,37,37,14,14,14,14,36,36,30,25,47,40,66,71,71,75,75,75,75,63,68,68,73,59,64,74,75,75,62],"gold":11,"neow_bonus":"UPGRADE_CARD","is_prod":false,"is_daily":false,"chose_seed":false,"campfire_upgraded":6,"win_rate":0,"timestamp":1562012694,"path_taken":["M","?","M","M","$","R","E","?","T","?","?","M","R","?","R","BOSS","M","?","M","?","M","R","M","?","T","?","R","M","M","M","R","BOSS","M","?","?","?","M","R","M","?","T","R","M","?","M","$","R","BOSS"],"build_version":"2019-01-23","purchased_purges":2,"victory":true,"max_hp_per_floor":[75,75,75,75,75,75,75,75,75,75,75,75,75,75,75,75,75,75,75,75,75,75,75,75,75,75,75,75,75,75,75,75,75,75,75,75,75,75,75,75,75,75,75,75,75,75,75,75,75,75],"card_choices":[{"not_picked":["Stack","Rip and Tear"],"picked":"Capacitor","floor":1.0},{"not_picked":["Heatsinks","Skim"],"picked":"Doom and Gloom","floor":3.0},{"not_picked":["Blizzard","Barrage"],"picked":"Coolheaded","floor":4.0},{"not_picked":["Fusion","Sunder"],"picked":"Compile Driver","floor":7.0},{"not_picked":["Conserve Battery","Go for the Eyes"],"picked":"Coolheaded","floor":10.0},{"not_picked":["Beam Cell","Scrape"],"picked":"Turbo","floor":12.0},{"not_picked":["Self Repair","Doom and Gloom"],"picked":"Undo","floor":14.0},{"not_picked":["Electrodynamics","Seek"],"picked":"Echo Form","floor":16.0},{"not_picked":["Stack+1","Rip and Tear"],"picked":"Hologram+1","floor":18.0},{"not_picked":["Coolheaded","Sweeping Beam","Turbo"],"picked":"SKIP","floor":20.0},{"not_picked":["Blizzard","Hologram","Gash+1"],"picked":"SKIP","floor":22.0},{"not_picked":["Rebound","Auto Shields","Beam Cell"],"picked":"SKIP","floor":24.0},{"not_picked":["Storm","Melter"],"picked":"Defragment","floor":29.0},{"not_picked":["Melter+1","Scrape"],"picked":"Chaos+1","floor":30.0},{"not_picked":["Gash","Fusion+1"],"picked":"White Noise","floor":31.0},{"not_picked":["Gash+1","Rebound+1","Steam+1"],"picked":"SKIP","floor":35.0},{"not_picked":["Darkness+1","Hologram"],"picked":"Defragment+1","floor":37.0},{"not_picked":["Cold Snap","Rip and Tear","Rebound"],"picked":"SKIP","floor":39.0},{"not_picked":["Redo","Hologram","Turbo"],"picked":"SKIP","floor":41.0},{"not_picked":["Gash+1","Creative AI","Self Repair"],"picked":"SKIP","floor":45.0},{"not_picked":["Streamline","Beam Cell","Cold Snap+1"],"picked":"SKIP","floor":46},{"not_picked":["Capacitor","Leap+1","Stack+1"],"picked":"SKIP","floor":47}],"player_experience":486759,"relics_obtained":[{"floor":7.0,"key":"Oddly Smooth Stone"},{"floor":8.0,"key":"PreservedInsect"},{"floor":9.0,"key":"Ornamental Fan"},{"floor":10.0,"key":"Odd Mushroom"},{"floor":26.0,"key":"Letter Opener"},{"floor":37.0,"key":"Thread and Needle"},{"floor":43.0,"key":"MawBank"}],"event_choices":[{"damage_healed":0.0,"max_hp_gain":0.0,"max_hp_loss":0.0,"gold_gain":0.0,"event_name":"Golden Idol","player_choice":"Take Wound","floor":2.0,"gold_loss":0.0,"damage_taken":0.0,"relics_obtained":["Golden Idol"],"cards_obtained":["Injury"]},{"damage_healed":0.0,"max_hp_gain":0.0,"max_hp_loss":0.0,"gold_gain":0.0,"event_name":"Mushrooms","player_choice":"Fought Mushrooms","floor":10.0,"gold_loss":0.0,"damage_taken":0.0},{"cards_removed":["Injury"],"damage_healed":0.0,"max_hp_gain":0.0,"max_hp_loss":0.0,"gold_gain":0.0,"event_name":"Living Wall","player_choice":"Forget","floor":11.0,"gold_loss":0.0,"damage_taken":0.0},{"damage_healed":0.0,"max_hp_gain":0.0,"max_hp_loss":0.0,"gold_gain":0.0,"event_name":"Forgotten Altar","player_choice":"Gave Idol","floor":19.0,"relics_lost":["Golden Idol"],"gold_loss":0.0,"damage_taken":0.0,"relics_obtained":["Bloody Idol"]},{"damage_healed":0.0,"max_hp_gain":0.0,"max_hp_loss":0.0,"gold_gain":0.0,"event_name":"Colosseum","player_choice":"Fight","floor":21.0,"gold_loss":0.0,"damage_taken":0.0},{"damage_healed":0.0,"max_hp_gain":0.0,"max_hp_loss":0.0,"gold_gain":0.0,"event_name":"Colosseum","player_choice":"Fled From Nobs","floor":21.0,"gold_loss":0.0,"damage_taken":0.0},{"damage_healed":0.0,"max_hp_gain":0.0,"max_hp_loss":0.0,"gold_gain":0.0,"event_name":"Back to Basics","player_choice":"Simplicity","floor":25.0,"gold_loss":0.0,"damage_taken":0.0,"cards_upgraded":["Strike_B","Strike_B","Strike_B","Strike_B","Defend_B","Defend_B","Defend_B","Defend_B"]},{"damage_healed":0.0,"max_hp_gain":0.0,"max_hp_loss":0.0,"gold_gain":0.0,"event_name":"Wheel of Change","player_choice":"Cursed","floor":27.0,"gold_loss":0.0,"damage_taken":0.0,"cards_obtained":["Decay"]},{"damage_healed":0.0,"max_hp_gain":0.0,"max_hp_loss":0.0,"gold_gain":0.0,"event_name":"MindBloom","player_choice":"Fight","floor":37.0,"gold_loss":0.0,"damage_taken":0.0},{"damage_healed":0.0,"max_hp_gain":0.0,"max_hp_loss":0.0,"gold_gain":0.0,"event_name":"Tomb of Lord Red Mask","player_choice":"Ignored","floor":38.0,"gold_loss":0.0,"damage_taken":0.0},{"damage_healed":0.0,"max_hp_gain":0.0,"max_hp_loss":0.0,"gold_gain":100.0,"event_name":"Golden Shrine","player_choice":"Pray","floor":42.0,"gold_loss":0.0,"damage_taken":0.0}],"is_beta":false,"boss_relics":[{"not_picked":["Calling Bell","FrozenCore"],"picked":"Sozu"},{"not_picked":["Black Star","Fusion Hammer"],"picked":"Inserter"}],"items_purged_floors":[36,48],"is_endless":false,"potions_floor_spawned":[4,10,12,14,20,24,31,33,39,41,46,47],"ascension_level":9}