{"gold_per_floor":[116,129,147,167,117,145,145,178,178,178,188,188,24,44,44,142,142,153,172,172,191,207,207,207,238,313,57,57],"floor_reached":28,"playtime":2658,"items_purged":["Defend_B"],"score":363,"play_id":"9be30799-6cf5-497d-a626-ccbf0efbf0d5","local_time":"20190626084835","is_ascension_mode":true,"campfire_choices":[{"data":"Zap","floor":7,"key":"SMITH"},{"data":"White Noise","floor":12,"key":"SMITH"},{"floor":15,"key":"REST"},{"data":"Dualcast","floor":23,"key":"SMITH"}],"neow_cost":"NONE","seed_source_timestamp":1001988321965587,"circlet_count":0,"master_deck":["Strike_B","Defend_B","Defend_B","Defend_B","Zap+1","Dualcast+1","Sweeping Beam","White Noise+1","Chill","Go for the Eyes","Stack","Melter","Bandage Up","Machine Learning","Rebound+1","Meteor Strike","Beam Cell+1","Static Discharge+1","Fusion+1"],"relics":["Cracked Core","Incense Burner","Cables","Nuclear Battery","Nloth\u0027s Gift","Blood Vial","Molten Egg 2","Mummified Hand"],"potions_floor_usage":[6,8,14,16,19,25],"damage_taken":[{"damage":0,"enemies":"Small Slimes","floor":1,"turns":3},{"damage":4,"enemies":"Jaw Worm","floor":2,"turns":5},{"damage":0,"enemies":"Cultist","floor":3,"turns":3},{"damage":8,"enemies":"Blue Slaver","floor":4,"turns":6},{"damage":25,"enemies":"Lagavulin","floor":6,"turns":7},{"damage":5,"enemies":"3 Sentries","floor":8,"turns":7},{"damage":0,"enemies":"Red Slaver","floor":11,"turns":2},{"damage":4,"enemies":"Gremlin Gang","floor":14,"turns":2},{"damage":18,"enemies":"Slime Boss","floor":16,"turns":9},{"damage":0,"enemies":"Spheric Guardian","floor":18,"turns":1},{"damage":0,"enemies":"3 Byrds","floor":19,"turns":5},{"damage":25,"enemies":"Snake Plant","floor":21,"turns":4},{"damage":8,"enemies":"Centurion and Healer","floor":22,"turns":7},{"damage":46,"enemies":"Slavers","floor":25,"turns":5},{"damage":23,"enemies":"Snecko","floor":28,"turns":3}],"seed_played":"3763105885912828682","potions_obtained":[{"floor":2,"key":"SneckoOil"},{"floor":3,"key":"Explosive Potion"},{"floor":8,"key":"GamblersBrew"},{"floor":11,"key":"PowerPotion"},{"floor":18,"key":"FocusPotion"},{"floor":22,"key":"EssenceOfSteel"}],"is_trial":false,"path_per_floor":["M","M","M","M","?","E","R","E","T","?","M","R","$","M","R","B",null,"M","M","?","M","M","R","?","E","T","$","M"],"character_chosen":"DEFECT","items_purchased":["Bandage Up","Mummified Hand"],"campfire_rested":1,"item_purchase_floors":[13,27],"current_hp_per_floor":[68,64,64,56,56,31,31,26,26,26,26,26,26,26,48,34,65,69,73,73,52,48,48,48,6,6,6,0],"gold":57,"neow_bonus":"THREE_CARDS","is_prod":false,"is_daily":false,"chose_seed":false,"campfire_upgraded":3,"win_rate":0,"timestamp":1561510115,"path_taken":["M","M","M","M","?","E","R","E","T","?","?","R","$","M","R","BOSS","M","M","?","M","?","R","?","E","T","$","M"],"build_version":"2019-01-23","purchased_purges":1,"victory":false,"max_hp_per_floor":[75,75,75,75,75,75,75,75,75,75,75,75,75,75,75,75,75,75,75,75,75,75,75,75,75,75,75,75],"card_choices":[{"not_picked":["Steam","Go for the Eyes"],"picked":"Sweeping Beam","floor":0},{"not_picked":["Compile Driver","Streamline","Stack"],"picked":"SKIP","floor":1},{"not_picked":["Go for the Eyes","Hologram"],"picked":"White Noise","floor":2},{"not_picked":["Sweeping Beam","Turbo","Beam Cell"],"picked":"SKIP","floor":3},{"not_picked":["Compile Driver","Sweeping Beam","Hello World"],"picked":"SKIP","floor":4},{"not_picked":["Turbo","Barrage"],"picked":"Chill","floor":6},{"not_picked":["Compile Driver","Turbo"],"picked":"Go for the Eyes","floor":8},{"not_picked":["Streamline","Rebound"],"picked":"Melter","floor":11},{"not_picked":["Leap","Barrage","Stack"],"picked":"SKIP","floor":14},{"not_picked":["Reboot","All For One"],"picked":"Machine Learning","floor":16},{"not_picked":["Gash+1","Steam Power"],"picked":"Rebound+1","floor":18},{"not_picked":["Ball Lightning","Cold Snap","Lockon"],"picked":"SKIP","floor":19},{"not_picked":["Tempest","Leap"],"picked":"Beam Cell+1","floor":21},{"not_picked":["Tempest","Ball Lightning"],"picked":"Static Discharge+1","floor":22},{"not_picked":["Skim","Beam Cell+1"],"picked":"Fusion+1","floor":25}],"player_experience":1044499,"relics_obtained":[{"floor":6,"key":"Incense Burner"},{"floor":8,"key":"Cables"},{"floor":9,"key":"Darkstone Periapt"},{"floor":25,"key":"Blood Vial"},{"floor":26,"key":"Molten Egg 2"}],"event_choices":[{"cards_removed":["Strike_B"],"damage_healed":0,"gold_gain":0,"player_choice":"Card Removal","damage_taken":0,"max_hp_gain":0,"max_hp_loss":0,"event_name":"The Cleric","floor":5,"gold_loss":50},{"damage_healed":0,"gold_gain":0,"cards_transformed":["Strike_B"],"player_choice":"Transformed","damage_taken":0,"max_hp_gain":0,"max_hp_loss":0,"event_name":"Transmorgrifier","floor":10,"gold_loss":0,"cards_obtained":["Stack"]},{"damage_healed":0,"gold_gain":0,"cards_transformed":["Strike_B"],"player_choice":"Transformed","damage_taken":0,"max_hp_gain":0,"max_hp_loss":0,"event_name":"Transmorgrifier","floor":20,"gold_loss":0,"cards_obtained":["Meteor Strike"]},{"damage_healed":0,"gold_gain":0,"player_choice":"Traded Relic","damage_taken":0,"relics_obtained":["Nloth\u0027s Gift"],"max_hp_gain":0,"max_hp_loss":0,"event_name":"N\u0027loth","floor":24,"relics_lost":["Darkstone Periapt"],"gold_loss":0}],"is_beta":false,"boss_relics":[{"not_picked":["Empty Cage","Calling Bell"],"picked":"Nuclear Battery"}],"items_purged_floors":[13],"is_endless":false,"potions_floor_spawned":[2,3,8,11,18,22],"killed_by":"Snecko","ascension_level":9}