{"gold_per_floor":[115,115,131,131,147,172,188,214,214,237,249,261,284,313,325,441,453,476,488,516,528,555,567,597,609,621,633,645,657,680,692,704,716],"floor_reached":33,"playtime":6801,"items_purged":[],"score":259,"play_id":"56b885b5-d7b9-4ec6-822b-a88441ad2481","local_time":"20190611113412","is_ascension_mode":false,"campfire_choices":[{"data":"Redo","floor":11,"key":"SMITH"},{"floor":15,"key":"REST"},{"floor":23,"key":"REST"},{"floor":25,"key":"REST"},{"data":"Zap","floor":27,"key":"SMITH"},{"data":"Coolheaded","floor":32,"key":"SMITH"}],"neow_cost":"NONE","seed_source_timestamp":324537718616347,"circlet_count":0,"master_deck":["Strike_B","Defend_B","Defend_B","Defend_B","Zap+1","Dualcast+1","Sweeping Beam+1","Capacitor","Ball Lightning","Leap","Ball Lightning","Redo+1","Coolheaded+1","Coolheaded","Rainbow","RitualDagger","Barrage+1"],"relics":["Cracked Core","NeowsBlessing","Happy Flower","Bag of Marbles","MawBank","Empty Cage","Sundial","Dodecahedron"],"potions_floor_usage":[16,16,33,33],"damage_taken":[{"damage":0,"enemies":"Jaw Worm","floor":1,"turns":1},{"damage":0,"enemies":"2 Louse","floor":3,"turns":1},{"damage":0,"enemies":"Cultist","floor":5,"turns":1},{"damage":34,"enemies":"Gremlin Nob","floor":6,"turns":4},{"damage":1,"enemies":"Looter","floor":7,"turns":2},{"damage":21,"enemies":"3 Sentries","floor":8,"turns":6},{"damage":0,"enemies":"2 Fungi Beasts","floor":10,"turns":2},{"damage":2,"enemies":"Large Slime","floor":13,"turns":4},{"damage":2,"enemies":"Blue Slaver","floor":14,"turns":2},{"damage":21,"enemies":"The Guardian","floor":16,"turns":9},{"damage":19,"enemies":"2 Thieves","floor":18,"turns":3},{"damage":18,"enemies":"Chosen","floor":20,"turns":5},{"damage":19,"enemies":"Snecko","floor":22,"turns":4},{"damage":8,"enemies":"Chosen and Byrds","floor":24,"turns":4},{"damage":3,"enemies":"Colosseum Slavers","floor":29,"turns":2},{"damage":2,"enemies":"Snake Plant","floor":30,"turns":3},{"damage":53,"enemies":"Automaton","floor":33,"turns":6}],"seed_played":"5905862392107971609","potions_obtained":[{"floor":5,"key":"LiquidBronze"},{"floor":6,"key":"Explosive Potion"},{"floor":10,"key":"Poison Potion"},{"floor":16,"key":"Fire Potion"},{"floor":22,"key":"PowerPotion"}],"is_trial":false,"path_per_floor":["M","?","M","?","M","E","M","E","T","M","R","?","M","M","R","B",null,"M","?","M","?","M","R","M","R","T","R","?","?","M","T","R","B"],"character_chosen":"DEFECT","items_purchased":[],"campfire_rested":3,"item_purchase_floors":[],"current_hp_per_floor":[75,80,80,80,80,46,45,24,24,24,24,8,6,4,28,7,80,61,55,37,22,3,28,20,45,45,45,45,42,40,40,40,0],"gold":716,"neow_bonus":"THREE_ENEMY_KILL","is_prod":false,"is_daily":false,"chose_seed":false,"campfire_upgraded":3,"win_rate":0.0,"timestamp":1560267252,"path_taken":["M","?","M","?","?","E","M","E","T","M","R","?","M","M","R","BOSS","M","?","M","?","M","R","M","R","T","R","?","?","M","?","R","BOSS"],"build_version":"2019-01-23","purchased_purges":0,"victory":false,"max_hp_per_floor":[75,80,80,80,80,80,80,80,80,80,80,80,80,80,80,80,80,80,80,80,85,85,85,85,85,85,85,85,85,85,85,85,85],"card_choices":[{"not_picked":["Go for the Eyes","Steam"],"picked":"Sweeping Beam","floor":1},{"not_picked":["Gash","Coolheaded"],"picked":"Capacitor","floor":3},{"not_picked":["Stack","Redo"],"picked":"Ball Lightning","floor":5},{"not_picked":["Sweeping Beam","Reinforced Body"],"picked":"Leap","floor":6},{"not_picked":["Chill","Hologram","Scrape"],"picked":"SKIP","floor":7},{"not_picked":["Compile Driver","Capacitor"],"picked":"Ball Lightning","floor":8},{"not_picked":["Tempest","Sweeping Beam"],"picked":"Redo","floor":10},{"not_picked":["Double Energy","Hello World"],"picked":"Coolheaded","floor":13},{"not_picked":["Leap","Hologram"],"picked":"Coolheaded","floor":14},{"not_picked":["Buffer","Seek"],"picked":"Rainbow","floor":16},{"not_picked":["Stack","Go for the Eyes","Streamline"],"picked":"SKIP","floor":18},{"not_picked":["Doom and Gloom","FTL+1"],"picked":"Barrage+1","floor":20},{"not_picked":["Skim","Ball Lightning","Tempest+1"],"picked":"SKIP","floor":22},{"not_picked":["Gash","Leap","Chill"],"picked":"SKIP","floor":24},{"not_picked":["Sweeping Beam","Hologram","Self Repair"],"picked":"SKIP","floor":30}],"player_experience":286849,"relics_obtained":[{"floor":6,"key":"Happy Flower"},{"floor":8,"key":"Bag of Marbles"},{"floor":9,"key":"MawBank"},{"floor":26,"key":"Sundial"},{"floor":31,"key":"Dodecahedron"}],"event_choices":[{"damage_healed":0,"gold_gain":0,"player_choice":"Donut","damage_taken":0,"max_hp_gain":5,"max_hp_loss":0,"event_name":"Big Fish","floor":2,"gold_loss":0},{"cards_removed":["Strike_B"],"damage_healed":0,"gold_gain":0,"player_choice":"Purged","damage_taken":0,"max_hp_gain":0,"max_hp_loss":0,"event_name":"Purifier","floor":4,"gold_loss":0},{"damage_healed":0,"gold_gain":0,"player_choice":"Entered Light","damage_taken":16,"max_hp_gain":0,"max_hp_loss":0,"event_name":"Shining Light","floor":12,"gold_loss":0,"cards_upgraded":["Dualcast","Sweeping Beam"]},{"damage_healed":0,"gold_gain":0,"player_choice":"Joined the Cult","damage_taken":6,"max_hp_gain":0,"max_hp_loss":0,"event_name":"Nest","floor":19,"gold_loss":0,"cards_obtained":["RitualDagger"]},{"damage_healed":0,"gold_gain":0,"player_choice":"Shed Blood","damage_taken":20,"max_hp_gain":5,"max_hp_loss":0,"event_name":"Forgotten Altar","floor":21,"gold_loss":0},{"cards_removed":["Strike_B"],"damage_healed":0,"gold_gain":0,"player_choice":"Elegance","damage_taken":0,"max_hp_gain":0,"max_hp_loss":0,"event_name":"Back to Basics","floor":28,"gold_loss":0},{"damage_healed":0,"gold_gain":0,"player_choice":"Fight","damage_taken":0,"max_hp_gain":0,"max_hp_loss":0,"event_name":"Colosseum","floor":29,"gold_loss":0},{"damage_healed":0,"gold_gain":0,"player_choice":"Fled From Nobs","damage_taken":0,"max_hp_gain":0,"max_hp_loss":0,"event_name":"Colosseum","floor":29,"gold_loss":0}],"is_beta":false,"boss_relics":[{"not_picked":["Snecko Eye","Tiny House"],"picked":"Empty Cage"}],"items_purged_floors":[],"is_endless":false,"potions_floor_spawned":[5,6,10,14,16,22,29,30],"killed_by":"Automaton","ascension_level":0}