{"gold_per_floor":[115,115,40,115,130,165,180,196,196,230,230],"floor_reached":11,"playtime":667,"items_purged":["Regret"],"score":83,"play_id":"c8aa08b7-378d-410b-8d69-95f988c3a8b9","local_time":"20190705115219","is_ascension_mode":false,"campfire_choices":[],"neow_cost":"NONE","seed_source_timestamp":155442031370495,"circlet_count":0,"master_deck":["Strike_B","Strike_B","Strike_B","Strike_B","Defend_B","Defend_B","Defend_B","Defend_B","Zap","Dualcast","Panacea","Go for the Eyes","FTL","Lockon","Tempest","Hologram","Thunder Strike"],"relics":["Cracked Core","Nunchaku","Mercury Hourglass","Letter Opener","Sundial"],"potions_floor_usage":[6,10,11],"damage_taken":[{"damage":0,"enemies":"Cultist","floor":1,"turns":3},{"damage":6,"enemies":"Jaw Worm","floor":5,"turns":3},{"damage":21,"enemies":"Lagavulin","floor":6,"turns":7},{"damage":0,"enemies":"2 Louse","floor":7,"turns":1},{"damage":0,"enemies":"Blue Slaver","floor":8,"turns":2},{"damage":24,"enemies":"3 Sentries","floor":10,"turns":3},{"damage":15,"enemies":"Gremlin Gang","floor":11,"turns":2}],"seed_played":"580840839690063784","potions_obtained":[{"floor":5,"key":"FearPotion"},{"floor":8,"key":"AttackPotion"},{"floor":10,"key":"Weak Potion"}],"is_trial":false,"path_per_floor":["M","?","$","?","M","E","M","M","T","E","M"],"character_chosen":"DEFECT","items_purchased":[],"campfire_rested":0,"item_purchase_floors":[],"current_hp_per_floor":[75,75,75,64,58,37,37,37,37,13,0],"gold":230,"neow_bonus":"RANDOM_COLORLESS","is_prod":false,"is_daily":false,"chose_seed":false,"campfire_upgraded":0,"win_rate":0.0,"timestamp":1562291539,"path_taken":["M","?","$","?","M","E","M","M","T","E","M"],"build_version":"2019-07-01","purchased_purges":1,"victory":false,"max_hp_per_floor":[75,75,75,75,75,75,75,75,75,75,75],"card_choices":[{"not_picked":["Coolheaded","Turbo"],"picked":"Go for the Eyes","floor":1},{"not_picked":["Double Energy","Steam"],"picked":"FTL","floor":5},{"not_picked":["Steam Power","Leap"],"picked":"Lockon","floor":6},{"not_picked":["Conserve Battery","Doom and Gloom"],"picked":"Tempest","floor":7},{"not_picked":["Streamline","Go for the Eyes"],"picked":"Hologram","floor":8},{"not_picked":["Hologram","Compile Driver"],"picked":"Thunder Strike","floor":10}],"player_experience":40082,"relics_obtained":[{"floor":6,"key":"Mercury Hourglass"},{"floor":9,"key":"Letter Opener"},{"floor":10,"key":"Sundial"}],"event_choices":[{"damage_healed":0,"gold_gain":0,"player_choice":"Box","damage_taken":0,"relics_obtained":["Nunchaku"],"max_hp_gain":0,"max_hp_loss":0,"event_name":"Big Fish","floor":2,"gold_loss":0,"cards_obtained":["Regret"]},{"damage_healed":0,"gold_gain":75,"player_choice":"Gather Gold","damage_taken":11,"max_hp_gain":0,"max_hp_loss":0,"event_name":"World of Goop","floor":4,"gold_loss":0}],"is_beta":false,"boss_relics":[],"items_purged_floors":[3],"is_endless":false,"potions_floor_spawned":[5,8,10],"killed_by":"Gremlin Gang","ascension_level":0}