{"gold_per_floor":[115,129,145,157,174,200,212,212,239,239,264,284,284,309,309,387,387,407,407,407,332,349,376,376,406,406,406,423,456,473,499,499,573,573,592,592,592,605,605],"floor_reached":39,"playtime":1634,"items_purged":[],"score":918,"play_id":"c43cace7-b871-42fd-8b52-019402a7baaf","local_time":"20190704222122","is_ascension_mode":true,"campfire_choices":[{"data":"Zap","floor":8,"key":"SMITH"},{"data":"Go for the Eyes","floor":13,"key":"SMITH"},{"floor":15,"key":"REST"},{"floor":24,"key":"REST"},{"floor":27,"key":"REST"},{"floor":32,"key":"REST"}],"neow_cost":"NONE","seed_source_timestamp":470598042147504,"circlet_count":0,"master_deck":["AscendersBane","Strike_B+1","Strike_B+1","Strike_B+1","Defend_B+1","Defend_B+1","Defend_B+1","Defend_B+1","Zap+1","Dualcast+1","Cold Snap","Ball Lightning","Go for the Eyes+1","Steam","Self Repair","Turbo","White Noise","Ball Lightning","Loop","Electrodynamics","Rebound","Rainbow","Ball Lightning","Ball Lightning","Cold Snap+1","Thunder Strike","Turbo+1","Madness","Madness","Go for the Eyes+1"],"relics":["Cracked Core","NeowsBlessing","Oddly Smooth Stone","Blood Vial","DataDisk","Art of War","Fusion Hammer","Lantern","Bronze Scales","Pantograph","Juzu Bracelet","Happy Flower","Velvet Choker"],"potions_floor_usage":[6,6,14,14,23,33,38],"damage_taken":[{"damage":0,"enemies":"Cultist","floor":1,"turns":1},{"damage":0,"enemies":"2 Louse","floor":2,"turns":1},{"damage":0,"enemies":"Jaw Worm","floor":3,"turns":1},{"damage":13,"enemies":"Exordium Wildlife","floor":4,"turns":4},{"damage":4,"enemies":"Looter","floor":5,"turns":3},{"damage":21,"enemies":"Gremlin Nob","floor":6,"turns":4},{"damage":9,"enemies":"Blue Slaver","floor":7,"turns":3},{"damage":0,"enemies":"2 Fungi Beasts","floor":12,"turns":3},{"damage":11,"enemies":"Lagavulin","floor":14,"turns":5},{"damage":19,"enemies":"The Guardian","floor":16,"turns":9},{"damage":36,"enemies":"2 Thieves","floor":18,"turns":4},{"damage":9,"enemies":"3 Byrds","floor":22,"turns":2},{"damage":18,"enemies":"Gremlin Leader","floor":23,"turns":5},{"damage":19,"enemies":"Slavers","floor":25,"turns":3},{"damage":0,"enemies":"Sentry and Sphere","floor":28,"turns":2},{"damage":0,"enemies":"Gremlin Leader","floor":29,"turns":6},{"damage":30,"enemies":"Snake Plant","floor":30,"turns":3},{"damage":27,"enemies":"Book of Stabbing","floor":31,"turns":4},{"damage":47,"enemies":"Champ","floor":33,"turns":13},{"damage":0,"enemies":"Orb Walker","floor":35,"turns":3},{"damage":40,"enemies":"3 Darklings","floor":38,"turns":4},{"damage":13,"enemies":"4 Shapes","floor":39,"turns":2}],"seed_played":"6884534956065967011","potions_obtained":[{"floor":2,"key":"GamblersBrew"},{"floor":4,"key":"SkillPotion"},{"floor":5,"key":"Weak Potion"},{"floor":6,"key":"EssenceOfSteel"},{"floor":7,"key":"SkillPotion"},{"floor":18,"key":"Energy Potion"},{"floor":25,"key":"Explosive Potion"},{"floor":31,"key":"Dexterity Potion"},{"floor":35,"key":"LiquidBronze"}],"is_trial":false,"path_per_floor":["M","M","M","M","M","E","M","R","T","?","T","M","R","E","R","B",null,"M","?","?","?","M","E","R","E","T","R","M","E","M","E","R","B",null,"M","?","?","M","M"],"character_chosen":"DEFECT","items_purchased":[],"campfire_rested":4,"item_purchase_floors":[],"current_hp_per_floor":[64,64,64,51,47,33,24,24,24,24,24,33,33,31,52,42,64,37,37,37,37,30,21,42,25,25,46,48,57,36,18,39,26,60,62,62,49,11,0],"gold":605,"neow_bonus":"THREE_ENEMY_KILL","is_prod":false,"is_daily":false,"chose_seed":false,"campfire_upgraded":2,"win_rate":0,"timestamp":1562250082,"path_taken":["M","M","M","?","?","E","M","R","T","?","?","M","R","E","R","BOSS","M","?","?","?","M","E","R","E","T","R","M","E","M","E","R","BOSS","M","?","?","M","M"],"build_version":"2019-07-01","purchased_purges":0,"victory":false,"max_hp_per_floor":[71,71,71,71,71,71,71,71,71,71,71,71,71,71,71,71,71,71,71,71,71,71,71,71,71,71,71,71,71,71,71,71,71,71,71,71,71,71,71],"card_choices":[{"not_picked":["Beam Cell","Ball Lightning"],"picked":"Cold Snap","floor":1},{"not_picked":["Fusion","Steam"],"picked":"Ball Lightning","floor":2},{"not_picked":["Barrage","Steam"],"picked":"Go for the Eyes","floor":3},{"not_picked":["Hologram","Storm"],"picked":"Steam","floor":4},{"not_picked":["Steam Power","Turbo"],"picked":"Self Repair","floor":5},{"not_picked":["Go for the Eyes","Static Discharge"],"picked":"Turbo","floor":6},{"not_picked":["Ball Lightning","Barrage"],"picked":"White Noise","floor":7},{"not_picked":["Barrage","Turbo"],"picked":"Ball Lightning","floor":12},{"not_picked":["Force Field","Beam Cell"],"picked":"Loop","floor":14},{"not_picked":["Seek","Echo Form"],"picked":"Electrodynamics","floor":16},{"not_picked":["Undo","Sweeping Beam"],"picked":"Rebound","floor":18},{"not_picked":["Stack","Sweeping Beam","Turbo"],"picked":"SKIP","floor":22},{"not_picked":["Sweeping Beam","Darkness"],"picked":"Rainbow","floor":23},{"not_picked":["Storm","Beam Cell"],"picked":"Ball Lightning","floor":25},{"not_picked":["Doom and Gloom","Go for the Eyes"],"picked":"Ball Lightning","floor":28},{"not_picked":["Ball Lightning","Heatsinks","Recycle"],"picked":"SKIP","floor":29},{"not_picked":["Ball Lightning","Conserve Battery"],"picked":"Cold Snap+1","floor":30},{"not_picked":["Reinforced Body","Sweeping Beam","Redo"],"picked":"SKIP","floor":31},{"not_picked":["Meteor Strike","All For One"],"picked":"Thunder Strike","floor":33},{"not_picked":["Go for the Eyes","Sunder+1"],"picked":"Turbo+1","floor":35},{"not_picked":["Ball Lightning","Stack"],"picked":"Go for the Eyes+1","floor":38}],"player_experience":1170271,"relics_obtained":[{"floor":6,"key":"Oddly Smooth Stone"},{"floor":9,"key":"Blood Vial"},{"floor":11,"key":"DataDisk"},{"floor":14,"key":"Art of War"},{"floor":23,"key":"Lantern"},{"floor":25,"key":"Bronze Scales"},{"floor":26,"key":"Pantograph"},{"floor":29,"key":"Juzu Bracelet"},{"floor":31,"key":"Happy Flower"}],"event_choices":[{"damage_healed":0,"gold_gain":0,"player_choice":"Grow","damage_taken":0,"max_hp_gain":0,"max_hp_loss":0,"event_name":"Living Wall","floor":10,"gold_loss":0,"cards_upgraded":["Dualcast"]},{"damage_healed":0,"gold_gain":0,"player_choice":"Ignored","damage_taken":0,"max_hp_gain":0,"max_hp_loss":0,"event_name":"The Mausoleum","floor":19,"gold_loss":0},{"damage_healed":0,"gold_gain":0,"player_choice":"Simplicity","damage_taken":0,"max_hp_gain":0,"max_hp_loss":0,"event_name":"Back to Basics","floor":20,"gold_loss":0,"cards_upgraded":["Strike_B","Strike_B","Strike_B","Strike_B","Defend_B","Defend_B","Defend_B","Defend_B"]},{"cards_removed":["Strike_B"],"damage_healed":0,"gold_gain":0,"player_choice":"Gave Gold","damage_taken":0,"max_hp_gain":0,"max_hp_loss":0,"event_name":"Beggar","floor":21,"gold_loss":75},{"damage_healed":0,"gold_gain":0,"player_choice":"Ignored","damage_taken":0,"max_hp_gain":0,"max_hp_loss":0,"event_name":"Tomb of Lord Red Mask","floor":36,"gold_loss":0},{"damage_healed":0,"gold_gain":0,"player_choice":"Embrace Madness","damage_taken":13,"max_hp_gain":0,"max_hp_loss":0,"event_name":"Winding Halls","floor":37,"gold_loss":0,"cards_obtained":["Madness","Madness"]}],"is_beta":false,"boss_relics":[{"not_picked":["Sozu","Runic Pyramid"],"picked":"Fusion Hammer"},{"not_picked":["Coffee Dripper","FrozenCore"],"picked":"Velvet Choker"}],"items_purged_floors":[],"is_endless":false,"potions_floor_spawned":[2,4,5,6,7,18,25,31,35],"killed_by":"4 Shapes","ascension_level":16}