{"gold_per_floor":[114,0,17,117,2,34,53,53,131,131,142,142,142,152,152,253,253,234,244,3,3],"floor_reached":21,"playtime":1972,"items_purged":[],"score":179,"play_id":"f863ea36-881d-4599-a5d9-03331165a92d","local_time":"20190630043558","is_ascension_mode":false,"campfire_choices":[{"data":"Armaments","floor":8,"key":"SMITH"},{"floor":10,"key":"REST"},{"floor":13,"key":"REST"},{"floor":15,"key":"REST"}],"neow_cost":"NONE","seed_source_timestamp":655105357398132,"circlet_count":0,"master_deck":["Strike_R","Strike_R","Defend_R","Defend_R","Defend_R","Defend_R","Bash","Offering","Armaments+1","Seeing Red","Cleave","Rupture","Rage","Fire Breathing","Clash","Seeing Red","Shockwave","Whirlwind","Barricade","Carnage+1","Power Through+1","Evolve+1","Rampage"],"relics":["Burning Blood","Vajra","Bottled Flame","Astrolabe","Molten Egg 2"],"potions_floor_usage":[14,16,19,21],"damage_taken":[{"damage":7,"enemies":"Cultist","floor":1,"turns":3},{"damage":17,"enemies":"Jaw Worm","floor":3,"turns":3},{"damage":46,"enemies":"Lagavulin","floor":6,"turns":8},{"damage":6,"enemies":"Small Slimes","floor":7,"turns":2},{"damage":22,"enemies":"Gremlin Gang","floor":11,"turns":5},{"damage":6,"enemies":"Looter","floor":14,"turns":3},{"damage":66,"enemies":"Hexaghost","floor":16,"turns":10},{"damage":21,"enemies":"2 Thieves","floor":18,"turns":4},{"damage":44,"enemies":"Spheric Guardian","floor":19,"turns":8},{"damage":27,"enemies":"Centurion and Healer","floor":21,"turns":12}],"seed_played":"2387835007109845264","potions_obtained":[{"floor":3,"key":"Swift Potion"},{"floor":14,"key":"Strength Potion"},{"floor":16,"key":"FearPotion"},{"floor":19,"key":"Explosive Potion"}],"is_trial":false,"path_per_floor":["M","$","M","?","$","E","M","R","T","R","M","$","R","M","R","B",null,"M","M","$","M"],"character_chosen":"IRONCLAD","items_purchased":["Seeing Red","Cleave","Rage","Fire Breathing","Molten Egg 2"],"campfire_rested":3,"item_purchase_floors":[2,2,5,5,20],"current_hp_per_floor":[79,79,68,68,68,28,28,28,28,52,36,36,60,60,80,20,80,65,27,27,0],"gold":3,"neow_bonus":"ONE_RANDOM_RARE_CARD","is_prod":false,"is_daily":false,"chose_seed":false,"campfire_upgraded":1,"win_rate":0.0,"timestamp":1561894558,"path_taken":["M","?","M","?","$","E","?","R","T","R","M","$","R","M","R","BOSS","M","M","$","?"],"build_version":"2019-01-23","purchased_purges":0,"victory":false,"max_hp_per_floor":[80,80,80,80,80,80,80,80,80,80,80,80,80,80,80,80,80,80,80,80,80],"card_choices":[{"not_picked":["Warcry","Shockwave"],"picked":"Armaments","floor":1},{"not_picked":["Cleave","Anger"],"picked":"Rupture","floor":3},{"not_picked":["Battle Trance","Sever Soul"],"picked":"Clash","floor":6},{"not_picked":["Hemokinesis","Thunderclap"],"picked":"Seeing Red","floor":7},{"not_picked":["Pommel Strike","Clothesline"],"picked":"Shockwave","floor":11},{"not_picked":["Havoc","Second Wind"],"picked":"Whirlwind","floor":14},{"not_picked":["Juggernaut","Berserk"],"picked":"Barricade","floor":16},{"not_picked":["Warcry","Pommel Strike"],"picked":"Rampage","floor":18},{"not_picked":["Rupture","Shrug It Off","Clothesline"],"picked":"SKIP","floor":19}],"player_experience":26263,"relics_obtained":[{"floor":6,"key":"Vajra"},{"floor":9,"key":"Bottled Flame"}],"event_choices":[{"damage_healed":0,"gold_gain":100,"player_choice":"Pray","damage_taken":0,"max_hp_gain":0,"max_hp_loss":0,"event_name":"Golden Shrine","floor":4,"gold_loss":0}],"is_beta":false,"boss_relics":[{"not_picked":["Runic Pyramid","Snecko Eye"],"picked":"Astrolabe"}],"items_purged_floors":[],"is_endless":false,"potions_floor_spawned":[3,14,16,19],"killed_by":"Centurion and Healer","ascension_level":0}