{"gold_per_floor":[112,112,112,37,56,56,87,87,112,89,89,164,183,196,196,317,317,317,317,8,8,8,8,8],"floor_reached":24,"playtime":717,"items_purged":["Strike_B"],"score":312,"play_id":"4d17d214-730d-4e01-bc17-1f57c6dbcb17","local_time":"20190625123510","is_ascension_mode":true,"campfire_choices":[{"data":"Zap","floor":6,"key":"SMITH"},{"data":"Dualcast","floor":11,"key":"SMITH"},{"data":"Loop","floor":15,"key":"SMITH"},{"data":"Defragment","floor":23,"key":"SMITH"}],"neow_cost":"NONE","seed_source_timestamp":931125627135267,"circlet_count":0,"master_deck":["Strike_B","Strike_B","Defend_B","Defend_B","Defend_B","Defend_B","Zap+1","Dualcast+1","Chill","Ball Lightning","Cold Snap","Loop+1","Buffer","Defragment+1"],"relics":["Cracked Core","NeowsBlessing","Golden Idol","Singing Bowl","Anchor","Ectoplasm","StoneCalendar"],"potions_floor_usage":[16,16],"damage_taken":[{"damage":0,"enemies":"Small Slimes","floor":1,"turns":1},{"damage":0,"enemies":"Jaw Worm","floor":5,"turns":1},{"damage":0,"enemies":"Gremlin Nob","floor":7,"turns":1},{"damage":0,"enemies":"2 Louse","floor":13,"turns":2},{"damage":0,"enemies":"Exordium Thugs","floor":14,"turns":4},{"damage":13,"enemies":"Hexaghost","floor":16,"turns":6},{"damage":0,"enemies":"Chosen","floor":18,"turns":4},{"damage":63,"enemies":"Book of Stabbing","floor":24,"turns":6}],"seed_played":"2034483133782537913","potions_obtained":[{"floor":1,"key":"SkillPotion"},{"floor":7,"key":"FearPotion"},{"floor":13,"key":"FocusPotion"}],"is_trial":false,"path_per_floor":["M","?","?","$","M","R","E","?","T","$","R","?","M","M","R","B",null,"M","?","$","?","$","R","E"],"character_chosen":"DEFECT","items_purchased":["Cold Snap","StoneCalendar"],"campfire_rested":0,"item_purchase_floors":[10,20],"current_hp_per_floor":[68,50,75,75,75,75,77,77,77,77,77,66,66,68,68,55,73,73,73,73,59,59,59,0],"gold":8,"neow_bonus":"THREE_ENEMY_KILL","is_prod":false,"is_daily":false,"chose_seed":false,"campfire_upgraded":4,"win_rate":0,"timestamp":1561437310,"path_taken":["M","?","?","$","?","R","E","?","T","?","R","?","M","M","R","BOSS","M","?","?","?","$","R","E"],"build_version":"2019-01-23","purchased_purges":1,"victory":false,"max_hp_per_floor":[75,75,75,75,75,75,77,77,77,77,77,77,77,79,79,79,79,79,79,79,79,79,79,79],"card_choices":[{"not_picked":["Beam Cell","Rip and Tear"],"picked":"Chill","floor":1},{"not_picked":["Hologram","Conserve Battery"],"picked":"Ball Lightning","floor":5},{"not_picked":["Redo","Rebound","Compile Driver"],"picked":"Singing Bowl","floor":7},{"not_picked":["Compile Driver","Blizzard"],"picked":"Loop","floor":13},{"not_picked":["Beam Cell","Compile Driver","Leap"],"picked":"Singing Bowl","floor":14},{"not_picked":["Seek","Thunder Strike"],"picked":"Buffer","floor":16},{"not_picked":["Coolheaded+1","Compile Driver+1"],"picked":"Defragment","floor":18}],"player_experience":1031177,"relics_obtained":[{"floor":7,"key":"Singing Bowl"},{"floor":9,"key":"Anchor"}],"event_choices":[{"damage_healed":0,"gold_gain":0,"player_choice":"Take Damage","damage_taken":18,"relics_obtained":["Golden Idol"],"max_hp_gain":0,"max_hp_loss":0,"event_name":"Golden Idol","floor":2,"gold_loss":0},{"damage_healed":25,"gold_gain":0,"player_choice":"Banana","damage_taken":0,"max_hp_gain":0,"max_hp_loss":0,"event_name":"Big Fish","floor":3,"gold_loss":0},{"damage_healed":0,"gold_gain":0,"player_choice":"Ignored","damage_taken":0,"max_hp_gain":0,"max_hp_loss":0,"event_name":"Liars Game","floor":8,"gold_loss":0},{"damage_healed":0,"gold_gain":75,"player_choice":"Gather Gold","damage_taken":11,"max_hp_gain":0,"max_hp_loss":0,"event_name":"World of Goop","floor":12,"gold_loss":0},{"cards_removed":["Strike_B"],"damage_healed":0,"gold_gain":0,"player_choice":"Purged","damage_taken":0,"max_hp_gain":0,"max_hp_loss":0,"event_name":"Purifier","floor":19,"gold_loss":0},{"damage_healed":0,"gold_gain":90,"player_choice":"GOLD ","damage_taken":14,"max_hp_gain":0,"max_hp_loss":0,"event_name":"Knowing Skull","floor":21,"potions_obtained":[],"gold_loss":0,"cards_obtained":[]}],"is_beta":false,"boss_relics":[{"not_picked":["Astrolabe","Runic Pyramid"],"picked":"Ectoplasm"}],"items_purged_floors":[4],"is_endless":false,"potions_floor_spawned":[1,7,13],"killed_by":"Book of Stabbing","ascension_level":9}