{"gold_per_floor":[116,116,116,132,151,180,180,251,306,306,341,153,166,166,166,166],"floor_reached":16,"playtime":704,"items_purged":["Strike_B"],"score":151,"play_id":"dc19d393-9e79-4227-83f2-b102d3de75d8","local_time":"20190628112806","is_ascension_mode":true,"campfire_choices":[{"floor":7,"key":"REST"},{"floor":10,"key":"REST"},{"floor":15,"key":"REST"}],"neow_cost":"NONE","seed_source_timestamp":36779203129831,"circlet_count":0,"master_deck":["Strike_B","Strike_B","Defend_B","Defend_B","Defend_B","Defend_B","Zap","Dualcast","Self Repair","Compile Driver","Echo Form","Gash","Sunder","Capacitor","FTL"],"relics":["Cracked Core","NeowsBlessing","Centennial Puzzle","Mercury Hourglass","Lantern","Bird Faced Urn"],"potions_floor_usage":[6],"damage_taken":[{"damage":0,"enemies":"Small Slimes","floor":1,"turns":1},{"damage":0,"enemies":"Jaw Worm","floor":4,"turns":1},{"damage":0,"enemies":"2 Louse","floor":5,"turns":1},{"damage":65,"enemies":"3 Sentries","floor":6,"turns":10},{"damage":42,"enemies":"Gremlin Nob","floor":11,"turns":5},{"damage":7,"enemies":"2 Fungi Beasts","floor":13,"turns":3},{"damage":49,"enemies":"Hexaghost","floor":16,"turns":8}],"seed_played":"1242056481923531778","potions_obtained":[{"floor":1,"key":"Strength Potion"},{"floor":6,"key":"SmokeBomb"},{"floor":11,"key":"FocusPotion"}],"is_trial":false,"path_per_floor":["M","?","?","M","M","E","R","T","T","R","E","$","M","?","R","B"],"character_chosen":"DEFECT","items_purchased":["Sunder","Capacitor"],"campfire_rested":3,"item_purchase_floors":[12,12],"current_hp_per_floor":[68,68,68,68,68,10,32,32,32,54,19,19,14,14,36,0],"gold":166,"neow_bonus":"THREE_ENEMY_KILL","is_prod":false,"is_daily":false,"chose_seed":false,"campfire_upgraded":0,"win_rate":0,"timestamp":1561735686,"path_taken":["M","?","?","?","M","E","R","?","T","R","E","$","M","?","R","BOSS"],"build_version":"2019-01-23","purchased_purges":1,"victory":false,"max_hp_per_floor":[75,75,75,75,75,75,75,75,75,75,75,75,75,75,75,75],"card_choices":[{"not_picked":["Steam","Turbo"],"picked":"Self Repair","floor":1},{"not_picked":["Storm","Redo","Barrage"],"picked":"SKIP","floor":4},{"not_picked":["Static Discharge","Aggregate"],"picked":"Compile Driver","floor":5},{"not_picked":["Go for the Eyes","Chill"],"picked":"Echo Form","floor":6},{"not_picked":["Blizzard","Stack"],"picked":"Gash","floor":11},{"not_picked":["Stack","Cold Snap"],"picked":"FTL","floor":13}],"player_experience":462769,"relics_obtained":[{"floor":6,"key":"Centennial Puzzle"},{"floor":8,"key":"Mercury Hourglass"},{"floor":9,"key":"Lantern"},{"floor":11,"key":"Bird Faced Urn"}],"event_choices":[{"damage_healed":0,"gold_gain":0,"player_choice":"Ignored","damage_taken":0,"max_hp_gain":0,"max_hp_loss":0,"event_name":"Liars Game","floor":2,"gold_loss":0},{"cards_removed":["Strike_B"],"damage_healed":0,"gold_gain":0,"player_choice":"Forget","damage_taken":0,"max_hp_gain":0,"max_hp_loss":0,"event_name":"Living Wall","floor":3,"gold_loss":0},{"damage_healed":0,"gold_gain":0,"player_choice":"Ignored","damage_taken":0,"max_hp_gain":0,"max_hp_loss":0,"event_name":"Shining Light","floor":14,"gold_loss":0}],"is_beta":false,"boss_relics":[],"items_purged_floors":[12],"is_endless":false,"potions_floor_spawned":[1,6,11],"killed_by":"Hexaghost","ascension_level":8}