{"gold_per_floor":[112,130,55,71,90,116,116,151,151,151,76,105,105,117,117,192,192,202,202,202,117,117,117,135,162,185,199,214,214,20,45,45,120,120,134,134,151,7,18,18,45,445,445,425,459,478,494,510,510,510],"floor_reached":51,"playtime":6638,"items_purged":["Strike_B"],"score":1266,"play_id":"d79eab2c-2716-4620-b03c-c3fd0766db3f","local_time":"20190703162259","is_ascension_mode":true,"campfire_choices":[{"data":"Zap","floor":7.0,"key":"SMITH"},{"floor":10.0,"key":"REST"},{"data":"Dualcast","floor":13.0,"key":"SMITH"},{"data":"Defragment","floor":15.0,"key":"SMITH"},{"floor":23.0,"key":"REST"},{"floor":29.0,"key":"REST"},{"floor":32.0,"key":"REST"},{"floor":40.0,"key":"RECALL"},{"floor":49,"key":"REST"}],"neow_cost":"NONE","seed_source_timestamp":0,"circlet_count":0,"master_deck":["AscendersBane","Defend_B","Defend_B","Defend_B","Defend_B","Zap+1","Dualcast+1","FTL","Steam","Sweeping Beam","Go for the Eyes+1","Go for the Eyes+1","Defragment+1","Cold Snap","Chaos","Electrodynamics","Turbo","Bite","Bite","Bite","Bite","Bite","Coolheaded","Heatsinks","Conserve Battery","Undo","Biased Cognition","Streamline+1","Ball Lightning+1","Thunder Strike","Glacier","Rebound+1"],"special_seed":0,"relics":["Cracked Core","Lantern","Art of War","Whetstone","Dodecahedron","Mummified Hand","Fusion Hammer","Enchiridion","Potion Belt","MutagenicStrength","Omamori","Centennial Puzzle","ClockworkSouvenir","Bag of Preparation","White Beast Statue","Vajra","Regal Pillow","Old Coin","Shuriken","Bag of Marbles"],"potions_floor_usage":[48,50,50,50,50,50],"damage_taken":[{"damage":0.0,"enemies":"Cultist","floor":1.0,"turns":4.0},{"damage":0.0,"enemies":"Small Slimes","floor":2.0,"turns":3.0},{"damage":2.0,"enemies":"2 Louse","floor":4.0,"turns":3.0},{"damage":4.0,"enemies":"Blue Slaver","floor":5.0,"turns":2.0},{"damage":23.0,"enemies":"Gremlin Nob","floor":6.0,"turns":4.0},{"damage":12.0,"enemies":"Lagavulin","floor":8.0,"turns":6.0},{"damage":12.0,"enemies":"3 Sentries","floor":12.0,"turns":7.0},{"damage":0.0,"enemies":"Looter","floor":14.0,"turns":2.0},{"damage":29.0,"enemies":"Slime Boss","floor":16.0,"turns":9.0},{"damage":0.0,"enemies":"Shell Parasite","floor":18.0,"turns":7.0},{"damage":12.0,"enemies":"3 Byrds","floor":24.0,"turns":4.0},{"damage":29.0,"enemies":"Slavers","floor":25.0,"turns":3.0},{"damage":12.0,"enemies":"Cultist and Chosen","floor":27.0,"turns":6.0},{"damage":3.0,"enemies":"Sentry and Sphere","floor":28.0,"turns":4.0},{"damage":42.0,"enemies":"Collector","floor":33.0,"turns":12.0},{"damage":3.0,"enemies":"3 Shapes","floor":35.0,"turns":3.0},{"damage":0.0,"enemies":"Orb Walker","floor":37.0,"turns":2.0},{"damage":0.0,"enemies":"Writhing Mass","floor":39.0,"turns":4.0},{"damage":33.0,"enemies":"Giant Head","floor":41.0,"turns":9.0},{"damage":3.0,"enemies":"Mind Bloom Boss Battle","floor":42.0,"turns":4.0},{"damage":17.0,"enemies":"Nemesis","floor":45.0,"turns":5.0},{"damage":0.0,"enemies":"Sphere and 2 Shapes","floor":46.0,"turns":2.0},{"damage":9.0,"enemies":"4 Shapes","floor":47.0,"turns":3.0},{"damage":0,"enemies":"3 Darklings","floor":48,"turns":1},{"damage":35,"enemies":"Time Eater","floor":50,"turns":7}],"seed_played":"3783633465902832823","potions_obtained":[{"floor":1.0,"key":"SpeedPotion"},{"floor":2.0,"key":"EssenceOfSteel"},{"floor":5.0,"key":"PowerPotion"},{"floor":8.0,"key":"Block Potion"},{"floor":16.0,"key":"LiquidBronze"},{"floor":27.0,"key":"Block Potion"},{"floor":28.0,"key":"SkillPotion"},{"floor":33.0,"key":"Swift Potion"},{"floor":35.0,"key":"EntropicBrew"},{"floor":37.0,"key":"SkillPotion"},{"floor":39.0,"key":"Strength Potion"},{"floor":41.0,"key":"SteroidPotion"},{"floor":42.0,"key":"Strength Potion"},{"floor":44.0,"key":"FairyPotion"},{"floor":45.0,"key":"Weak Potion"},{"floor":46.0,"key":"AttackPotion"},{"floor":47.0,"key":"AttackPotion"},{"floor":48,"key":"Weak Potion"}],"is_trial":false,"path_per_floor":["M","M","$","M","M","E","R","E","T","R","?","E","R","M","R","B",null,"M","?","?","?","?","R","M","E","T","M","M","R","$","T","R","B",null,"M","?","M","$","M","R","E","?","T","?","E","M","M","M","R","B",null],"character_chosen":"DEFECT","items_purchased":["ClockworkSouvenir","Vajra"],"campfire_rested":5,"item_purchase_floors":[30,38],"current_hp_per_floor":[64,64,64,62,58,35,35,23,23,44,44,32,32,32,32,3,54,54,33,33,33,33,47,43,22,22,22,25,39,39,39,49,23,43,49,49,49,49,49,49,20,27,27,27,24,28,25,27,49,18],"gold":510,"neow_bonus":"RANDOM_COMMON_RELIC","is_prod":false,"is_daily":false,"chose_seed":false,"campfire_upgraded":3,"win_rate":0,"timestamp":1562142179,"path_taken":["M","M","?","M","?","E","R","E","T","R","?","E","R","M","R","BOSS","M","?","?","?","?","R","M","E","T","M","M","R","$","?","R","BOSS","M","?","M","$","M","R","E","?","T","?","E","?","M","M","R","BOSS"],"build_version":"2019-07-01","purchased_purges":1,"victory":true,"max_hp_per_floor":[71,71,71,71,71,71,71,71,71,71,71,71,71,71,71,71,71,71,71,49,49,49,49,49,49,49,49,49,49,49,49,49,49,49,49,49,49,49,49,49,49,49,49,49,49,49,49,49,49,49],"card_choices":[{"not_picked":["Redo","Leap"],"picked":"FTL","floor":1.0},{"not_picked":["Hello World","Aggregate"],"picked":"Steam","floor":2.0},{"not_picked":["Hologram","Steam"],"picked":"Sweeping Beam","floor":4.0},{"not_picked":["Hologram","Streamline"],"picked":"Go for the Eyes","floor":5.0},{"not_picked":["Fission","Aggregate"],"picked":"Go for the Eyes","floor":6.0},{"not_picked":["Glacier","Ball Lightning"],"picked":"Defragment","floor":8.0},{"not_picked":["Streamline","Steam"],"picked":"Cold Snap","floor":12.0},{"not_picked":["Blizzard","Darkness"],"picked":"Chaos","floor":14.0},{"not_picked":["Hyperbeam","Amplify"],"picked":"Electrodynamics","floor":16.0},{"not_picked":["Blizzard","Go for the Eyes"],"picked":"Turbo","floor":18.0},{"not_picked":["Barrage","Scrape"],"picked":"Coolheaded","floor":24.0},{"not_picked":["Redo","Auto Shields"],"picked":"Heatsinks","floor":25.0},{"not_picked":["Sweeping Beam","Leap"],"picked":"Conserve Battery","floor":27.0},{"not_picked":["Turbo","Streamline"],"picked":"Undo","floor":28.0},{"not_picked":["Machine Learning","Multi-Cast"],"picked":"Biased Cognition","floor":33.0},{"not_picked":["Compile Driver","Sweeping Beam+1"],"picked":"Streamline+1","floor":35.0},{"not_picked":["Cold Snap","Rebound","Turbo"],"picked":"SKIP","floor":37.0},{"not_picked":["Sweeping Beam","Hologram"],"picked":"Ball Lightning+1","floor":39.0},{"not_picked":["Go for the Eyes","Gash","Ball Lightning"],"picked":"SKIP","floor":41.0},{"not_picked":["Ball Lightning+1","Gash"],"picked":"Thunder Strike","floor":42.0},{"not_picked":["Go for the Eyes+1","Streamline+1"],"picked":"Glacier","floor":45.0},{"not_picked":["Multi-Cast","Go for the Eyes","Recycle"],"picked":"SKIP","floor":46.0},{"not_picked":["Undo+1","Fusion"],"picked":"Rebound+1","floor":47.0},{"not_picked":["Barrage","Go for the Eyes","Stack"],"picked":"SKIP","floor":48}],"player_experience":1147861,"relics_obtained":[{"floor":6.0,"key":"Art of War"},{"floor":8.0,"key":"Whetstone"},{"floor":9.0,"key":"Dodecahedron"},{"floor":12.0,"key":"Mummified Hand"},{"floor":19.0,"key":"Enchiridion"},{"floor":25.0,"key":"Omamori"},{"floor":26.0,"key":"Centennial Puzzle"},{"floor":31.0,"key":"Bag of Preparation"},{"floor":41.0,"key":"Regal Pillow"},{"floor":42.0,"key":"Old Coin"},{"floor":43.0,"key":"Shuriken"},{"floor":45.0,"key":"Bag of Marbles"}],"event_choices":[{"cards_removed":["Strike_B"],"damage_healed":0.0,"max_hp_gain":0.0,"max_hp_loss":0.0,"gold_gain":0.0,"event_name":"The Cleric","player_choice":"Card Removal","floor":11.0,"gold_loss":75.0,"damage_taken":0.0},{"damage_healed":0.0,"max_hp_gain":0.0,"max_hp_loss":0.0,"gold_gain":0.0,"event_name":"Cursed Tome","player_choice":"Obtained Book","floor":19.0,"gold_loss":0.0,"damage_taken":21.0},{"damage_healed":0.0,"max_hp_gain":0.0,"max_hp_loss":22.0,"gold_gain":0.0,"event_name":"Vampires","player_choice":"Became a vampire","floor":20.0,"gold_loss":0.0,"damage_taken":0.0,"cards_obtained":["Bite","Bite","Bite","Bite","Bite"]},{"damage_healed":0.0,"max_hp_gain":0.0,"max_hp_loss":0.0,"gold_gain":0.0,"event_name":"Addict","player_choice":"Obtained Relic","floor":21.0,"gold_loss":85.0,"damage_taken":0.0,"relics_obtained":["Potion Belt"]},{"damage_healed":0.0,"max_hp_gain":0.0,"max_hp_loss":0.0,"gold_gain":0.0,"event_name":"Drug Dealer","player_choice":"Inject Mutagens","floor":22.0,"gold_loss":0.0,"damage_taken":0.0,"relics_obtained":["MutagenicStrength"]},{"damage_healed":0.0,"max_hp_gain":0.0,"max_hp_loss":0.0,"gold_gain":0.0,"event_name":"SensoryStone","player_choice":"Memory 1","floor":36.0,"gold_loss":0.0,"damage_taken":0.0},{"damage_healed":0.0,"max_hp_gain":0.0,"max_hp_loss":0.0,"gold_gain":0.0,"event_name":"MindBloom","player_choice":"Fight","floor":42.0,"gold_loss":0.0,"damage_taken":0.0},{"damage_healed":0.0,"max_hp_gain":0.0,"max_hp_loss":0.0,"gold_gain":0.0,"event_name":"The Woman in Blue","player_choice":"Bought 1 Potion","floor":44.0,"gold_loss":0.0,"damage_taken":0.0}],"is_beta":false,"boss_relics":[{"not_picked":["Pandora\u0027s Box","Orrery"],"picked":"Fusion Hammer"},{"not_picked":["Empty Cage","Runic Dome"],"picked":"White Beast Statue"}],"items_purged_floors":[3],"is_endless":false,"potions_floor_spawned":[1,2,5,8,16,27,28,33,35,37,39,41,42,45,46,47,48],"ascension_level":15}