{"gold_per_floor":[12,12,12,12,12,12,26,26,96,120,120,145,169,184,184,303,303,303,303,303,303,303,303,303,303,303,303,303,303,303,303,303,303],"floor_reached":33,"playtime":1908,"items_purged":[],"score":471,"play_id":"82df874e-475d-4d29-9c5d-b5135c753aa6","local_time":"20190626174511","is_ascension_mode":true,"campfire_choices":[{"data":"Zap","floor":6,"key":"SMITH"},{"data":"Double Energy","floor":8,"key":"SMITH"},{"data":"Dualcast","floor":15,"key":"SMITH"},{"data":"Glacier","floor":23,"key":"SMITH"},{"floor":28,"key":"REST"},{"data":"Go for the Eyes","floor":32,"key":"SMITH"}],"neow_cost":"NO_GOLD","seed_source_timestamp":1034944734696170,"circlet_count":0,"master_deck":["AscendersBane","Defend_B","Defend_B","Defend_B","Defend_B","Zap+1","Dualcast+1","Double Energy+1","Go for the Eyes+1","Conserve Battery","Glacier+1","Machine Learning","Cold Snap","Bite","Bite","Bite","Bite","Bite","Streamline+1","Steam+1","Double Energy+1","Seek+1","Sunder+1","Reboot+1"],"relics":["Cracked Core","StoneCalendar","Matryoshka","Golden Idol","Ornamental Fan","Blue Candle","Bronze Scales","Question Card","Ectoplasm","DataDisk","Toxic Egg 2","Omamori","PreservedInsect"],"potions_floor_usage":[24,24,30,33,33,33],"damage_taken":[{"damage":2,"enemies":"2 Louse","floor":1,"turns":3},{"damage":1,"enemies":"Cultist","floor":7,"turns":3},{"damage":3,"enemies":"Small Slimes","floor":10,"turns":3},{"damage":9,"enemies":"Looter","floor":12,"turns":3},{"damage":10,"enemies":"Lots of Slimes","floor":13,"turns":4},{"damage":1,"enemies":"Red Slaver","floor":14,"turns":4},{"damage":22,"enemies":"Slime Boss","floor":16,"turns":9},{"damage":7,"enemies":"Shell Parasite","floor":18,"turns":7},{"damage":9,"enemies":"Spheric Guardian","floor":21,"turns":6},{"damage":24,"enemies":"3 Cultists","floor":22,"turns":7},{"damage":31,"enemies":"Gremlin Leader","floor":24,"turns":9},{"damage":38,"enemies":"Book of Stabbing","floor":27,"turns":6},{"damage":0,"enemies":"Snecko","floor":29,"turns":5},{"damage":0,"enemies":"Cultist and Chosen","floor":30,"turns":5},{"damage":15,"enemies":"Gremlin Leader","floor":31,"turns":7},{"damage":89,"enemies":"Automaton","floor":33,"turns":10}],"seed_played":"-8439918530475818707","potions_obtained":[{"floor":7,"key":"SpeedPotion"},{"floor":12,"key":"SpeedPotion"},{"floor":13,"key":"FairyPotion"},{"floor":27,"key":"FocusPotion"},{"floor":29,"key":"Fire Potion"},{"floor":30,"key":"Regen Potion"},{"floor":31,"key":"Poison Potion"}],"is_trial":false,"path_per_floor":["M","?","?","?","$","R","M","R","T","M","T","M","M","M","R","B",null,"M","?","?","M","M","R","E","?","T","E","R","M","M","E","R","B"],"character_chosen":"DEFECT","items_purchased":[],"campfire_rested":1,"item_purchase_floors":[],"current_hp_per_floor":[66,63,63,63,63,63,62,62,62,59,59,50,40,39,39,17,56,49,48,48,45,31,31,26,26,26,6,20,32,44,43,43,0],"gold":303,"neow_bonus":"ONE_RARE_RELIC","is_prod":false,"is_daily":false,"chose_seed":false,"campfire_upgraded":5,"win_rate":0,"timestamp":1561542311,"path_taken":["M","?","?","?","?","R","M","R","T","?","?","M","M","M","R","BOSS","M","?","?","M","M","R","E","?","T","E","R","M","?","E","R","BOSS"],"build_version":"2019-01-23","purchased_purges":0,"victory":false,"max_hp_per_floor":[75,75,75,69,69,69,69,69,69,69,69,69,69,69,69,69,69,69,48,48,48,48,48,48,48,48,48,48,48,48,48,48,48],"card_choices":[{"not_picked":["Streamline","Rebound","Hello World"],"picked":"SKIP","floor":1},{"not_picked":["Compile Driver","Coolheaded"],"picked":"Double Energy","floor":7},{"not_picked":["Steam","Lockon"],"picked":"Go for the Eyes","floor":10},{"not_picked":["Scrape","Rebound","Melter"],"picked":"Conserve Battery","floor":12},{"not_picked":["Force Field","Meteor Strike","Steam","Rebound"],"picked":"SKIP","floor":13},{"not_picked":["Beam Cell","Self Repair","Barrage"],"picked":"Glacier","floor":14},{"not_picked":["Creative AI","Rainbow","Multi-Cast"],"picked":"Machine Learning","floor":16},{"not_picked":["Skim","Steam","Go for the Eyes"],"picked":"Cold Snap","floor":18},{"not_picked":["Ball Lightning","Hologram","Conserve Battery"],"picked":"Streamline+1","floor":21},{"not_picked":["Recycle","Storm","Rip and Tear"],"picked":"Steam+1","floor":22},{"not_picked":["Ball Lightning","Compile Driver","Skim"],"picked":"Double Energy+1","floor":24},{"not_picked":["Fusion+1","Barrage","Sweeping Beam"],"picked":"Seek+1","floor":27},{"not_picked":["Capacitor","Sweeping Beam","Go for the Eyes","Cold Snap"],"picked":"SKIP","floor":29},{"not_picked":["Gash","Rip and Tear","Redo+1"],"picked":"Sunder+1","floor":30},{"not_picked":["Reprogram+1","Doom and Gloom","Go for the Eyes"],"picked":"Reboot+1","floor":31}],"player_experience":1062316,"relics_obtained":[{"floor":9,"key":"Ornamental Fan"},{"floor":9,"key":"Blue Candle"},{"floor":11,"key":"Bronze Scales"},{"floor":11,"key":"Question Card"},{"floor":24,"key":"DataDisk"},{"floor":26,"key":"Toxic Egg 2"},{"floor":27,"key":"Omamori"},{"floor":31,"key":"PreservedInsect"}],"event_choices":[{"damage_healed":0,"gold_gain":0,"player_choice":"Success","damage_taken":3,"relics_obtained":["Matryoshka"],"max_hp_gain":0,"max_hp_loss":0,"event_name":"Scrap Ooze","floor":2,"gold_loss":0},{"damage_healed":0,"gold_gain":0,"player_choice":"Ignored","damage_taken":0,"max_hp_gain":0,"max_hp_loss":0,"event_name":"Liars Game","floor":3,"gold_loss":0},{"damage_healed":0,"gold_gain":0,"player_choice":"Lose Max HP","damage_taken":0,"relics_obtained":["Golden Idol"],"max_hp_gain":0,"max_hp_loss":6,"event_name":"Golden Idol","floor":4,"gold_loss":0},{"damage_healed":0,"gold_gain":0,"player_choice":"Became a vampire","damage_taken":0,"max_hp_gain":0,"max_hp_loss":21,"event_name":"Vampires","floor":19,"gold_loss":0,"cards_obtained":["Bite","Bite","Bite","Bite","Bite"]},{"damage_healed":0,"gold_gain":99,"player_choice":"Stole From Cult","damage_taken":0,"max_hp_gain":0,"max_hp_loss":0,"event_name":"Nest","floor":20,"gold_loss":0},{"damage_healed":0,"gold_gain":0,"player_choice":"Leave","damage_taken":0,"max_hp_gain":0,"max_hp_loss":0,"event_name":"FaceTrader","floor":25,"gold_loss":0}],"is_beta":false,"boss_relics":[{"not_picked":["Tiny House","Lizard Tail"],"picked":"Ectoplasm"}],"items_purged_floors":[],"is_endless":false,"potions_floor_spawned":[7,12,13,14,21,27,29,30,31],"killed_by":"Automaton","ascension_level":10}