{"gold_per_floor":[117,133,153,164,179,179,179,179,179,179,179,179,198,217,217,315,315,335,260,260,260,38,72,72,92,92,92,17,43,43,43,43,141,141,155,155,165,178,278,278,278,278,278,291,291,166,182,32,32,32],"floor_reached":50,"playtime":6755,"items_purged":["Strike_B","Strike_B","Pain","Strike_B"],"score":625,"play_id":"4e1e2a89-6151-422b-a1d9-3cb018c85a1e","local_time":"20190614103318","is_ascension_mode":true,"campfire_choices":[{"data":"Dualcast","floor":6.0,"key":"SMITH"},{"data":"Zap","floor":8.0,"key":"SMITH"},{"data":"Turbo","floor":10.0,"key":"SMITH"},{"data":"Melter","floor":12.0,"key":"SMITH"},{"data":"Steam","floor":15.0,"key":"SMITH"},{"data":"Coolheaded","floor":24.0,"key":"SMITH"},{"data":"Hologram","floor":27.0,"key":"SMITH"},{"data":"Go for the Eyes","floor":30.0,"key":"SMITH"},{"data":"FTL","floor":32.0,"key":"SMITH"},{"data":"Seek","floor":40.0,"key":"SMITH"},{"data":"Scrape","floor":41.0,"key":"SMITH"},{"data":"Reboot","floor":42.0,"key":"SMITH"},{"floor":49,"key":"RECALL"}],"neow_cost":"NONE","seed_source_timestamp":0,"circlet_count":0,"master_deck":["Strike_B+1","Defend_B","Defend_B","Defend_B","Defend_B+1","Zap+1","Dualcast+1","Melter+1","Turbo+1","Steam+1","FTL+1","All For One","Scrape+1","Reboot+1","Coolheaded+1","Hologram+1","Go for the Eyes+1","Gash","Seek+1","Parasite","Gash"],"special_seed":0,"relics":["Cracked Core","NeowsBlessing","WingedGreaves","Cursed Key","Bottled Lightning","Ornamental Fan","Pocketwatch","Philosopher\u0027s Stone","Incense Burner","Lantern"],"potions_floor_usage":[50,50],"damage_taken":[{"damage":0.0,"enemies":"Jaw Worm","floor":1.0,"turns":1.0},{"damage":0.0,"enemies":"Cultist","floor":2.0,"turns":1.0},{"damage":0.0,"enemies":"2 Louse","floor":3.0,"turns":1.0},{"damage":11.0,"enemies":"2 Fungi Beasts","floor":4.0,"turns":4.0},{"damage":0.0,"enemies":"3 Louse","floor":5.0,"turns":3.0},{"damage":1.0,"enemies":"Red Slaver","floor":13.0,"turns":2.0},{"damage":0.0,"enemies":"2 Fungi Beasts","floor":14.0,"turns":2.0},{"damage":38.0,"enemies":"The Guardian","floor":16.0,"turns":11.0},{"damage":0.0,"enemies":"Shell Parasite","floor":18.0,"turns":3.0},{"damage":4.0,"enemies":"Book of Stabbing","floor":23.0,"turns":5.0},{"damage":0.0,"enemies":"3 Byrds","floor":25.0,"turns":4.0},{"damage":0.0,"enemies":"Gremlin Leader","floor":29.0,"turns":7.0},{"damage":0.0,"enemies":"Champ","floor":33.0,"turns":8.0},{"damage":1.0,"enemies":"3 Shapes","floor":35.0,"turns":3.0},{"damage":1.0,"enemies":"Orb Walker","floor":37.0,"turns":4.0},{"damage":3.0,"enemies":"Spire Growth","floor":38.0,"turns":4.0},{"damage":3.0,"enemies":"Mind Bloom Boss Battle","floor":39.0,"turns":7.0},{"damage":17.0,"enemies":"Writhing Mass","floor":44.0,"turns":5.0},{"damage":0.0,"enemies":"Transient","floor":47.0,"turns":5.0},{"damage":65,"enemies":"Time Eater","floor":50,"turns":7}],"seed_played":"-6047239575857075958","potions_obtained":[{"floor":2.0,"key":"LiquidBronze"},{"floor":5.0,"key":"Dexterity Potion"},{"floor":11.0,"key":"FocusPotion"},{"floor":11.0,"key":"AttackPotion"},{"floor":11.0,"key":"FearPotion"},{"floor":13.0,"key":"Swift Potion"},{"floor":16.0,"key":"FocusPotion"},{"floor":18.0,"key":"LiquidBronze"},{"floor":29.0,"key":"EssenceOfSteel"},{"floor":37.0,"key":"LiquidBronze"},{"floor":39.0,"key":"SteroidPotion"},{"floor":47.0,"key":"Poison Potion"}],"is_trial":false,"path_per_floor":["M","M","M","M","M","R","?","R","T","R","?","R","M","M","R","B",null,"M","$","?","?","$","E","R","M","T","R","?","E","R","?","R","B",null,"M","?","M","M","?","R","R","R","T","M","?","$","M","$","R","B"],"character_chosen":"DEFECT","items_purchased":["Reboot","Coolheaded"],"campfire_rested":0,"item_purchase_floors":[22,22],"current_hp_per_floor":[75,75,75,64,64,64,49,49,49,49,49,49,48,48,48,10,75,75,75,75,75,75,71,71,71,71,71,71,71,71,71,71,71,75,74,74,73,70,67,67,67,67,67,50,50,50,50,50,50,0],"gold":32,"neow_bonus":"THREE_ENEMY_KILL","is_prod":false,"is_daily":false,"chose_seed":false,"campfire_upgraded":12,"win_rate":0,"timestamp":1560522798,"path_taken":["M","M","M","M","M","R","?","R","T","R","?","R","M","M","R","BOSS","M","$","?","?","$","E","R","M","T","R","?","E","R","?","R","BOSS","M","?","?","M","?","R","R","R","T","M","?","$","M","$","R","BOSS"],"build_version":"2019-01-23","purchased_purges":4,"victory":false,"max_hp_per_floor":[75,75,75,75,75,75,75,75,75,75,75,75,75,75,75,75,75,75,75,75,75,75,75,75,75,75,75,75,75,75,75,75,75,75,75,75,75,75,75,75,75,75,75,75,75,75,75,75,75,75],"card_choices":[{"not_picked":["Barrage","Leap"],"picked":"Melter","floor":1.0},{"not_picked":["Fusion","Streamline"],"picked":"Turbo","floor":2.0},{"not_picked":["Steam Power","Tempest"],"picked":"Steam","floor":3.0},{"not_picked":["White Noise","Doom and Gloom","Rip and Tear"],"picked":"SKIP","floor":4.0},{"not_picked":["Ball Lightning","Streamline","Steam"],"picked":"SKIP","floor":5.0},{"not_picked":["Melter","Streamline","Barrage"],"picked":"SKIP","floor":13.0},{"not_picked":["Go for the Eyes","Rebound"],"picked":"FTL","floor":14.0},{"not_picked":["Thunder Strike","Core Surge"],"picked":"All For One","floor":16.0},{"not_picked":["Sweeping Beam","Conserve Battery+1"],"picked":"Scrape","floor":18.0},{"not_picked":["Ball Lightning+1","Barrage+1","Leap"],"picked":"SKIP","floor":23.0},{"not_picked":["Chaos","Leap"],"picked":"Hologram","floor":25.0},{"not_picked":["Capacitor","Stack+1"],"picked":"Go for the Eyes","floor":29.0},{"not_picked":["All For One","Reboot"],"picked":"Seek","floor":33.0},{"not_picked":["Sunder+1","Hologram+1","Go for the Eyes+1"],"picked":"SKIP","floor":35.0},{"not_picked":["Static Discharge+1","Sunder","Barrage+1"],"picked":"SKIP","floor":37.0},{"not_picked":["Consume","Leap","Cold Snap+1"],"picked":"SKIP","floor":38.0},{"not_picked":["Rebound+1","Leap","Lockon+1"],"picked":"SKIP","floor":44.0},{"not_picked":["Machine Learning","Coolheaded+1","Stack+1"],"picked":"SKIP","floor":47.0}],"player_experience":332026,"relics_obtained":[{"floor":9.0,"key":"WingedGreaves"},{"floor":23.0,"key":"Bottled Lightning"},{"floor":26.0,"key":"Ornamental Fan"},{"floor":29.0,"key":"Pocketwatch"},{"floor":39.0,"key":"Incense Burner"},{"floor":43.0,"key":"Lantern"}],"event_choices":[{"damage_healed":0.0,"max_hp_gain":0.0,"max_hp_loss":0.0,"gold_gain":0.0,"event_name":"Shining Light","player_choice":"Entered Light","floor":7.0,"gold_loss":0.0,"damage_taken":15.0,"cards_upgraded":["Defend_B","Strike_B"]},{"damage_healed":0.0,"max_hp_gain":0.0,"max_hp_loss":0.0,"gold_gain":0.0,"event_name":"Lab","player_choice":"Got Potions","floor":11.0,"gold_loss":0.0,"damage_taken":0.0},{"damage_healed":0.0,"max_hp_gain":0.0,"max_hp_loss":0.0,"gold_gain":0.0,"event_name":"The Mausoleum","player_choice":"Ignored","floor":20.0,"gold_loss":0.0,"damage_taken":0.0},{"damage_healed":0.0,"max_hp_gain":0.0,"max_hp_loss":0.0,"gold_gain":0.0,"event_name":"Vampires","player_choice":"Ignored","floor":21.0,"gold_loss":0.0,"damage_taken":0.0},{"cards_removed":["Normality"],"damage_healed":0.0,"max_hp_gain":0.0,"max_hp_loss":0.0,"gold_gain":0.0,"event_name":"Beggar","player_choice":"Gave Gold","floor":28.0,"gold_loss":75.0,"damage_taken":0.0},{"damage_healed":0.0,"max_hp_gain":0.0,"max_hp_loss":0.0,"gold_gain":0.0,"event_name":"The Library","player_choice":"Read","floor":31.0,"gold_loss":0.0,"damage_taken":0.0,"cards_obtained":["Gash"]},{"damage_healed":0.0,"max_hp_gain":0.0,"max_hp_loss":0.0,"gold_gain":0.0,"event_name":"FaceTrader","player_choice":"Leave","floor":36.0,"gold_loss":0.0,"damage_taken":0.0},{"damage_healed":0.0,"max_hp_gain":0.0,"max_hp_loss":0.0,"gold_gain":0.0,"event_name":"MindBloom","player_choice":"Fight","floor":39.0,"gold_loss":0.0,"damage_taken":0.0},{"damage_healed":0.0,"max_hp_gain":0.0,"max_hp_loss":0.0,"gold_gain":0.0,"event_name":"Duplicator","player_choice":"Copied","floor":45.0,"gold_loss":0.0,"damage_taken":0.0,"cards_obtained":["Gash"]}],"is_beta":false,"boss_relics":[{"not_picked":["Calling Bell","Pandora\u0027s Box"],"picked":"Cursed Key"},{"not_picked":["FrozenCore","Busted Crown"],"picked":"Philosopher\u0027s Stone"}],"items_purged_floors":[19,22,46,48],"is_endless":false,"potions_floor_spawned":[2,5,13,14,16,18,29,37,39,47],"killed_by":"Time Eater","ascension_level":2}