{"gold_per_floor":[118,129,144,55,55,89,107,132,156,156,156,187,206,229,229,319,319,338,253,253,266,191,191,191],"floor_reached":24,"playtime":1130,"items_purged":["Defend_B"],"score":399,"play_id":"f882f9b2-8bc7-4c63-b36e-3a37730021a8","local_time":"20190703164236","is_ascension_mode":true,"campfire_choices":[{"floor":11,"key":"REST"},{"floor":15,"key":"REST"},{"floor":23,"key":"RECALL"}],"neow_cost":"NONE","seed_source_timestamp":364354005364554,"circlet_count":0,"master_deck":["AscendersBane","Defend_B","Defend_B","Defend_B","Zap","Dualcast","Ball Lightning","Tempest+1","Turbo+1","Defragment+1","Conserve Battery","Conserve Battery","Ball Lightning","Coolheaded","Steam","Reboot","Bite","Bite","Bite","Bite","Bite"],"relics":["Black Star","Golden Idol","Bronze Scales","War Paint","Vajra","Pen Nib","Meat on the Bone","Fusion Hammer","Happy Flower"],"potions_floor_usage":[6,6,8,12,21,24],"damage_taken":[{"damage":0,"enemies":"Small Slimes","floor":1,"turns":3},{"damage":12,"enemies":"Jaw Worm","floor":2,"turns":3},{"damage":1,"enemies":"Cultist","floor":3,"turns":3},{"damage":15,"enemies":"3 Sentries","floor":6,"turns":5},{"damage":0,"enemies":"Large Slime","floor":7,"turns":3},{"damage":14,"enemies":"3 Louse","floor":8,"turns":2},{"damage":15,"enemies":"Gremlin Nob","floor":12,"turns":3},{"damage":8,"enemies":"Exordium Wildlife","floor":13,"turns":2},{"damage":10,"enemies":"Exordium Thugs","floor":14,"turns":3},{"damage":26,"enemies":"Slime Boss","floor":16,"turns":5},{"damage":0,"enemies":"Spheric Guardian","floor":18,"turns":3},{"damage":0,"enemies":"3 Byrds","floor":21,"turns":3},{"damage":57,"enemies":"Slavers","floor":24,"turns":3}],"seed_played":"7749374010001397692","potions_obtained":[{"floor":1,"key":"Fire Potion"},{"floor":3,"key":"PowerPotion"},{"floor":6,"key":"Fire Potion"},{"floor":8,"key":"Regen Potion"},{"floor":16,"key":"SkillPotion"},{"floor":18,"key":"Poison Potion"}],"is_trial":false,"path_per_floor":["M","M","M","$","?","E","M","M","T","?","R","E","M","M","R","B",null,"M","?","?","M","$","R","E"],"character_chosen":"DEFECT","items_purchased":["Defragment"],"campfire_rested":2,"item_purchase_floors":[4],"current_hp_per_floor":[64,52,51,51,51,36,36,22,22,3,22,12,16,18,37,23,54,54,54,44,44,44,44,0],"gold":191,"neow_bonus":"BOSS_RELIC","is_prod":false,"is_daily":false,"chose_seed":false,"campfire_upgraded":0,"win_rate":0,"timestamp":1562143356,"path_taken":["M","M","M","$","?","E","M","M","T","?","R","E","M","M","R","BOSS","M","?","?","M","$","R","E"],"build_version":"2019-07-01","purchased_purges":1,"victory":false,"max_hp_per_floor":[71,71,71,71,64,64,64,64,64,64,64,64,64,64,64,64,64,64,64,44,44,44,44,44],"card_choices":[{"not_picked":["Leap","Conserve Battery"],"picked":"Ball Lightning","floor":1},{"not_picked":["Heatsinks","Gash"],"picked":"Tempest","floor":2},{"not_picked":["Streamline","Creative AI"],"picked":"Turbo","floor":3},{"not_picked":["Turbo","Aggregate"],"picked":"Conserve Battery","floor":6},{"not_picked":["Cold Snap","Redo"],"picked":"Conserve Battery","floor":7},{"not_picked":["Redo","Turbo","Barrage"],"picked":"SKIP","floor":8},{"not_picked":["Blizzard","Rip and Tear"],"picked":"Ball Lightning","floor":12},{"not_picked":["Compile Driver","Capacitor"],"picked":"Coolheaded","floor":13},{"not_picked":["Conserve Battery","Stack"],"picked":"Steam","floor":14},{"not_picked":["Hyperbeam","Rainbow"],"picked":"Reboot","floor":16},{"not_picked":["Recycle","Scrape","Rebound"],"picked":"SKIP","floor":18},{"not_picked":["Compile Driver","Rebound","Heatsinks"],"picked":"SKIP","floor":21}],"player_experience":1154499,"relics_obtained":[{"floor":6,"key":"Bronze Scales"},{"floor":6,"key":"War Paint"},{"floor":9,"key":"Vajra"},{"floor":12,"key":"Pen Nib"},{"floor":12,"key":"Meat on the Bone"}],"event_choices":[{"damage_healed":0,"gold_gain":0,"player_choice":"Lose Max HP","damage_taken":0,"relics_obtained":["Golden Idol"],"max_hp_gain":0,"max_hp_loss":7,"event_name":"Golden Idol","floor":5,"gold_loss":0},{"damage_healed":0,"gold_gain":0,"player_choice":"Entered Light","damage_taken":19,"max_hp_gain":0,"max_hp_loss":0,"event_name":"Shining Light","floor":10,"gold_loss":0,"cards_upgraded":["Strike_B","Defragment"]},{"damage_healed":0,"gold_gain":0,"player_choice":"Obtained Relic","damage_taken":0,"relics_obtained":["Happy Flower"],"max_hp_gain":0,"max_hp_loss":0,"event_name":"Addict","floor":19,"gold_loss":85},{"damage_healed":0,"gold_gain":0,"player_choice":"Became a vampire","damage_taken":0,"max_hp_gain":0,"max_hp_loss":20,"event_name":"Vampires","floor":20,"gold_loss":0,"cards_obtained":["Bite","Bite","Bite","Bite","Bite"]}],"is_beta":false,"boss_relics":[{"not_picked":["Sozu","Inserter"],"picked":"Fusion Hammer"}],"items_purged_floors":[22],"is_endless":false,"potions_floor_spawned":[1,3,6,8,16,18],"killed_by":"Slavers","ascension_level":16}