{"gold_per_floor":[118,130,143,68,79,108,108,118,145,145,156,172,172,172,172,301,301,320,320,140,159,159],"floor_reached":22,"playtime":5553,"items_purged":["Strike_B","Strike_B"],"score":301,"play_id":"5fef82a7-0a59-4453-a4ab-49934d495ee2","local_time":"20190705082250","is_ascension_mode":true,"campfire_choices":[{"floor":7.0,"key":"REST"},{"floor":10.0,"key":"REST"},{"data":"Zap","floor":13,"key":"SMITH"},{"floor":15,"key":"REST"}],"neow_cost":"NONE","seed_source_timestamp":324931340306462,"circlet_count":0,"master_deck":["AscendersBane","Defend_B","Defend_B","Defend_B","Defend_B","Zap+1","Dualcast","Meteor Strike","Redo","Turbo","Compile Driver","Sweeping Beam","Streamline","Coolheaded","Sunder","All For One","Turbo","Gash","Steam","Self Repair"],"special_seed":0,"relics":["Cracked Core","Torii","Smiling Mask","Golden Idol","Fusion Hammer"],"potions_floor_usage":[16,18,21],"damage_taken":[{"damage":0.0,"enemies":"Small Slimes","floor":1.0,"turns":3.0},{"damage":1.0,"enemies":"Cultist","floor":2.0,"turns":4.0},{"damage":7.0,"enemies":"Jaw Worm","floor":3.0,"turns":3.0},{"damage":15.0,"enemies":"2 Fungi Beasts","floor":5.0,"turns":3.0},{"damage":28.0,"enemies":"Gremlin Nob","floor":6.0,"turns":4.0},{"damage":8.0,"enemies":"Blue Slaver","floor":8.0,"turns":2.0},{"damage":5.0,"enemies":"Gremlin Gang","floor":11.0,"turns":5.0},{"damage":11,"enemies":"Looter","floor":12,"turns":2},{"damage":29,"enemies":"Hexaghost","floor":16,"turns":11},{"damage":21,"enemies":"2 Thieves","floor":18,"turns":4},{"damage":17,"enemies":"Shell Parasite","floor":21,"turns":6},{"damage":36,"enemies":"Snecko","floor":22,"turns":4}],"seed_played":"-4517763044333021375","potions_obtained":[{"floor":3.0,"key":"Fire Potion"},{"floor":5.0,"key":"AttackPotion"},{"floor":6.0,"key":"SteroidPotion"},{"floor":8.0,"key":"Ancient Potion"},{"floor":11.0,"key":"AttackPotion"},{"floor":16,"key":"Block Potion"},{"floor":21,"key":"Explosive Potion"}],"is_trial":false,"path_per_floor":["M","M","M","$","M","E","R","M","T","R","M","M","R","?","R","B",null,"M","?","$","M","M"],"character_chosen":"DEFECT","items_purchased":["Gash","Steam","Self Repair"],"campfire_rested":3,"item_purchase_floors":[20,20,20],"current_hp_per_floor":[68,67,60,60,45,17,39,31,31,53,48,37,37,37,57,28,59,38,38,38,28,0],"gold":159,"neow_bonus":"TRANSFORM_CARD","is_prod":false,"is_daily":false,"chose_seed":false,"campfire_upgraded":1,"win_rate":0,"timestamp":1562329370,"path_taken":["M","M","M","$","M","E","R","M","T","R","M","M","R","?","R","BOSS","M","?","$","M","M"],"build_version":"2019-07-01","purchased_purges":2,"victory":false,"max_hp_per_floor":[75,75,75,75,75,75,75,75,75,75,75,75,75,69,69,69,69,69,69,69,69,69],"card_choices":[{"not_picked":["Barrage","Hologram"],"picked":"Redo","floor":1.0},{"not_picked":["Cold Snap","Redo"],"picked":"Turbo","floor":2.0},{"not_picked":["Steam Power","Melter"],"picked":"Compile Driver","floor":3.0},{"not_picked":["Tempest","Leap"],"picked":"Sweeping Beam","floor":5.0},{"not_picked":["Buffer","Fusion"],"picked":"Streamline","floor":6.0},{"not_picked":["FTL","Streamline"],"picked":"Coolheaded","floor":8.0},{"not_picked":["Gash","Rebound","Redo"],"picked":"SKIP","floor":11.0},{"not_picked":["Reinforced Body","Rip and Tear"],"picked":"Sunder","floor":12},{"not_picked":["Seek","Machine Learning"],"picked":"All For One","floor":16},{"not_picked":["Hologram+1","Aggregate"],"picked":"Turbo","floor":18},{"not_picked":["Turbo","Fusion","Cold Snap"],"picked":"SKIP","floor":21}],"player_experience":525653,"relics_obtained":[{"floor":6.0,"key":"Torii"},{"floor":9.0,"key":"Smiling Mask"}],"event_choices":[{"damage_healed":0,"gold_gain":0,"player_choice":"Lose Max HP","damage_taken":0,"relics_obtained":["Golden Idol"],"max_hp_gain":0,"max_hp_loss":6,"event_name":"Golden Idol","floor":14,"gold_loss":0},{"cards_removed":["Strike_B"],"damage_healed":0,"gold_gain":0,"player_choice":"Purged","damage_taken":0,"max_hp_gain":0,"max_hp_loss":0,"event_name":"Purifier","floor":19,"gold_loss":0}],"is_beta":false,"boss_relics":[{"not_picked":["Calling Bell","Inserter"],"picked":"Fusion Hammer"}],"items_purged_floors":[4,20],"is_endless":false,"potions_floor_spawned":[3,5,6,8,11,16,21],"killed_by":"Snecko","ascension_level":12}