{"gold_per_floor":[109,127,127,127,127,127,154,154,154,181,197,215,215,215,215,312,312,322,322,339,123,123,123,82,116,171,182,28,39,66,84,84,187,187,200,219,235,235,235,235],"floor_reached":40,"playtime":2564,"items_purged":[],"score":484,"play_id":"4d62c80f-00aa-459c-82a3-027c2ccc0f2b","local_time":"20190705124450","is_ascension_mode":false,"campfire_choices":[{"data":"Hologram","floor":6,"key":"SMITH"},{"floor":8,"key":"DIG"},{"data":"Defragment","floor":13,"key":"SMITH"},{"floor":15,"key":"DIG"},{"floor":23,"key":"DIG"},{"floor":32,"key":"DIG"}],"neow_cost":"NONE","seed_source_timestamp":156695386434823,"circlet_count":0,"master_deck":["Strike_B","Strike_B","Strike_B","Strike_B+1","Defend_B","Defend_B","Defend_B","Defend_B","Zap","Dualcast+1","Hologram+1","Leap","Sweeping Beam","Capacitor","Defragment+1","Barrage","Zap","Rainbow","Loop","Stack","BootSequence","Master of Strategy","White Noise","Chaos","Sunder+1","Rip and Tear+1","Chaos+1","Redo","Creative AI","Leap","White Noise"],"relics":["Cracked Core","NeowsBlessing","Meat on the Bone","Shovel","Anchor","Pantograph","Gremlin Horn","Omamori","Nuclear Battery","FaceOfCleric","Enchiridion","Bronze Scales","Happy Flower","Tiny Chest","Blood Vial","Centennial Puzzle","WingedGreaves","Inserter"],"potions_floor_usage":[10,10,12,12,16,16,16,16,18,25,25,25,33,37,40],"damage_taken":[{"damage":0,"enemies":"2 Louse","floor":1,"turns":1},{"damage":0,"enemies":"Jaw Worm","floor":2,"turns":1},{"damage":0,"enemies":"Lagavulin","floor":7,"turns":1},{"damage":4,"enemies":"3 Sentries","floor":10,"turns":3},{"damage":2,"enemies":"Small Slimes","floor":11,"turns":3},{"damage":5,"enemies":"Exordium Thugs","floor":12,"turns":4},{"damage":29,"enemies":"The Guardian","floor":16,"turns":9},{"damage":6,"enemies":"Spheric Guardian","floor":18,"turns":4},{"damage":0,"enemies":"Chosen","floor":20,"turns":4},{"damage":13,"enemies":"Gremlin Leader","floor":25,"turns":4},{"damage":0,"enemies":"Sentry and Sphere","floor":27,"turns":3},{"damage":19,"enemies":"Snecko","floor":29,"turns":4},{"damage":20,"enemies":"Book of Stabbing","floor":30,"turns":5},{"damage":1,"enemies":"Snake Plant","floor":31,"turns":3},{"damage":46,"enemies":"Collector","floor":33,"turns":7},{"damage":9,"enemies":"Orb Walker","floor":35,"turns":3},{"damage":32,"enemies":"3 Darklings","floor":36,"turns":5},{"damage":0,"enemies":"4 Shapes","floor":37,"turns":5},{"damage":50,"enemies":"Nemesis","floor":40,"turns":4}],"seed_played":"-5297044326817319379","potions_obtained":[{"floor":1,"key":"FocusPotion"},{"floor":2,"key":"Fire Potion"},{"floor":11,"key":"EntropicBrew"},{"floor":12,"key":"Poison Potion"},{"floor":16,"key":"SpeedPotion"},{"floor":20,"key":"SkillPotion"},{"floor":29,"key":"Poison Potion"},{"floor":30,"key":"Fire Potion"},{"floor":35,"key":"SpeedPotion"},{"floor":37,"key":"Explosive Potion"},{"floor":39,"key":"Swift Potion"},{"floor":39,"key":"LiquidBronze"}],"is_trial":false,"path_per_floor":["M","M","?","?","?","R","E","R","T","E","M","M","R","?","R","B",null,"M","?","M","$","?","R","$","E","T","M","$","M","E","M","R","B",null,"M","M","M","?","?","E"],"character_chosen":"DEFECT","items_purchased":["BootSequence","Master of Strategy","White Noise","Blood Vial"],"campfire_rested":0,"item_purchase_floors":[21,21,24,28],"current_hp_per_floor":[75,75,57,42,42,42,42,42,42,38,48,43,43,43,43,39,75,69,69,70,70,54,54,54,42,42,43,43,39,34,48,48,42,82,74,45,48,48,48,0],"gold":235,"neow_bonus":"THREE_ENEMY_KILL","is_prod":false,"is_daily":false,"chose_seed":false,"campfire_upgraded":2,"win_rate":0.0,"timestamp":1562294690,"path_taken":["M","M","?","?","?","R","E","R","T","E","M","M","R","?","R","BOSS","M","?","?","$","?","R","$","E","T","M","$","M","E","M","R","BOSS","M","M","M","?","?","E"],"build_version":"2019-07-01","purchased_purges":0,"victory":false,"max_hp_per_floor":[75,75,75,75,75,75,75,75,75,75,75,75,75,75,75,75,75,75,75,76,76,76,76,76,77,77,78,78,79,80,81,81,82,82,83,84,85,81,81,81],"card_choices":[{"not_picked":["Blizzard","Rip and Tear"],"picked":"Hologram","floor":1},{"not_picked":["Turbo","Gash"],"picked":"Leap","floor":2},{"not_picked":["Steam","Compile Driver"],"picked":"Sweeping Beam","floor":7},{"not_picked":["Beam Cell","Fusion"],"picked":"Capacitor","floor":10},{"not_picked":["Storm","Turbo"],"picked":"Defragment","floor":11},{"not_picked":["Hologram","Chaos"],"picked":"Barrage","floor":12},{"not_picked":["Biased Cognition","Buffer"],"picked":"Rainbow","floor":16},{"not_picked":["Genetic Algorithm","Steam"],"picked":"Loop","floor":18},{"not_picked":["Barrage","Turbo+1"],"picked":"Stack","floor":20},{"not_picked":["Aggregate","Barrage+1"],"picked":"Chaos","floor":25},{"not_picked":["Cold Snap","Skim"],"picked":"Sunder+1","floor":27},{"not_picked":["Rebound","Compile Driver+1"],"picked":"Rip and Tear+1","floor":29},{"not_picked":["Reinforced Body","Auto Shields"],"picked":"Chaos+1","floor":30},{"not_picked":["Lockon","Leap"],"picked":"Redo","floor":31},{"not_picked":["Seek","Buffer"],"picked":"Creative AI","floor":33},{"not_picked":["Auto Shields","Reinforced Body"],"picked":"Leap","floor":35},{"not_picked":["Go for the Eyes+1","Hologram"],"picked":"White Noise","floor":36},{"not_picked":["Chaos","Streamline+1","Beam Cell+1"],"picked":"SKIP","floor":37}],"player_experience":41308,"relics_obtained":[{"floor":7,"key":"Shovel"},{"floor":8,"key":"Anchor"},{"floor":9,"key":"Pantograph"},{"floor":10,"key":"Gremlin Horn"},{"floor":15,"key":"Omamori"},{"floor":22,"key":"Enchiridion"},{"floor":23,"key":"Bronze Scales"},{"floor":25,"key":"Happy Flower"},{"floor":26,"key":"Tiny Chest"},{"floor":30,"key":"Centennial Puzzle"},{"floor":32,"key":"WingedGreaves"}],"event_choices":[{"damage_healed":0,"gold_gain":0,"player_choice":"Success","damage_taken":18,"relics_obtained":["Meat on the Bone"],"max_hp_gain":0,"max_hp_loss":0,"event_name":"Scrap Ooze","floor":3,"gold_loss":0},{"damage_healed":0,"gold_gain":0,"player_choice":"Entered Light","damage_taken":15,"max_hp_gain":0,"max_hp_loss":0,"event_name":"Shining Light","floor":4,"gold_loss":0,"cards_upgraded":["Strike_B","Dualcast"]},{"damage_healed":0,"gold_gain":0,"player_choice":"Leave","damage_taken":0,"max_hp_gain":0,"max_hp_loss":0,"event_name":"The Cleric","floor":5,"gold_loss":0},{"damage_healed":0,"gold_gain":0,"player_choice":"1 cards matched","damage_taken":0,"max_hp_gain":0,"max_hp_loss":0,"event_name":"Match and Keep!","floor":14,"gold_loss":0,"cards_obtained":["Zap"]},{"damage_healed":0,"gold_gain":0,"player_choice":"Trade","damage_taken":0,"relics_obtained":["FaceOfCleric"],"max_hp_gain":0,"max_hp_loss":0,"event_name":"FaceTrader","floor":19,"gold_loss":0},{"damage_healed":0,"gold_gain":0,"player_choice":"Obtained Book","damage_taken":16,"max_hp_gain":0,"max_hp_loss":0,"event_name":"Cursed Tome","floor":22,"gold_loss":0},{"damage_healed":0,"gold_gain":0,"player_choice":"Max HP","damage_taken":0,"max_hp_gain":0,"max_hp_loss":4,"event_name":"Winding Halls","floor":38,"gold_loss":0},{"damage_healed":0,"gold_gain":0,"player_choice":"Got Potions","damage_taken":0,"max_hp_gain":0,"max_hp_loss":0,"event_name":"Lab","floor":39,"gold_loss":0}],"is_beta":false,"boss_relics":[{"not_picked":["Astrolabe","Runic Pyramid"],"picked":"Nuclear Battery"},{"not_picked":["Velvet Choker","Fusion Hammer"],"picked":"Inserter"}],"items_purged_floors":[],"is_endless":false,"potions_floor_spawned":[1,2,11,12,16,20,29,30,35,37],"killed_by":"Nemesis","ascension_level":0}