{"gold_per_floor":[116,116,135,145,161,161,181,215,215,215,232,265,265,116,116,220,220,233,233,244,244,256,256],"floor_reached":23,"playtime":1349,"items_purged":["Strike_B"],"score":331,"play_id":"3324a10c-6594-4dfe-8619-41f442539b94","local_time":"20190625130217","is_ascension_mode":true,"campfire_choices":[{"data":"Zap","floor":6,"key":"SMITH"},{"floor":15,"key":"REST"}],"neow_cost":"NONE","seed_source_timestamp":932122618386191,"circlet_count":0,"master_deck":["Strike_B+1","Defend_B","Defend_B","Defend_B","Defend_B","Zap+1","Dualcast","Coolheaded","Chaos","Consume","Ball Lightning","Cold Snap+1","Echo Form","Compile Driver","Creative AI+1","Redo","Steam+1","Auto Shields"],"relics":["Cracked Core","NeowsBlessing","PreservedInsect","Shovel","Matryoshka","Nuclear Battery"],"potions_floor_usage":[8,8,16,16,22,23],"damage_taken":[{"damage":0,"enemies":"Small Slimes","floor":1,"turns":1},{"damage":0,"enemies":"Jaw Worm","floor":3,"turns":1},{"damage":0,"enemies":"2 Louse","floor":4,"turns":1},{"damage":11,"enemies":"Exordium Thugs","floor":5,"turns":6},{"damage":6,"enemies":"2 Fungi Beasts","floor":7,"turns":3},{"damage":8,"enemies":"Gremlin Nob","floor":8,"turns":4},{"damage":15,"enemies":"Gremlin Gang","floor":11,"turns":4},{"damage":0,"enemies":"Lagavulin","floor":12,"turns":5},{"damage":33,"enemies":"The Guardian","floor":16,"turns":11},{"damage":10,"enemies":"2 Thieves","floor":18,"turns":4},{"damage":24,"enemies":"3 Byrds","floor":20,"turns":4},{"damage":18,"enemies":"Centurion and Healer","floor":22,"turns":8},{"damage":16,"enemies":"Slavers","floor":23,"turns":3}],"seed_played":"247168120062156381","potions_obtained":[{"floor":3,"key":"PowerPotion"},{"floor":5,"key":"AttackPotion"},{"floor":7,"key":"AttackPotion"},{"floor":16,"key":"Poison Potion"},{"floor":20,"key":"Explosive Potion"},{"floor":22,"key":"PowerPotion"}],"is_trial":false,"path_per_floor":["M","?","M","M","M","R","M","E","T","?","M","E","?","$","R","B",null,"M","?","M","?","M","E"],"character_chosen":"DEFECT","items_purchased":["Block Potion","Compile Driver"],"campfire_rested":1,"item_purchase_floors":[14,14],"current_hp_per_floor":[68,73,73,73,62,62,56,48,48,32,17,17,17,17,41,8,62,52,52,28,28,10,0],"gold":256,"neow_bonus":"THREE_ENEMY_KILL","is_prod":false,"is_daily":false,"chose_seed":false,"campfire_upgraded":1,"win_rate":0,"timestamp":1561438937,"path_taken":["M","?","M","M","M","R","M","E","T","?","?","E","?","?","R","BOSS","M","?","?","?","M","E"],"build_version":"2019-01-23","purchased_purges":1,"victory":false,"max_hp_per_floor":[75,80,80,80,80,80,80,80,80,80,80,80,80,80,80,80,80,80,80,80,80,80,80],"card_choices":[{"not_picked":["Ball Lightning","Reinforced Body"],"picked":"Coolheaded","floor":1},{"not_picked":["Steam Power","Streamline"],"picked":"Chaos","floor":3},{"not_picked":["Fusion","Beam Cell"],"picked":"Consume","floor":4},{"not_picked":["Conserve Battery","Reprogram"],"picked":"Ball Lightning","floor":5},{"not_picked":["FTL","Hologram"],"picked":"Cold Snap","floor":7},{"not_picked":["Compile Driver","Sweeping Beam"],"picked":"Echo Form","floor":8},{"not_picked":["Darkness","Force Field","Barrage"],"picked":"SKIP","floor":11},{"not_picked":["Ball Lightning","Steam Power","Lockon"],"picked":"SKIP","floor":12},{"not_picked":["Echo Form","Multi-Cast"],"picked":"Creative AI","floor":16},{"not_picked":["Steam","Stack+1"],"picked":"Redo","floor":18},{"not_picked":["Blizzard","Rip and Tear"],"picked":"Steam+1","floor":20},{"not_picked":["Hologram+1","Cold Snap"],"picked":"Auto Shields","floor":22}],"player_experience":1032146,"relics_obtained":[{"floor":8,"key":"PreservedInsect"},{"floor":9,"key":"Shovel"},{"floor":12,"key":"Matryoshka"}],"event_choices":[{"damage_healed":0,"gold_gain":0,"player_choice":"Donut","damage_taken":0,"max_hp_gain":5,"max_hp_loss":0,"event_name":"Big Fish","floor":2,"gold_loss":0},{"damage_healed":0,"gold_gain":0,"player_choice":"Entered Light","damage_taken":16,"max_hp_gain":0,"max_hp_loss":0,"event_name":"Shining Light","floor":10,"gold_loss":0,"cards_upgraded":["Strike_B","Cold Snap"]},{"cards_removed":["Strike_B"],"damage_healed":0,"gold_gain":0,"player_choice":"Purged","damage_taken":0,"max_hp_gain":0,"max_hp_loss":0,"event_name":"Purifier","floor":13,"gold_loss":0},{"damage_healed":0,"gold_gain":0,"player_choice":"Upgraded","damage_taken":0,"max_hp_gain":0,"max_hp_loss":0,"event_name":"Upgrade Shrine","floor":19,"gold_loss":0,"cards_upgraded":["Creative AI"]},{"cards_removed":["Strike_B"],"damage_healed":0,"gold_gain":0,"player_choice":"Purged","damage_taken":0,"max_hp_gain":0,"max_hp_loss":0,"event_name":"Purifier","floor":21,"gold_loss":0}],"is_beta":false,"boss_relics":[{"not_picked":["Tiny House","Velvet Choker"],"picked":"Nuclear Battery"}],"items_purged_floors":[14],"is_endless":false,"potions_floor_spawned":[3,5,7,16,20,22],"killed_by":"Slavers","ascension_level":9}