{"gold_per_floor":[117,39,50,65,84,112,144,156,193,205,197,21,34,34,34,107,107,107,107,107,107,107,107,107,107,107,107,107,107,107,107,107,107,107,107,107,107,107,107,107,107,23,23,23,23,23,23,23,23,23],"floor_reached":50,"playtime":2924,"items_purged":["Strike_B"],"score":907,"play_id":"7d3d432f-282c-4bbd-9c97-0b302ab891d2","local_time":"20190701145113","is_ascension_mode":true,"campfire_choices":[{"data":"Zap","floor":8,"key":"SMITH"},{"data":"Dualcast","floor":10,"key":"SMITH"},{"floor":15,"key":"REST"},{"data":"Static Discharge","floor":24,"key":"SMITH"},{"data":"Thunder Strike","floor":27,"key":"SMITH"},{"data":"Chaos","floor":30,"key":"SMITH"},{"floor":32,"key":"REST"},{"data":"Ghostly","floor":40,"key":"SMITH"},{"floor":47,"key":"RECALL"},{"data":"Seek","floor":49,"key":"SMITH"}],"neow_cost":"NONE","seed_source_timestamp":183084021205839,"circlet_count":0,"master_deck":["AscendersBane","Strike_B","Defend_B","Defend_B","Defend_B","Zap+1","Dualcast+1","Sweeping Beam+1","Turbo+1","Skim+1","Steam","Self Repair","Conserve Battery","Hologram","Conserve Battery","Rainbow+1","White Noise+1","Glacier","Ball Lightning","Thunder Strike+1","Chaos+1","Static Discharge+1","Ghostly","Ghostly","Ghostly+1","Ghostly","Ghostly+1","Static Discharge+1","Go for the Eyes","Melter+1","Coolheaded","Seek+1","Madness+1","Madness","FTL+1","PanicButton"],"relics":["Astrolabe","MawBank","Pen Nib","Ectoplasm","Omamori","Lantern","Mercury Hourglass","Darkstone Periapt","Coffee Dripper","War Paint"],"potions_floor_usage":[6,7,16,16,19,25,50],"damage_taken":[{"damage":0,"enemies":"Cultist","floor":1,"turns":2},{"damage":1,"enemies":"2 Louse","floor":3,"turns":3},{"damage":0,"enemies":"Small Slimes","floor":4,"turns":3},{"damage":1,"enemies":"3 Louse","floor":5,"turns":3},{"damage":64,"enemies":"Gremlin Nob","floor":6,"turns":5},{"damage":9,"enemies":"Large Slime","floor":7,"turns":9},{"damage":0,"enemies":"2 Fungi Beasts","floor":13,"turns":3},{"damage":6,"enemies":"The Guardian","floor":16,"turns":5},{"damage":8,"enemies":"Shell Parasite","floor":18,"turns":4},{"damage":17,"enemies":"3 Byrds","floor":19,"turns":4},{"damage":0,"enemies":"Snake Plant","floor":21,"turns":4},{"damage":8,"enemies":"Slavers","floor":23,"turns":5},{"damage":13,"enemies":"Gremlin Leader","floor":25,"turns":7},{"damage":1,"enemies":"3 Cultists","floor":28,"turns":5},{"damage":1,"enemies":"Book of Stabbing","floor":29,"turns":6},{"damage":25,"enemies":"Cultist and Chosen","floor":31,"turns":7},{"damage":19,"enemies":"Collector","floor":33,"turns":8},{"damage":0,"enemies":"3 Darklings","floor":35,"turns":5},{"damage":0,"enemies":"Orb Walker","floor":39,"turns":4},{"damage":31,"enemies":"Maw","floor":41,"turns":9},{"damage":1,"enemies":"3 Darklings","floor":44,"turns":6},{"damage":0,"enemies":"Sphere and 2 Shapes","floor":46,"turns":4},{"damage":5,"enemies":"4 Shapes","floor":48,"turns":5},{"damage":25,"enemies":"Donu and Deca","floor":50,"turns":4}],"seed_played":"-1650235079772329884","potions_obtained":[{"floor":5,"key":"AttackPotion"},{"floor":6,"key":"Regen Potion"},{"floor":7,"key":"SteroidPotion"},{"floor":11,"key":"FocusPotion"},{"floor":13,"key":"PowerPotion"},{"floor":18,"key":"Fire Potion"},{"floor":19,"key":"Explosive Potion"},{"floor":29,"key":"Energy Potion"},{"floor":31,"key":"SteroidPotion"},{"floor":35,"key":"Energy Potion"},{"floor":39,"key":"PowerPotion"}],"is_trial":false,"path_per_floor":["M","$","M","M","M","E","M","R","T","R","?","$","M","?","R","B",null,"M","M","?","M","?","E","R","E","T","R","M","E","R","M","R","B",null,"M","?","?","T","M","R","M","$","T","M","$","M","R","M","R","B"],"character_chosen":"DEFECT","items_purchased":["Self Repair","White Noise","Glacier","PanicButton"],"campfire_rested":2,"item_purchase_floors":[2,12,12,42],"current_hp_per_floor":[64,64,70,71,71,14,27,27,27,27,27,27,34,20,41,35,62,61,51,35,35,35,34,34,28,28,28,34,35,35,17,27,15,30,35,35,31,31,35,35,11,11,11,17,17,17,17,12,12,0],"gold":23,"neow_bonus":"BOSS_RELIC","is_prod":false,"is_daily":false,"chose_seed":false,"campfire_upgraded":7,"win_rate":0,"timestamp":1561963873,"path_taken":["M","$","M","M","?","E","M","R","T","R","?","?","M","?","R","BOSS","M","M","?","M","?","E","R","E","T","R","M","E","R","M","R","BOSS","M","?","?","?","M","R","M","?","T","M","$","M","R","M","R","BOSS"],"build_version":"2019-01-23","purchased_purges":1,"victory":false,"max_hp_per_floor":[71,71,71,71,71,71,71,71,71,71,71,71,71,71,71,71,71,71,71,35,35,35,35,35,35,35,35,35,35,35,35,35,35,35,35,35,35,35,35,35,35,35,35,35,35,35,35,35,35,35],"card_choices":[{"not_picked":["Turbo","Undo"],"picked":"Steam","floor":1},{"not_picked":["Steam Power","Rip and Tear"],"picked":"Conserve Battery","floor":3},{"not_picked":["Compile Driver","Conserve Battery","Undo"],"picked":"SKIP","floor":4},{"not_picked":["Fusion","Redo"],"picked":"Hologram","floor":5},{"not_picked":["Static Discharge","Skim"],"picked":"Conserve Battery","floor":6},{"not_picked":["Compile Driver","Ball Lightning"],"picked":"Rainbow","floor":7},{"not_picked":["Rip and Tear","Reinforced Body"],"picked":"Ball Lightning","floor":13},{"not_picked":["Core Surge","Meteor Strike"],"picked":"Thunder Strike","floor":16},{"not_picked":["Conserve Battery","Hologram"],"picked":"Chaos","floor":18},{"not_picked":["Steam Power","FTL"],"picked":"Static Discharge+1","floor":19},{"not_picked":["Lockon","Sweeping Beam+1"],"picked":"Static Discharge","floor":21},{"not_picked":["Streamline","Sweeping Beam","Lockon"],"picked":"SKIP","floor":23},{"not_picked":["Thunder Strike","Stack"],"picked":"Double Energy","floor":25},{"not_picked":["Turbo","Melter"],"picked":"Go for the Eyes","floor":28},{"not_picked":["Redo","Coolheaded"],"picked":"Melter+1","floor":29},{"not_picked":["Conserve Battery","Streamline"],"picked":"Coolheaded","floor":31},{"not_picked":["Thunder Strike","Amplify"],"picked":"Seek","floor":33},{"not_picked":["Sweeping Beam","Redo","Melter"],"picked":"SKIP","floor":35},{"not_picked":["Beam Cell","Streamline","Gash+1"],"picked":"SKIP","floor":39},{"not_picked":["Rebound","Biased Cognition"],"picked":"FTL+1","floor":41},{"not_picked":["Coolheaded","Chaos","Lockon"],"picked":"SKIP","floor":44},{"not_picked":["Sweeping Beam","Consume","Rebound"],"picked":"SKIP","floor":46},{"not_picked":["Fusion","Blizzard","Recycle"],"picked":"SKIP","floor":48}],"player_experience":1120007,"relics_obtained":[{"floor":6,"key":"MawBank"},{"floor":9,"key":"Pen Nib"},{"floor":23,"key":"Omamori"},{"floor":25,"key":"Lantern"},{"floor":26,"key":"Mercury Hourglass"},{"floor":29,"key":"Darkstone Periapt"},{"floor":38,"key":"War Paint"}],"event_choices":[{"damage_healed":0,"gold_gain":0,"player_choice":"Bought 1 Potion","damage_taken":0,"max_hp_gain":0,"max_hp_loss":0,"event_name":"The Woman in Blue","floor":11,"gold_loss":0},{"damage_healed":0,"gold_gain":0,"player_choice":"Entered Light","damage_taken":14,"max_hp_gain":0,"max_hp_loss":0,"event_name":"Shining Light","floor":14,"gold_loss":0,"cards_upgraded":["White Noise","Rainbow"]},{"damage_healed":0,"gold_gain":0,"player_choice":"Became a Ghost","damage_taken":0,"max_hp_gain":0,"max_hp_loss":36,"event_name":"Ghosts","floor":20,"gold_loss":0,"cards_obtained":["Ghostly","Ghostly","Ghostly","Ghostly","Ghostly"]},{"damage_healed":0,"gold_gain":0,"player_choice":"Ignored","damage_taken":0,"max_hp_gain":0,"max_hp_loss":0,"event_name":"Vampires","floor":22,"gold_loss":0},{"cards_removed":["Double Energy"],"damage_healed":0,"gold_gain":0,"player_choice":"Removed Skill","damage_taken":0,"max_hp_gain":0,"max_hp_loss":0,"event_name":"Falling","floor":36,"gold_loss":0},{"damage_healed":0,"gold_gain":0,"player_choice":"Embrace Madness","damage_taken":4,"max_hp_gain":0,"max_hp_loss":0,"event_name":"Winding Halls","floor":37,"gold_loss":0,"cards_obtained":["Madness","Madness"]}],"is_beta":false,"boss_relics":[{"not_picked":["Inserter","Black Star"],"picked":"Ectoplasm"},{"not_picked":["Calling Bell","Sozu"],"picked":"Coffee Dripper"}],"items_purged_floors":[12],"is_endless":false,"potions_floor_spawned":[5,6,7,13,18,19,29,31,35,39,44,48],"killed_by":"Donu and Deca","ascension_level":14}