{"gold_per_floor":[17,27,27,42,60,60,95,108,190,213,213,224,237,270,270,345,345,364,364,374,374,179,213,213,230,230,263,17,31,31,49,49,49],"floor_reached":33,"playtime":2973,"items_purged":[],"score":576,"play_id":"cf36ccd3-5a47-4e32-8e49-ab414c9f03d8","local_time":"20190615123321","is_ascension_mode":true,"campfire_choices":[{"data":"Buffer","floor":6.0,"key":"SMITH"},{"floor":11.0,"key":"REST"},{"data":"Genetic Algorithm","floor":15.0,"key":"SMITH"},{"floor":24.0,"key":"REST"},{"floor":30.0,"key":"REST"},{"floor":32.0,"key":"REST"}],"neow_cost":"NO_GOLD","seed_source_timestamp":155428349723000,"circlet_count":0,"master_deck":["AscendersBane","Strike_B","Strike_B","Strike_B","Strike_B","Defend_B","Defend_B","Defend_B","Zap","Dualcast","Hyperbeam","Go for the Eyes","Leap","Turbo","Buffer+1","Auto Shields","Cold Snap","Chill","Genetic Algorithm+1","Conserve Battery","Doom and Gloom","Machine Learning","Leap","Stack","Defragment","Sunder","Melter","Fission","Reinforced Body","Force Field"],"special_seed":0,"relics":["Cracked Core","Regal Pillow","Unceasing Top","Bottled Tornado","Odd Mushroom","Strawberry","Black Star","Lee\u0027s Waffle","Singing Bowl","Dream Catcher","DataDisk","Art of War","Potion Belt","Membership Card"],"potions_floor_usage":[33,33,33],"damage_taken":[{"damage":2.0,"enemies":"Jaw Worm","floor":1.0,"turns":4.0},{"damage":3.0,"enemies":"Small Slimes","floor":2.0,"turns":3.0},{"damage":1.0,"enemies":"Cultist","floor":4.0,"turns":3.0},{"damage":0.0,"enemies":"Large Slime","floor":5.0,"turns":5.0},{"damage":21.0,"enemies":"Lagavulin","floor":7.0,"turns":8.0},{"damage":3.0,"enemies":"Looter","floor":8.0,"turns":2.0},{"damage":0.0,"enemies":"The Mushroom Lair","floor":10.0,"turns":2.0},{"damage":0.0,"enemies":"Exordium Thugs","floor":12.0,"turns":1.0},{"damage":2.0,"enemies":"2 Fungi Beasts","floor":13.0,"turns":4.0},{"damage":0.0,"enemies":"Gremlin Nob","floor":14.0,"turns":4.0},{"damage":41.0,"enemies":"Hexaghost","floor":16.0,"turns":12.0},{"damage":17.0,"enemies":"Shell Parasite","floor":18.0,"turns":13.0},{"damage":18.0,"enemies":"Chosen","floor":20.0,"turns":11.0},{"damage":64.0,"enemies":"Gremlin Leader","floor":23.0,"turns":12.0},{"damage":21.0,"enemies":"Snake Plant","floor":25.0,"turns":6.0},{"damage":12.0,"enemies":"Slavers","floor":27.0,"turns":7.0},{"damage":24.0,"enemies":"Shelled Parasite and Fungi","floor":29.0,"turns":10.0},{"damage":17.0,"enemies":"3 Cultists","floor":31.0,"turns":7.0},{"damage":85,"enemies":"Automaton","floor":33,"turns":16}],"seed_played":"-1714126935321996897","potions_obtained":[{"floor":2.0,"key":"Poison Potion"},{"floor":5.0,"key":"Ancient Potion"},{"floor":8.0,"key":"FearPotion"},{"floor":10.0,"key":"Fire Potion"},{"floor":13.0,"key":"FearPotion"},{"floor":16.0,"key":"SpeedPotion"},{"floor":18.0,"key":"GamblersBrew"},{"floor":23.0,"key":"GamblersBrew"},{"floor":27.0,"key":"Swift Potion"},{"floor":29.0,"key":"Ancient Potion"}],"is_trial":false,"path_per_floor":["M","M","?","M","M","R","E","M","T","?","R","M","M","E","R","B",null,"M","?","M","?","$","E","R","M","T","E","$","M","R","M","R","B"],"character_chosen":"DEFECT","items_purchased":["Lee\u0027s Waffle","Membership Card","Energy Potion","Explosive Potion"],"campfire_rested":4,"item_purchase_floors":[22,28,28,28],"current_hp_per_floor":[62,59,34,33,33,33,12,9,9,9,45,45,43,50,50,9,61,44,44,26,26,85,21,61,42,42,32,32,8,51,34,76,0],"gold":49,"neow_bonus":"THREE_RARE_CARDS","is_prod":false,"is_daily":false,"chose_seed":false,"campfire_upgraded":2,"win_rate":0,"timestamp":1560594801,"path_taken":["M","M","?","M","M","R","E","M","T","?","R","M","M","E","R","BOSS","M","?","M","?","$","E","R","M","T","E","$","?","R","M","R","BOSS"],"build_version":"2019-01-23","purchased_purges":0,"victory":false,"max_hp_per_floor":[71,71,71,71,71,71,71,71,71,71,71,71,71,78,78,78,78,78,78,78,78,85,85,85,87,87,89,89,89,91,91,91,91],"card_choices":[{"not_picked":["Electrodynamics","Fission"],"picked":"Hyperbeam","floor":0.0},{"not_picked":["White Noise","Coolheaded"],"picked":"Go for the Eyes","floor":1.0},{"not_picked":["Beam Cell","Chaos"],"picked":"Leap","floor":2.0},{"not_picked":["Skim","Compile Driver"],"picked":"Turbo","floor":4.0},{"not_picked":["Barrage","Turbo"],"picked":"Buffer","floor":5.0},{"not_picked":["Beam Cell","Fusion"],"picked":"Auto Shields","floor":7.0},{"not_picked":["Redo","Recycle"],"picked":"Cold Snap","floor":8.0},{"not_picked":["Hologram","Ball Lightning"],"picked":"Chill","floor":10.0},{"not_picked":["Cold Snap","Undo"],"picked":"Genetic Algorithm","floor":12.0},{"not_picked":["Steam","Streamline"],"picked":"Conserve Battery","floor":13.0},{"not_picked":["Redo","Darkness"],"picked":"Doom and Gloom","floor":14.0},{"not_picked":["Rainbow","Creative AI"],"picked":"Machine Learning","floor":16.0},{"not_picked":["Compile Driver","White Noise"],"picked":"Leap","floor":18.0},{"not_picked":["Turbo","Redo"],"picked":"Stack","floor":20.0},{"not_picked":["Ball Lightning","Rebound"],"picked":"Sunder","floor":23.0},{"not_picked":["Self Repair","Conserve Battery"],"picked":"Melter","floor":24.0},{"not_picked":["Recycle","Streamline","Rebound"],"picked":"Singing Bowl","floor":25.0},{"not_picked":["Steam","Streamline","Rebound"],"picked":"Singing Bowl","floor":27.0},{"not_picked":["Sweeping Beam","Compile Driver"],"picked":"Fission","floor":29.0},{"not_picked":["Turbo","Streamline","Auto Shields"],"picked":"Singing Bowl","floor":30.0},{"not_picked":["Leap","Scrape"],"picked":"Reinforced Body","floor":31.0},{"not_picked":["Sweeping Beam","Streamline"],"picked":"Force Field","floor":32.0}],"player_experience":811222,"relics_obtained":[{"floor":7.0,"key":"Unceasing Top"},{"floor":9.0,"key":"Bottled Tornado"},{"floor":10.0,"key":"Odd Mushroom"},{"floor":14.0,"key":"Strawberry"},{"floor":23.0,"key":"Singing Bowl"},{"floor":23.0,"key":"Dream Catcher"},{"floor":26.0,"key":"DataDisk"},{"floor":27.0,"key":"Art of War"},{"floor":27.0,"key":"Potion Belt"}],"event_choices":[{"damage_healed":0.0,"max_hp_gain":0.0,"max_hp_loss":0.0,"gold_gain":0.0,"event_name":"Scrap Ooze","player_choice":"Success","floor":3.0,"gold_loss":0.0,"damage_taken":25.0,"relics_obtained":["Regal Pillow"]},{"damage_healed":0.0,"max_hp_gain":0.0,"max_hp_loss":0.0,"gold_gain":0.0,"event_name":"Mushrooms","player_choice":"Fought Mushrooms","floor":10.0,"gold_loss":0.0,"damage_taken":0.0},{"damage_healed":0.0,"max_hp_gain":0.0,"max_hp_loss":0.0,"gold_gain":0.0,"event_name":"Ghosts","player_choice":"Ignored","floor":19.0,"gold_loss":0.0,"damage_taken":0.0},{"damage_healed":0.0,"max_hp_gain":0.0,"max_hp_loss":0.0,"gold_gain":0.0,"cards_transformed":["Defend_B"],"event_name":"Transmorgrifier","player_choice":"Transformed","floor":21.0,"gold_loss":0.0,"damage_taken":0.0,"cards_obtained":["Defragment"]}],"is_beta":false,"boss_relics":[{"not_picked":["Runic Pyramid","Busted Crown"],"picked":"Black Star"}],"items_purged_floors":[],"is_endless":false,"potions_floor_spawned":[2,5,8,10,13,16,18,23,27,29],"killed_by":"Automaton","ascension_level":14}