{"gold_per_floor":[113,129,140,154,167,167,117,132,155,27,52,52,69,69,69,164,164,179,192,142,67,67],"floor_reached":22,"playtime":2058,"items_purged":["Strike_B"],"score":235,"play_id":"ed525295-5566-4147-b1aa-5de1d3693e68","local_time":"20190622225557","is_ascension_mode":true,"campfire_choices":[{"data":"Zap","floor":6.0,"key":"SMITH"},{"floor":15.0,"key":"REST"}],"neow_cost":"NONE","seed_source_timestamp":0,"circlet_count":0,"master_deck":["Strike_B","Defend_B","Defend_B","Defend_B","Defend_B","Zap+1","Dualcast","Redo","Conserve Battery","Chill","Go for the Eyes","Gash","Scrape","Gash","Beam Cell","BootSequence","Gash+1"],"special_seed":0,"relics":["Cracked Core","Art of War","Smiling Mask","Letter Opener","Philosopher\u0027s Stone"],"potions_floor_usage":[18,22],"damage_taken":[{"damage":0.0,"enemies":"2 Louse","floor":1.0,"turns":2.0},{"damage":5.0,"enemies":"Small Slimes","floor":2.0,"turns":3.0},{"damage":0.0,"enemies":"Cultist","floor":3.0,"turns":2.0},{"damage":23.0,"enemies":"Exordium Wildlife","floor":4.0,"turns":6.0},{"damage":0.0,"enemies":"Red Slaver","floor":5.0,"turns":4.0},{"damage":3.0,"enemies":"Blue Slaver","floor":8.0,"turns":3.0},{"damage":32.0,"enemies":"Lagavulin","floor":11.0,"turns":7.0},{"damage":1.0,"enemies":"3 Louse","floor":13.0,"turns":2.0},{"damage":18.0,"enemies":"Slime Boss","floor":16.0,"turns":8.0},{"damage":7,"enemies":"Chosen","floor":18,"turns":5},{"damage":4,"enemies":"3 Byrds","floor":19,"turns":5},{"damage":48,"enemies":"Sentry and Sphere","floor":22,"turns":5}],"seed_played":"-8463057672603848030","potions_obtained":[{"floor":3.0,"key":"Explosive Potion"},{"floor":4.0,"key":"Energy Potion"},{"floor":5.0,"key":"FocusPotion"},{"floor":16.0,"key":"SkillPotion"}],"is_trial":false,"path_per_floor":["M","M","M","M","M","R","?","M","T","$","E","?","M","?","R","B",null,"M","M","$","?","M"],"character_chosen":"DEFECT","items_purchased":["Scrape","Gash"],"campfire_rested":1,"item_purchase_floors":[10,10],"current_hp_per_floor":[75,70,70,47,47,47,47,44,44,44,12,12,11,4,26,8,58,51,47,47,47,0],"gold":67,"neow_bonus":"RANDOM_COMMON_RELIC","is_prod":false,"is_daily":false,"chose_seed":false,"campfire_upgraded":1,"win_rate":0,"timestamp":1561258557,"path_taken":["M","M","M","M","M","R","?","M","T","$","E","?","?","?","R","BOSS","M","M","$","?","M"],"build_version":"2019-01-23","purchased_purges":1,"victory":false,"max_hp_per_floor":[75,75,75,75,75,75,75,75,75,75,75,75,75,75,75,75,75,75,75,75,75,75],"card_choices":[{"not_picked":["Melter","Cold Snap"],"picked":"Redo","floor":1.0},{"not_picked":["Storm","Undo"],"picked":"Conserve Battery","floor":2.0},{"not_picked":["Compile Driver","Hologram"],"picked":"Chill","floor":3.0},{"not_picked":["Ball Lightning","Leap"],"picked":"Go for the Eyes","floor":4.0},{"not_picked":["Go for the Eyes","Hello World"],"picked":"Gash","floor":5.0},{"not_picked":["Steam Power","Fusion","Redo"],"picked":"SKIP","floor":8.0},{"not_picked":["Scrape","Cold Snap"],"picked":"Beam Cell","floor":11.0},{"not_picked":["Conserve Battery","Beam Cell"],"picked":"BootSequence","floor":13.0},{"not_picked":["Sweeping Beam","Leap","Consume"],"picked":"SKIP","floor":18},{"not_picked":["Cold Snap","Rebound+1"],"picked":"Gash+1","floor":19}],"player_experience":385022,"relics_obtained":[{"floor":9.0,"key":"Smiling Mask"},{"floor":11.0,"key":"Letter Opener"}],"event_choices":[{"cards_removed":["Strike_B"],"damage_healed":0.0,"max_hp_gain":0.0,"max_hp_loss":0.0,"gold_gain":0.0,"event_name":"The Cleric","player_choice":"Card Removal","floor":7.0,"gold_loss":50.0,"damage_taken":0.0},{"damage_healed":0.0,"max_hp_gain":0.0,"max_hp_loss":0.0,"gold_gain":0.0,"event_name":"The Woman in Blue","player_choice":"Bought 0 Potions","floor":12.0,"gold_loss":0.0,"damage_taken":0.0},{"damage_healed":0.0,"max_hp_gain":0.0,"max_hp_loss":0.0,"gold_gain":0.0,"event_name":"Wheel of Change","player_choice":"Damaged","floor":14.0,"gold_loss":0.0,"damage_taken":7.0},{"cards_removed":["Strike_B"],"damage_healed":0,"gold_gain":0,"player_choice":"Gave Gold","damage_taken":0,"max_hp_gain":0,"max_hp_loss":0,"event_name":"Beggar","floor":21,"gold_loss":75}],"is_beta":false,"boss_relics":[{"not_picked":["Orrery","Ectoplasm"],"picked":"Philosopher\u0027s Stone"}],"items_purged_floors":[20],"is_endless":false,"potions_floor_spawned":[3,4,5,16],"killed_by":"Sentry and Sphere","ascension_level":5}