{"gold_per_floor":[113,113,125,125,148,148,175,188,238,293,9,24,24,38,38,109,109,109,109,109,109,109,109,109,109,109,109,109,109,109,109,109,109,109,109,9,9,9,9,9,9,9,9,9,9,9,9,9,9,9],"floor_reached":51,"playtime":3374,"items_purged":["Defend_B","Decay"],"score":1128,"play_id":"ebb0c9ee-6bed-497d-8788-e908455b615d","local_time":"20190702192548","is_ascension_mode":true,"campfire_choices":[{"data":"Dualcast","floor":6,"key":"SMITH"},{"data":"Zap","floor":13,"key":"SMITH"},{"data":"Rip and Tear","floor":15,"key":"SMITH"},{"data":"Buffer","floor":23,"key":"SMITH"},{"floor":32,"key":"REST"},{"floor":40,"key":"REST"},{"data":"Defragment","floor":44,"key":"SMITH"},{"data":"Go for the Eyes","floor":46,"key":"SMITH"},{"floor":49,"key":"REST"}],"neow_cost":"TEN_PERCENT_HP_LOSS","seed_source_timestamp":285492406392427,"circlet_count":0,"master_deck":["AscendersBane","Strike_B+1","Strike_B","Strike_B","Defend_B","Defend_B","Defend_B","Zap+1","Dualcast+1","Conserve Battery","Zap+1","Steam","Rip and Tear+1","Conserve Battery","Glacier","White Noise","Buffer+1","Melter","Coolheaded","Hologram","Electrodynamics","Defragment+1","Echo Form","Double Energy","Loop","Sweeping Beam+1","Self Repair","Go for the Eyes+1","Self Repair","Writhe","Beam Cell+1","Go for the Eyes+1"],"relics":["Cracked Core","Emotion Chip","Bag of Marbles","Centennial Puzzle","Boot","Incense Burner","Lee\u0027s Waffle","Ectoplasm","Bronze Scales","Mummified Hand","Cursed Key","Du-Vu Doll","Molten Egg 2","Prayer Wheel","Lantern"],"potions_floor_usage":[16,20,33,33,37,41,41,45,48],"damage_taken":[{"damage":5,"enemies":"Small Slimes","floor":1,"turns":3},{"damage":0,"enemies":"Cultist","floor":3,"turns":3},{"damage":23,"enemies":"3 Sentries","floor":7,"turns":5},{"damage":2,"enemies":"Jaw Worm","floor":8,"turns":2},{"damage":9,"enemies":"3 Sentries","floor":10,"turns":7},{"damage":0,"enemies":"Lots of Slimes","floor":12,"turns":5},{"damage":0,"enemies":"Exordium Wildlife","floor":14,"turns":2},{"damage":14,"enemies":"The Guardian","floor":16,"turns":9},{"damage":11,"enemies":"Shell Parasite","floor":18,"turns":4},{"damage":9,"enemies":"Spheric Guardian","floor":19,"turns":4},{"damage":7,"enemies":"Chosen and Byrds","floor":20,"turns":4},{"damage":16,"enemies":"Snake Plant","floor":22,"turns":3},{"damage":0,"enemies":"3 Cultists","floor":24,"turns":5},{"damage":27,"enemies":"Slavers","floor":27,"turns":3},{"damage":0,"enemies":"Chosen and Byrds","floor":28,"turns":5},{"damage":16,"enemies":"Snecko","floor":29,"turns":4},{"damage":0,"enemies":"Colosseum Slavers","floor":31,"turns":4},{"damage":4,"enemies":"Champ","floor":33,"turns":10},{"damage":0,"enemies":"3 Darklings","floor":35,"turns":5},{"damage":39,"enemies":"2 Orb Walkers","floor":37,"turns":4},{"damage":1,"enemies":"Orb Walker","floor":38,"turns":3},{"damage":0,"enemies":"Transient","floor":39,"turns":5},{"damage":20,"enemies":"Writhing Mass","floor":41,"turns":6},{"damage":26,"enemies":"Spire Growth","floor":42,"turns":4},{"damage":4,"enemies":"Mind Bloom Boss Battle","floor":45,"turns":7},{"damage":21,"enemies":"Reptomancer","floor":48,"turns":3},{"damage":66,"enemies":"Time Eater","floor":50,"turns":11}],"seed_played":"8180715567390037501","potions_obtained":[{"floor":7,"key":"FearPotion"},{"floor":10,"key":"Strength Potion"},{"floor":14,"key":"Block Potion"},{"floor":18,"key":"SneckoOil"},{"floor":19,"key":"AttackPotion"},{"floor":28,"key":"FocusPotion"},{"floor":33,"key":"AttackPotion"},{"floor":35,"key":"Block Potion"},{"floor":37,"key":"Regen Potion"},{"floor":42,"key":"Regen Potion"},{"floor":45,"key":"SneckoOil"}],"is_trial":false,"path_per_floor":["M","?","M","?","T","R","E","M","T","?","$","M","R","M","R","B",null,"M","M","M","?","M","R","M","?","T","E","M","M","?","?","R","B",null,"M","$","?","M","M","R","M","M","T","R","?","R","?","E","R","B",null],"character_chosen":"DEFECT","items_purchased":["Lee\u0027s Waffle"],"campfire_rested":3,"item_purchase_floors":[11],"current_hp_per_floor":[59,59,59,46,46,46,23,21,21,12,71,71,71,71,71,57,68,57,48,41,41,25,25,25,48,48,21,21,5,5,5,26,22,59,59,59,20,19,19,40,42,23,23,23,62,62,62,48,69,10],"gold":9,"neow_bonus":"ONE_RARE_RELIC","is_prod":false,"is_daily":false,"chose_seed":false,"campfire_upgraded":6,"win_rate":0,"timestamp":1562066748,"path_taken":["M","?","?","?","?","R","E","?","T","?","$","M","R","M","R","BOSS","M","M","M","?","?","R","M","?","T","E","M","M","?","?","R","BOSS","M","$","?","M","M","R","M","M","T","R","?","R","?","E","R","BOSS"],"build_version":"2019-07-01","purchased_purges":2,"victory":true,"max_hp_per_floor":[64,64,64,64,64,64,64,64,64,64,71,71,71,71,71,71,71,71,71,71,71,71,71,71,71,71,71,71,71,71,71,71,71,71,71,71,71,71,71,71,71,71,71,71,71,71,71,71,71,71],"card_choices":[{"not_picked":["Reinforced Body","Hologram"],"picked":"Conserve Battery","floor":1},{"not_picked":["Go for the Eyes","BootSequence"],"picked":"Rip and Tear","floor":3},{"not_picked":["Recycle","Steam","Redo"],"picked":"SKIP","floor":7},{"not_picked":["Lockon","Gash"],"picked":"Conserve Battery","floor":8},{"not_picked":["Cold Snap","Rebound"],"picked":"Glacier","floor":10},{"not_picked":["Cold Snap","Rip and Tear"],"picked":"White Noise","floor":12},{"not_picked":["Meteor Strike","Rebound","Undo"],"picked":"SKIP","floor":14},{"not_picked":["All For One","Core Surge"],"picked":"Buffer","floor":16},{"not_picked":["Beam Cell","Conserve Battery","Streamline"],"picked":"SKIP","floor":18},{"not_picked":["Gash+1","Aggregate"],"picked":"Melter","floor":19},{"not_picked":["Stack+1","Steam+1"],"picked":"Coolheaded","floor":20},{"not_picked":["Steam","Melter"],"picked":"Hologram","floor":22},{"not_picked":["Darkness+1","Blizzard"],"picked":"Electrodynamics","floor":24},{"not_picked":["Doom and Gloom","Undo","Melter"],"picked":"SKIP","floor":27},{"not_picked":["Skim","Conserve Battery"],"picked":"Defragment","floor":28},{"not_picked":["Hologram","Hello World","Beam Cell"],"picked":"SKIP","floor":29},{"not_picked":["Buffer","Electrodynamics"],"picked":"Echo Form","floor":33},{"not_picked":["Steam Power","Sweeping Beam"],"picked":"Double Energy","floor":35},{"not_picked":["Hologram+1","Tempest"],"picked":"Loop","floor":37},{"not_picked":["Sunder","Sweeping Beam+1","Thunder Strike"],"picked":"SKIP","floor":38},{"not_picked":["Sunder","Thunder Strike"],"picked":"Sweeping Beam+1","floor":38},{"not_picked":["Glacier","Defragment"],"picked":"Self Repair","floor":39},{"not_picked":["Leap","Blizzard+1"],"picked":"Go for the Eyes","floor":41},{"not_picked":["Aggregate","Turbo"],"picked":"Self Repair","floor":42},{"not_picked":["Steam","Gash+1"],"picked":"Beam Cell+1","floor":45},{"not_picked":["Hologram","Recycle"],"picked":"Go for the Eyes+1","floor":48}],"player_experience":1137288,"relics_obtained":[{"floor":5,"key":"Bag of Marbles"},{"floor":7,"key":"Centennial Puzzle"},{"floor":9,"key":"Boot"},{"floor":10,"key":"Incense Burner"},{"floor":26,"key":"Bronze Scales"},{"floor":27,"key":"Mummified Hand"},{"floor":37,"key":"Du-Vu Doll"},{"floor":43,"key":"Molten Egg 2"},{"floor":45,"key":"Prayer Wheel"},{"floor":48,"key":"Lantern"}],"event_choices":[{"damage_healed":0,"gold_gain":0,"player_choice":"2 cards matched","damage_taken":0,"max_hp_gain":0,"max_hp_loss":0,"event_name":"Match and Keep!","floor":2,"gold_loss":0,"cards_obtained":["Zap","Steam"]},{"damage_healed":0,"gold_gain":0,"player_choice":"Entered Light","damage_taken":13,"max_hp_gain":0,"max_hp_loss":0,"event_name":"Shining Light","floor":4,"gold_loss":0,"cards_upgraded":["Zap","Strike_B"]},{"damage_healed":0,"gold_gain":0,"player_choice":"Searched \u00272\u0027 times","damage_taken":0,"max_hp_gain":0,"max_hp_loss":0,"event_name":"Dead Adventurer","floor":10,"gold_loss":0},{"damage_healed":0,"gold_gain":0,"player_choice":"Bought 0 Potions","damage_taken":0,"max_hp_gain":0,"max_hp_loss":0,"event_name":"The Woman in Blue","floor":21,"gold_loss":0},{"damage_healed":23,"gold_gain":0,"player_choice":"Heal","damage_taken":0,"max_hp_gain":0,"max_hp_loss":0,"event_name":"The Library","floor":25,"gold_loss":0},{"damage_healed":0,"gold_gain":0,"player_choice":"Smashed Altar","damage_taken":0,"max_hp_gain":0,"max_hp_loss":0,"event_name":"Forgotten Altar","floor":30,"gold_loss":0,"cards_obtained":["Decay"]},{"damage_healed":0,"gold_gain":0,"player_choice":"Fight","damage_taken":0,"max_hp_gain":0,"max_hp_loss":0,"event_name":"Colosseum","floor":31,"gold_loss":0},{"damage_healed":0,"gold_gain":0,"player_choice":"Fled From Nobs","damage_taken":0,"max_hp_gain":0,"max_hp_loss":0,"event_name":"Colosseum","floor":31,"gold_loss":0},{"damage_healed":0,"gold_gain":0,"player_choice":"Fight","damage_taken":0,"max_hp_gain":0,"max_hp_loss":0,"event_name":"Mysterious Sphere","floor":37,"gold_loss":0},{"damage_healed":0,"gold_gain":0,"player_choice":"Fight","damage_taken":0,"max_hp_gain":0,"max_hp_loss":0,"event_name":"MindBloom","floor":45,"gold_loss":0},{"cards_removed":["Strike_B"],"damage_healed":0,"gold_gain":0,"player_choice":"Removed Attack","damage_taken":0,"max_hp_gain":0,"max_hp_loss":0,"event_name":"Falling","floor":47,"gold_loss":0}],"is_beta":false,"boss_relics":[{"not_picked":["Tiny House","White Beast Statue"],"picked":"Ectoplasm"},{"not_picked":["Orrery","Runic Pyramid"],"picked":"Cursed Key"}],"items_purged_floors":[11,36],"is_endless":false,"potions_floor_spawned":[7,10,14,18,19,28,29,31,33,35,37,42,45],"ascension_level":14}