{"gold_per_floor":[369,183,202,15,31,31,31,31,31,49,49,64,97,116,116,116],"floor_reached":16,"playtime":1208,"items_purged":["Strike_B","Strike_B"],"score":158,"play_id":"fbf42f35-b9ea-4ffa-ac77-7a58ae5f0b96","local_time":"20190703105734","is_ascension_mode":true,"campfire_choices":[{"data":"Zap","floor":6,"key":"SMITH"},{"floor":11,"key":"REST"},{"data":"Dualcast","floor":15,"key":"SMITH"}],"neow_cost":"PERCENT_DAMAGE","seed_source_timestamp":165792089258487,"circlet_count":0,"master_deck":["AscendersBane","Strike_B","Defend_B","Defend_B","Defend_B","Zap+1","Dualcast+1","Conserve Battery","Sunder","Skim","Coolheaded","Glacier","Streamline","Loop","Coolheaded","Chill","Hologram"],"relics":["Cracked Core","Cables","Dodecahedron"],"potions_floor_usage":[16],"damage_taken":[{"damage":1,"enemies":"2 Louse","floor":1,"turns":4},{"damage":0,"enemies":"Jaw Worm","floor":3,"turns":4},{"damage":0,"enemies":"Cultist","floor":5,"turns":4},{"damage":5,"enemies":"Lots of Slimes","floor":10,"turns":3},{"damage":0,"enemies":"Blue Slaver","floor":12,"turns":5},{"damage":19,"enemies":"Gremlin Nob","floor":13,"turns":5},{"damage":0,"enemies":"2 Fungi Beasts","floor":14,"turns":2},{"damage":43,"enemies":"Slime Boss","floor":16,"turns":8}],"seed_played":"-1115659612425286819","potions_obtained":[{"floor":10,"key":"LiquidBronze"},{"floor":12,"key":"PowerPotion"}],"is_trial":false,"path_per_floor":["M","$","M","$","M","R","?","?","T","M","R","M","E","M","R","B"],"character_chosen":"DEFECT","items_purchased":["Sunder","Skim","Glacier","Streamline"],"campfire_rested":1,"item_purchase_floors":[2,2,4,4],"current_hp_per_floor":[49,49,49,49,49,49,42,42,42,37,59,59,40,40,40,0],"gold":116,"neow_bonus":"TWO_FIFTY_GOLD","is_prod":false,"is_daily":false,"chose_seed":false,"campfire_upgraded":2,"win_rate":0,"timestamp":1562165854,"path_taken":["M","$","M","$","M","R","?","?","T","M","R","?","E","M","R","BOSS"],"build_version":"2019-07-01","purchased_purges":2,"victory":false,"max_hp_per_floor":[75,75,75,75,75,75,75,75,75,75,75,75,75,75,75,75],"card_choices":[{"not_picked":["Redo","Rebound"],"picked":"Conserve Battery","floor":1},{"not_picked":["Defragment","Cold Snap"],"picked":"Coolheaded","floor":3},{"not_picked":["Conserve Battery","Gash"],"picked":"Loop","floor":5},{"not_picked":["Sweeping Beam","Lockon"],"picked":"Coolheaded","floor":10},{"not_picked":["Streamline","Gash"],"picked":"Chill","floor":12},{"not_picked":["Heatsinks","Reprogram"],"picked":"Hologram","floor":13},{"not_picked":["Steam","Compile Driver","Stack"],"picked":"SKIP","floor":14}],"player_experience":517010,"relics_obtained":[{"floor":9,"key":"Cables"},{"floor":13,"key":"Dodecahedron"}],"event_choices":[{"cards_removed":["Strike_B"],"damage_healed":0,"gold_gain":0,"player_choice":"Card Removal","damage_taken":7,"max_hp_gain":0,"max_hp_loss":0,"event_name":"Golden Wing","floor":7,"gold_loss":0},{"cards_removed":["Defend_B"],"damage_healed":0,"gold_gain":0,"player_choice":"Offered Basic","damage_taken":0,"max_hp_gain":0,"max_hp_loss":0,"event_name":"Bonfire Elementals","floor":8,"gold_loss":0}],"is_beta":false,"boss_relics":[],"items_purged_floors":[2,4],"is_endless":false,"potions_floor_spawned":[10,12],"killed_by":"Slime Boss","ascension_level":11}