{"gold_per_floor":[115,115,132,147,160,195,195,224,247,247,259,259,259,276,276,381,431,447,457,472,572,572,572],"floor_reached":23,"playtime":1057,"items_purged":[],"score":322,"play_id":"bbb0a940-cd55-4c6a-a33c-337be3bd6bf2","local_time":"20190625193524","is_ascension_mode":true,"campfire_choices":[{"data":"Sweeping Beam","floor":7,"key":"SMITH"},{"floor":10,"key":"REST"},{"floor":15,"key":"REST"}],"neow_cost":"NONE","seed_source_timestamp":956001289417136,"circlet_count":0,"master_deck":["Strike_B","Strike_B","Strike_B","Defend_B","Defend_B","Defend_B","Defend_B","Zap+1","Dualcast","Sweeping Beam+1","Heatsinks","Loop+1","Leap","Heatsinks","Electrodynamics"],"relics":["Cracked Core","Mango","Ancient Tea Set","Art of War","Tiny House"],"potions_floor_usage":[8,14,14,16,20,22,23,23,23,23,23],"damage_taken":[{"damage":0,"enemies":"2 Louse","floor":1,"turns":2},{"damage":0,"enemies":"Small Slimes","floor":3,"turns":2},{"damage":1,"enemies":"Cultist","floor":4,"turns":3},{"damage":2,"enemies":"2 Fungi Beasts","floor":5,"turns":3},{"damage":35,"enemies":"Lagavulin","floor":6,"turns":6},{"damage":38,"enemies":"Gremlin Nob","floor":8,"turns":4},{"damage":2,"enemies":"Exordium Wildlife","floor":11,"turns":3},{"damage":27,"enemies":"Exordium Thugs","floor":14,"turns":4},{"damage":49,"enemies":"The Guardian","floor":16,"turns":15},{"damage":8,"enemies":"Chosen","floor":18,"turns":6},{"damage":43,"enemies":"2 Thieves","floor":19,"turns":4},{"damage":7,"enemies":"3 Cultists","floor":20,"turns":4},{"damage":2,"enemies":"Cultist and Chosen","floor":22,"turns":2},{"damage":24,"enemies":"Slavers","floor":23,"turns":1}],"seed_played":"4622172927718591013","potions_obtained":[{"floor":5,"key":"Fire Potion"},{"floor":6,"key":"SkillPotion"},{"floor":8,"key":"FearPotion"},{"floor":11,"key":"Energy Potion"},{"floor":14,"key":"Explosive Potion"},{"floor":17,"key":"SmokeBomb"},{"floor":19,"key":"Energy Potion"},{"floor":20,"key":"EntropicBrew"}],"is_trial":false,"path_per_floor":["M","?","M","M","M","E","R","E","T","R","M","?","?","M","R","B",null,"M","M","M","?","M","E"],"character_chosen":"DEFECT","items_purchased":[],"campfire_rested":2,"item_purchase_floors":[],"current_hp_per_floor":[68,68,68,67,65,44,44,6,6,32,30,30,59,32,58,9,74,66,23,16,16,14,0],"gold":572,"neow_bonus":"UPGRADE_CARD","is_prod":false,"is_daily":false,"chose_seed":false,"campfire_upgraded":1,"win_rate":0,"timestamp":1561462524,"path_taken":["M","?","M","M","M","E","R","E","T","R","M","?","?","M","R","BOSS","M","M","M","?","M","E"],"build_version":"2019-01-23","purchased_purges":0,"victory":false,"max_hp_per_floor":[75,75,75,75,75,89,89,89,89,89,89,89,89,89,89,89,94,94,94,94,94,94,94],"card_choices":[{"not_picked":["Compile Driver","Chaos"],"picked":"Sweeping Beam","floor":1},{"not_picked":["Scrape","Redo"],"picked":"Heatsinks","floor":3},{"not_picked":["Consume","Stack","Blizzard"],"picked":"SKIP","floor":4},{"not_picked":["Coolheaded","Reprogram"],"picked":"Loop","floor":5},{"not_picked":["Turbo","Coolheaded"],"picked":"Leap","floor":6},{"not_picked":["Barrage","Conserve Battery"],"picked":"Heatsinks","floor":8},{"not_picked":["Leap","Streamline","Cold Snap"],"picked":"SKIP","floor":11},{"not_picked":["Rebound","Heatsinks","All For One"],"picked":"SKIP","floor":14},{"not_picked":["Creative AI","Seek"],"picked":"Electrodynamics","floor":16},{"not_picked":["Barrage","Skim","Reprogram"],"picked":"SKIP","floor":18},{"not_picked":["Redo","Coolheaded","Gash"],"picked":"SKIP","floor":19},{"not_picked":["Stack","Streamline","Genetic Algorithm"],"picked":"SKIP","floor":20}],"player_experience":1042785,"relics_obtained":[{"floor":6,"key":"Mango"},{"floor":8,"key":"Ancient Tea Set"},{"floor":9,"key":"Art of War"}],"event_choices":[{"damage_healed":0,"gold_gain":0,"player_choice":"Ignored","damage_taken":0,"max_hp_gain":0,"max_hp_loss":0,"event_name":"Liars Game","floor":2,"gold_loss":0},{"cards_removed":["Strike_B"],"damage_healed":0,"gold_gain":0,"player_choice":"Forget","damage_taken":0,"max_hp_gain":0,"max_hp_loss":0,"event_name":"Living Wall","floor":12,"gold_loss":0},{"damage_healed":29,"gold_gain":0,"player_choice":"Banana","damage_taken":0,"max_hp_gain":0,"max_hp_loss":0,"event_name":"Big Fish","floor":13,"gold_loss":0},{"damage_healed":0,"gold_gain":100,"player_choice":"Pray","damage_taken":0,"max_hp_gain":0,"max_hp_loss":0,"event_name":"Golden Shrine","floor":21,"gold_loss":0}],"is_beta":false,"boss_relics":[{"not_picked":["Black Star","FrozenCore"],"picked":"Tiny House"}],"items_purged_floors":[],"is_endless":false,"potions_floor_spawned":[5,6,8,11,14,19,20],"killed_by":"Slavers","ascension_level":9}