{"gold_per_floor":[99,49,49,49,49,49,49,49,49,49,49,49,49,49,49,49],"floor_reached":16,"playtime":683,"items_purged":[],"score":187,"play_id":"dd0029bb-ccd3-4ab8-82cd-e919d7c2a708","local_time":"20190701203403","is_ascension_mode":true,"campfire_choices":[{"data":"Zap","floor":6,"key":"SMITH"},{"floor":10,"key":"REST"},{"floor":15,"key":"REST"}],"neow_cost":"NONE","seed_source_timestamp":205896310193627,"circlet_count":0,"master_deck":["AscendersBane","Strike_B","Strike_B","Strike_B","Defend_B","Defend_B","Defend_B","Defend_B+1","Zap+1","Dualcast+1","Loop","Chill","Beam Cell","Electrodynamics","Conserve Battery","Defragment","Glacier"],"relics":["Ectoplasm","Bag of Preparation","War Paint","Odd Mushroom","Omamori","Juzu Bracelet"],"potions_floor_usage":[1,13],"damage_taken":[{"damage":7,"enemies":"Small Slimes","floor":1,"turns":3},{"damage":4,"enemies":"2 Louse","floor":3,"turns":2},{"damage":0,"enemies":"Jaw Worm","floor":4,"turns":6},{"damage":40,"enemies":"Gremlin Nob","floor":7,"turns":5},{"damage":0,"enemies":"The Mushroom Lair","floor":8,"turns":5},{"damage":5,"enemies":"Blue Slaver","floor":11,"turns":3},{"damage":13,"enemies":"Large Slime","floor":12,"turns":4},{"damage":8,"enemies":"Lagavulin","floor":13,"turns":7},{"damage":32,"enemies":"Slime Boss","floor":16,"turns":6}],"seed_played":"417390485182028618","potions_obtained":[{"floor":1,"key":"Fruit Juice"},{"floor":3,"key":"SmokeBomb"},{"floor":8,"key":"Strength Potion"},{"floor":11,"key":"Block Potion"}],"is_trial":false,"path_per_floor":["M","?","M","M","?","R","E","?","T","R","M","M","E","?","R","B"],"character_chosen":"DEFECT","items_purchased":[],"campfire_rested":2,"item_purchase_floors":[],"current_hp_per_floor":[62,62,58,58,51,51,11,11,11,33,28,15,7,7,29,0],"gold":49,"neow_bonus":"BOSS_RELIC","is_prod":false,"is_daily":false,"chose_seed":false,"campfire_upgraded":1,"win_rate":0,"timestamp":1561984443,"path_taken":["M","?","M","M","?","R","E","?","T","R","M","M","E","?","R","BOSS"],"build_version":"2019-01-23","purchased_purges":0,"victory":false,"max_hp_per_floor":[76,76,76,76,76,76,76,76,76,76,76,76,76,76,76,76],"card_choices":[{"not_picked":["Auto Shields","Barrage"],"picked":"Loop","floor":1},{"not_picked":["Force Field","Streamline"],"picked":"Chill","floor":3},{"not_picked":["Rebound","Aggregate","Steam Power"],"picked":"SKIP","floor":4},{"not_picked":["Darkness","Hello World"],"picked":"Beam Cell","floor":7},{"not_picked":["Go for the Eyes","Hologram"],"picked":"Electrodynamics","floor":8},{"not_picked":["Compile Driver","Coolheaded"],"picked":"Conserve Battery","floor":11},{"not_picked":["White Noise","Consume"],"picked":"Defragment","floor":12},{"not_picked":["Ball Lightning","Blizzard"],"picked":"Glacier","floor":13}],"player_experience":1124512,"relics_obtained":[{"floor":7,"key":"War Paint"},{"floor":8,"key":"Odd Mushroom"},{"floor":9,"key":"Omamori"},{"floor":13,"key":"Juzu Bracelet"}],"event_choices":[{"cards_removed":["Strike_B"],"damage_healed":0,"gold_gain":0,"player_choice":"Card Removal","damage_taken":0,"max_hp_gain":0,"max_hp_loss":0,"event_name":"The Cleric","floor":2,"gold_loss":50},{"damage_healed":0,"gold_gain":0,"player_choice":"Success","damage_taken":7,"relics_obtained":["Bag of Preparation"],"max_hp_gain":0,"max_hp_loss":0,"event_name":"Scrap Ooze","floor":5,"gold_loss":0},{"damage_healed":0,"gold_gain":0,"player_choice":"Fought Mushrooms","damage_taken":0,"max_hp_gain":0,"max_hp_loss":0,"event_name":"Mushrooms","floor":8,"gold_loss":0},{"damage_healed":0,"gold_gain":0,"player_choice":"Ignored","damage_taken":0,"max_hp_gain":0,"max_hp_loss":0,"event_name":"Liars Game","floor":14,"gold_loss":0}],"is_beta":false,"boss_relics":[],"items_purged_floors":[],"is_endless":false,"potions_floor_spawned":[1,3,8,11],"killed_by":"Slime Boss","ascension_level":14}