{"gold_per_floor":[112,126,145,163,182,208,208,219,268,268,286,306,306,340,340,444,444,459,18,18,0,16,16,46,46,46,46,62,62,75,85,85,186,186,198,217,142,142],"floor_reached":38,"playtime":2816,"items_purged":[],"score":408,"play_id":"668cff7a-6766-4bac-9fe0-c05231adb2f8","local_time":"20190628230905","is_ascension_mode":false,"campfire_choices":[{"data":"Armaments","floor":7,"key":"SMITH"},{"data":"Corruption","floor":10,"key":"SMITH"},{"floor":13,"key":"REST"},{"data":"Feel No Pain","floor":15,"key":"SMITH"},{"data":"Finesse","floor":23,"key":"SMITH"},{"floor":25,"key":"REST"},{"floor":32,"key":"REST"}],"neow_cost":"NONE","seed_source_timestamp":548246812004638,"circlet_count":0,"master_deck":["Strike_R+1","Strike_R+1","Strike_R+1","Strike_R+1","Strike_R+1","Defend_R+1","Defend_R+1","Defend_R+1","Defend_R+1","Bash+1","Anger+1","Heavy Blade","Armaments+1","Bludgeon","Corruption+1","Seeing Red","Feel No Pain+1","Perfected Strike","Blood for Blood","Blood for Blood","Reaper","Warcry+1","Finesse+1","Warcry","Cleave","Flex","Rampage","Twin Strike+1","Shrug It Off","Armaments","Barricade","Blood for Blood","Headbutt+1","Inflame"],"relics":["Burning Blood","Sundial","Whetstone","Odd Mushroom","Vajra","Runic Dome","Bottled Lightning","MutagenicStrength","Shuriken","Pantograph","Eternal Feather"],"potions_floor_usage":[6,6,12,14,16,22,33,33],"damage_taken":[{"damage":5,"enemies":"Cultist","floor":1,"turns":4},{"damage":2,"enemies":"2 Louse","floor":2,"turns":3},{"damage":5,"enemies":"Small Slimes","floor":3,"turns":3},{"damage":14,"enemies":"Blue Slaver","floor":4,"turns":3},{"damage":7,"enemies":"2 Fungi Beasts","floor":5,"turns":4},{"damage":22,"enemies":"3 Sentries","floor":6,"turns":6},{"damage":3,"enemies":"Red Slaver","floor":8,"turns":3},{"damage":11,"enemies":"Blue Slaver","floor":11,"turns":4},{"damage":32,"enemies":"The Mushroom Lair","floor":12,"turns":6},{"damage":7,"enemies":"Gremlin Nob","floor":14,"turns":4},{"damage":31,"enemies":"Slime Boss","floor":16,"turns":10},{"damage":27,"enemies":"Spheric Guardian","floor":18,"turns":4},{"damage":5,"enemies":"Chosen","floor":22,"turns":4},{"damage":54,"enemies":"Slavers","floor":24,"turns":6},{"damage":45,"enemies":"Centurion and Healer","floor":28,"turns":6},{"damage":16,"enemies":"Snake Plant","floor":30,"turns":4},{"damage":13,"enemies":"Cultist and Chosen","floor":31,"turns":5},{"damage":78,"enemies":"Collector","floor":33,"turns":6},{"damage":35,"enemies":"3 Shapes","floor":35,"turns":6},{"damage":9,"enemies":"Orb Walker","floor":36,"turns":3},{"damage":74,"enemies":"2 Orb Walkers","floor":38,"turns":3}],"seed_played":"2982811652364550304","potions_obtained":[{"floor":2,"key":"Fire Potion"},{"floor":4,"key":"Regen Potion"},{"floor":5,"key":"EssenceOfSteel"},{"floor":12,"key":"EssenceOfSteel"},{"floor":14,"key":"Fire Potion"},{"floor":18,"key":"Fruit Juice"},{"floor":24,"key":"SteroidPotion"},{"floor":28,"key":"SteroidPotion"},{"floor":33,"key":"SkillPotion"}],"is_trial":false,"path_per_floor":["M","M","M","M","M","E","R","M","T","R","M","?","R","E","R","B",null,"M","$","?","?","M","R","E","R","T","?","M","?","M","M","R","B",null,"M","M","$","?"],"character_chosen":"IRONCLAD","items_purchased":["Bottled Lightning","Finesse","Warcry","Cleave","Inflame"],"campfire_rested":3,"item_purchase_floors":[19,19,19,19,37],"current_hp_per_floor":[88,88,88,80,79,78,78,81,81,81,76,50,76,75,75,50,88,67,67,67,67,73,73,25,52,52,52,31,31,29,28,55,21,93,64,61,61,0],"gold":142,"neow_bonus":"TEN_PERCENT_HP_BONUS","is_prod":false,"is_daily":false,"chose_seed":false,"campfire_upgraded":4,"win_rate":0.0,"timestamp":1561788545,"path_taken":["M","M","M","M","?","E","R","M","T","R","M","?","R","E","R","BOSS","M","$","?","?","M","R","E","R","T","?","M","?","M","?","R","BOSS","M","M","$","?"],"build_version":"2019-01-23","purchased_purges":0,"victory":false,"max_hp_per_floor":[88,88,88,88,88,88,88,88,88,88,88,88,88,88,88,88,88,88,88,88,88,93,93,93,93,93,93,93,93,93,93,93,93,93,93,93,93,93],"card_choices":[{"not_picked":["Clothesline","Flame Barrier"],"picked":"Anger","floor":1},{"not_picked":["Thunderclap","Anger"],"picked":"Heavy Blade","floor":2},{"not_picked":["Cleave","Clash"],"picked":"Armaments","floor":3},{"not_picked":["Body Slam","Armaments"],"picked":"Bludgeon","floor":4},{"not_picked":["Sword Boomerang","Shrug It Off"],"picked":"Corruption","floor":5},{"not_picked":["Berserk","Sever Soul"],"picked":"Seeing Red","floor":6},{"not_picked":["Fire Breathing","Pommel Strike"],"picked":"Feel No Pain","floor":8},{"not_picked":["True Grit","Anger"],"picked":"Perfected Strike","floor":11},{"not_picked":["Shrug It Off","Whirlwind"],"picked":"Blood for Blood","floor":12},{"not_picked":["Clothesline","Pummel"],"picked":"Blood for Blood","floor":14},{"not_picked":["Limit Break","Berserk"],"picked":"Reaper","floor":16},{"not_picked":["Sword Boomerang","Pommel Strike"],"picked":"Warcry+1","floor":18},{"not_picked":["Sword Boomerang","Corruption"],"picked":"Flex","floor":22},{"not_picked":["Flame Barrier+1","Rupture"],"picked":"Rampage","floor":24},{"not_picked":["Ghostly Armor","Clash"],"picked":"Twin Strike+1","floor":28},{"not_picked":["Cleave","Shockwave"],"picked":"Shrug It Off","floor":30},{"not_picked":["Perfected Strike","Sword Boomerang"],"picked":"Armaments","floor":31},{"not_picked":["Feed","Fiend Fire"],"picked":"Barricade","floor":33},{"not_picked":["True Grit","Sword Boomerang+1"],"picked":"Blood for Blood","floor":35},{"not_picked":["Second Wind","Perfected Strike+1"],"picked":"Headbutt+1","floor":36}],"player_experience":16487,"relics_obtained":[{"floor":6,"key":"Sundial"},{"floor":9,"key":"Whetstone"},{"floor":12,"key":"Odd Mushroom"},{"floor":14,"key":"Vajra"},{"floor":24,"key":"Shuriken"},{"floor":26,"key":"Pantograph"}],"event_choices":[{"damage_healed":0,"gold_gain":0,"player_choice":"Fought Mushrooms","damage_taken":0,"max_hp_gain":0,"max_hp_loss":0,"event_name":"Mushrooms","floor":12,"gold_loss":0},{"damage_healed":0,"gold_gain":0,"player_choice":"Inject Mutagens","damage_taken":0,"relics_obtained":["MutagenicStrength"],"max_hp_gain":0,"max_hp_loss":0,"event_name":"Drug Dealer","floor":20,"gold_loss":0},{"damage_healed":0,"gold_gain":0,"player_choice":"Paid Fearfully","damage_taken":0,"max_hp_gain":0,"max_hp_loss":0,"event_name":"Masked Bandits","floor":21,"gold_loss":18},{"damage_healed":0,"gold_gain":0,"player_choice":"Simplicity","damage_taken":0,"max_hp_gain":0,"max_hp_loss":0,"event_name":"Back to Basics","floor":27,"gold_loss":0,"cards_upgraded":["Strike_R","Strike_R","Strike_R","Strike_R","Defend_R","Defend_R","Defend_R","Defend_R"]},{"damage_healed":0,"gold_gain":0,"player_choice":"Upgraded","damage_taken":0,"max_hp_gain":0,"max_hp_loss":0,"event_name":"Upgrade Shrine","floor":29,"gold_loss":0,"cards_upgraded":["Anger"]},{"damage_healed":0,"gold_gain":0,"player_choice":"Fight","damage_taken":0,"max_hp_gain":0,"max_hp_loss":0,"event_name":"Mysterious Sphere","floor":38,"gold_loss":0}],"is_beta":false,"boss_relics":[{"not_picked":["Runic Cube","Mark of Pain"],"picked":"Runic Dome"},{"not_picked":["Calling Bell","Sozu"],"picked":"Eternal Feather"}],"items_purged_floors":[],"is_endless":false,"potions_floor_spawned":[2,4,5,12,14,18,24,28,33],"killed_by":"2 Orb Walkers","ascension_level":0}