{"gold_per_floor":[211,221,95,108,108,108,142,142,142,142,160,160,179,212,212,212],"floor_reached":16,"playtime":755,"items_purged":[],"score":187,"play_id":"c5e21554-5f83-4c6d-91ca-cbb6fde2bb03","local_time":"20190705211345","is_ascension_mode":true,"campfire_choices":[{"data":"Dash","floor":6.0,"key":"SMITH"},{"data":"Survivor","floor":10.0,"key":"SMITH"},{"floor":12,"key":"REST"},{"floor":15,"key":"REST"}],"neow_cost":"NONE","seed_source_timestamp":0,"circlet_count":0,"master_deck":["AscendersBane","Strike_G","Strike_G","Strike_G","Strike_G","Strike_G","Defend_G","Defend_G","Defend_G","Defend_G","Defend_G","Survivor+1","Neutralize","Crippling Poison","Quick Slash","Dash+1","Blade Dance+1","Finisher","Bullet Time","PiercingWail"],"special_seed":0,"relics":["Ring of the Snake","Bottled Lightning","CultistMask","Blue Candle","Lantern"],"potions_floor_usage":[16],"damage_taken":[{"damage":0.0,"enemies":"Cultist","floor":1.0,"turns":5.0},{"damage":5.0,"enemies":"2 Louse","floor":2.0,"turns":4.0},{"damage":0.0,"enemies":"Jaw Worm","floor":4.0,"turns":4.0},{"damage":19.0,"enemies":"Lagavulin","floor":7.0,"turns":6.0},{"damage":0.0,"enemies":"3 Louse","floor":11.0,"turns":2.0},{"damage":5,"enemies":"Exordium Thugs","floor":13,"turns":6},{"damage":23,"enemies":"3 Sentries","floor":14,"turns":11},{"damage":45,"enemies":"Slime Boss","floor":16,"turns":6}],"seed_played":"-7289488227496432478","potions_obtained":[{"floor":1.0,"key":"Energy Potion"},{"floor":2.0,"key":"FearPotion"},{"floor":7.0,"key":"Energy Potion"}],"is_trial":false,"path_per_floor":["M","M","$","M","?","R","E","?","T","R","M","R","M","E","R","B"],"character_chosen":"THE_SILENT","items_purchased":["Dash","Blade Dance"],"campfire_rested":2,"item_purchase_floors":[3,3],"current_hp_per_floor":[59,54,54,54,54,54,35,35,35,35,35,54,49,26,45,0],"gold":212,"neow_bonus":"HUNDRED_GOLD","is_prod":false,"is_daily":false,"chose_seed":false,"campfire_upgraded":2,"win_rate":0,"timestamp":1562332425,"path_taken":["M","M","$","M","?","R","E","?","T","R","?","R","M","E","R","BOSS"],"build_version":"2019-07-01","purchased_purges":0,"victory":false,"max_hp_per_floor":[66,66,66,66,66,66,66,66,66,66,66,66,66,66,66,66],"card_choices":[{"not_picked":["Deadly Poison","Backflip"],"picked":"Crippling Poison","floor":1.0},{"not_picked":["Underhanded Strike","Tactician"],"picked":"Quick Slash","floor":2.0},{"not_picked":["Dodge and Roll","Dash"],"picked":"Finisher","floor":4.0},{"not_picked":["Setup","Sucker Punch"],"picked":"Bullet Time","floor":7.0},{"not_picked":["Prepared","Deadly Poison","Bane"],"picked":"SKIP","floor":11.0},{"not_picked":["Acrobatics","Wraith Form v2","Flying Knee"],"picked":"SKIP","floor":13},{"not_picked":["Finisher","Acrobatics"],"picked":"PiercingWail","floor":14}],"player_experience":826043,"relics_obtained":[{"floor":7.0,"key":"Bottled Lightning"},{"floor":9.0,"key":"Blue Candle"},{"floor":14,"key":"Lantern"}],"event_choices":[{"damage_healed":0.0,"max_hp_gain":0.0,"max_hp_loss":0.0,"gold_gain":0.0,"event_name":"Living Wall","player_choice":"Grow","floor":5.0,"gold_loss":0.0,"damage_taken":0.0,"cards_upgraded":["Blade Dance"]},{"damage_healed":0.0,"max_hp_gain":0.0,"max_hp_loss":0.0,"gold_gain":0.0,"event_name":"FaceTrader","player_choice":"Trade","floor":8.0,"gold_loss":0.0,"damage_taken":0.0,"relics_obtained":["CultistMask"]}],"is_beta":false,"boss_relics":[],"items_purged_floors":[],"is_endless":false,"potions_floor_spawned":[1,2,7],"killed_by":"Slime Boss","ascension_level":14}