{"gold_per_floor":[118,131,131,148,6,6,33,47,72,72,84,98,116,134,134,237,237,251,262,262,280,295,295,295,295,322,322,322],"floor_reached":28,"playtime":1495,"items_purged":[],"score":249,"play_id":"5f1ce5a5-d65f-4410-a581-f7616d9515c5","local_time":"20190704162031","is_ascension_mode":false,"campfire_choices":[{"data":"Hello World","floor":6,"key":"SMITH"},{"data":"Electrodynamics","floor":10,"key":"SMITH"},{"data":"Loop","floor":15,"key":"SMITH"},{"floor":23,"key":"REST"},{"data":"Bite","floor":25,"key":"SMITH"}],"neow_cost":"NONE","seed_source_timestamp":84303481118286,"circlet_count":0,"master_deck":["Defend_B","Defend_B","Defend_B","Defend_B","Zap","Dualcast","Hello World+1","Gash","Gash","Electrodynamics+1","Sweeping Beam","Streamline","Stack","Loop+1","Redo","Self Repair","Go for the Eyes+1","Amplify","White Noise+1","Beam Cell","Bite+1","Bite","Bite","Bite","Bite","Purity","Bandage Up","Deep Breath"],"relics":["Cracked Core","NeowsBlessing","Oddly Smooth Stone","Bronze Scales","Black Star","Blood Vial"],"potions_floor_usage":[11,16,16,16],"damage_taken":[{"damage":0,"enemies":"Cultist","floor":1,"turns":1},{"damage":0,"enemies":"Small Slimes","floor":2,"turns":1},{"damage":0,"enemies":"Jaw Worm","floor":4,"turns":1},{"damage":18,"enemies":"3 Sentries","floor":7,"turns":3},{"damage":5,"enemies":"Gremlin Gang","floor":8,"turns":2},{"damage":18,"enemies":"Exordium Thugs","floor":11,"turns":2},{"damage":0,"enemies":"Lots of Slimes","floor":12,"turns":1},{"damage":0,"enemies":"3 Louse","floor":13,"turns":1},{"damage":8,"enemies":"Looter","floor":14,"turns":3},{"damage":13,"enemies":"The Guardian","floor":16,"turns":8},{"damage":15,"enemies":"3 Byrds","floor":18,"turns":3},{"damage":14,"enemies":"Chosen","floor":19,"turns":4},{"damage":24,"enemies":"3 Cultists","floor":21,"turns":4},{"damage":46,"enemies":"Shelled Parasite and Fungi","floor":22,"turns":5},{"damage":27,"enemies":"Slavers","floor":28,"turns":1}],"seed_played":"3784892369273571200","potions_obtained":[{"floor":1,"key":"AttackPotion"},{"floor":4,"key":"Strength Potion"},{"floor":8,"key":"EssenceOfSteel"},{"floor":13,"key":"AttackPotion"},{"floor":16,"key":"FocusPotion"},{"floor":19,"key":"Energy Potion"}],"is_trial":false,"path_per_floor":["M","M","?","M","$","R","E","M","T","R","M","M","M","M","R","B",null,"M","M","?","M","M","R","?","R","T","?","E"],"character_chosen":"DEFECT","items_purchased":["Electrodynamics"],"campfire_rested":1,"item_purchase_floors":[5],"current_hp_per_floor":[75,75,75,75,75,75,57,52,52,52,34,34,34,26,26,20,75,60,53,85,68,22,47,47,47,47,23,0],"gold":322,"neow_bonus":"THREE_ENEMY_KILL","is_prod":false,"is_daily":false,"chose_seed":false,"campfire_upgraded":4,"win_rate":0.0,"timestamp":1562221231,"path_taken":["M","?","?","M","?","R","E","M","T","R","M","M","?","M","R","BOSS","M","M","?","M","?","R","?","R","T","?","E"],"build_version":"2019-07-01","purchased_purges":0,"victory":false,"max_hp_per_floor":[75,75,75,75,75,75,75,75,75,75,75,75,75,75,75,75,75,75,75,85,85,85,85,59,59,59,59,59],"card_choices":[{"not_picked":["Streamline","Coolheaded"],"picked":"Hello World","floor":1},{"not_picked":["Blizzard","Leap"],"picked":"Gash","floor":2},{"not_picked":["Genetic Algorithm","Cold Snap"],"picked":"Gash","floor":4},{"not_picked":["Leap","Cold Snap"],"picked":"Sweeping Beam","floor":7},{"not_picked":["Chaos","Cold Snap"],"picked":"Streamline","floor":8},{"not_picked":["Biased Cognition","Steam Power"],"picked":"Stack","floor":11},{"not_picked":["White Noise","Steam"],"picked":"Loop","floor":12},{"not_picked":["Skim","Stack"],"picked":"Redo","floor":13},{"not_picked":["Tempest","Sweeping Beam"],"picked":"Self Repair","floor":14},{"not_picked":["Electrodynamics","Biased Cognition"],"picked":"Buffer","floor":16},{"not_picked":["Steam+1","FTL+1"],"picked":"Go for the Eyes+1","floor":18},{"not_picked":["Leap","Barrage"],"picked":"Amplify","floor":19},{"not_picked":["Genetic Algorithm","Sweeping Beam"],"picked":"White Noise+1","floor":21},{"not_picked":["Hologram","Sweeping Beam"],"picked":"Beam Cell","floor":22}],"player_experience":6628,"relics_obtained":[{"floor":7,"key":"Oddly Smooth Stone"},{"floor":9,"key":"Bronze Scales"},{"floor":26,"key":"Blood Vial"}],"event_choices":[{"damage_healed":0,"gold_gain":0,"player_choice":"Ignored","damage_taken":0,"max_hp_gain":0,"max_hp_loss":0,"event_name":"Golden Wing","floor":3,"gold_loss":0},{"cards_removed":["Buffer"],"damage_healed":22,"gold_gain":0,"player_choice":"Offered Rare","damage_taken":0,"max_hp_gain":10,"max_hp_loss":0,"event_name":"Bonfire Elementals","floor":20,"gold_loss":0},{"damage_healed":0,"gold_gain":0,"player_choice":"Became a vampire","damage_taken":0,"max_hp_gain":0,"max_hp_loss":26,"event_name":"Vampires","floor":24,"gold_loss":0,"cards_obtained":["Bite","Bite","Bite","Bite","Bite"]},{"damage_healed":0,"gold_gain":0,"player_choice":"CARD CARD CARD ","damage_taken":24,"max_hp_gain":0,"max_hp_loss":0,"event_name":"Knowing Skull","floor":27,"potions_obtained":[],"gold_loss":0,"cards_obtained":["Purity","Bandage Up","Deep Breath"]}],"is_beta":false,"boss_relics":[{"not_picked":["Cursed Key","Philosopher\u0027s Stone"],"picked":"Black Star"}],"items_purged_floors":[],"is_endless":false,"potions_floor_spawned":[1,4,8,13,16,19],"killed_by":"Slavers","ascension_level":0}