{"gold_per_floor":[117,117,135,147,159,187,187,198,198,198,225,225,242,252,252,349,349,363,363,133,133,143,143,160,179,204,222,249,274,306,343,355,367],"floor_reached":33,"playtime":2592,"items_purged":[],"score":323,"play_id":"784f695b-606a-488a-bb09-bdb066b865ec","local_time":"20190704225323","is_ascension_mode":false,"campfire_choices":[{"floor":7,"key":"REST"},{"data":"Fire Breathing","floor":12,"key":"SMITH"},{"data":"Seeing Red","floor":15,"key":"SMITH"},{"data":"Armaments","floor":23,"key":"SMITH"},{"data":"Ghostly","floor":32,"key":"SMITH"}],"neow_cost":"NONE","seed_source_timestamp":1065933476022857,"circlet_count":0,"master_deck":["Strike_R","Strike_R","Strike_R","Strike_R","Strike_R","Defend_R","Defend_R","Defend_R","Defend_R","Bash","Pommel Strike","Anger","Seeing Red+1","Inflame","Seeing Red","Fire Breathing+1","Flash of Steel","Iron Wave","Iron Wave","Reaper","Uppercut","Ghostly+1","Ghostly","Ghostly","Ghostly","Ghostly","Twin Strike","Armaments+1","Heavy Blade+1","Sword Boomerang+1","Spot Weakness","Cleave","Rage+1","Pommel Strike","Exhume","Iron Wave"],"relics":["Black Blood","Ancient Tea Set","Ornamental Fan","Red Skull","Bronze Scales","MutagenicStrength","Vajra","MawBank","Red Mask"],"potions_floor_usage":[5,6,16,16,18,25,29,30,31,31],"damage_taken":[{"damage":12,"enemies":"2 Louse","floor":1,"turns":3},{"damage":16,"enemies":"Jaw Worm","floor":3,"turns":4},{"damage":9,"enemies":"Small Slimes","floor":4,"turns":4},{"damage":16,"enemies":"Blue Slaver","floor":5,"turns":4},{"damage":6,"enemies":"Lagavulin","floor":6,"turns":5},{"damage":8,"enemies":"2 Fungi Beasts","floor":8,"turns":3},{"damage":0,"enemies":"3 Louse","floor":13,"turns":3},{"damage":1,"enemies":"Looter","floor":14,"turns":2},{"damage":12,"enemies":"Slime Boss","floor":16,"turns":6},{"damage":9,"enemies":"2 Thieves","floor":18,"turns":4},{"damage":3,"enemies":"Chosen","floor":22,"turns":5},{"damage":17,"enemies":"Snecko","floor":24,"turns":5},{"damage":12,"enemies":"Snake Plant","floor":25,"turns":4},{"damage":14,"enemies":"Centurion and Healer","floor":27,"turns":7},{"damage":14,"enemies":"Book of Stabbing","floor":28,"turns":5},{"damage":0,"enemies":"3 Cultists","floor":29,"turns":5},{"damage":25,"enemies":"Shelled Parasite and Fungi","floor":30,"turns":5},{"damage":5,"enemies":"Masked Bandits","floor":31,"turns":3},{"damage":64,"enemies":"Champ","floor":33,"turns":10}],"seed_played":"6045462390836662892","potions_obtained":[{"floor":4,"key":"Fruit Juice"},{"floor":5,"key":"Weak Potion"},{"floor":6,"key":"EssenceOfSteel"},{"floor":14,"key":"SkillPotion"},{"floor":16,"key":"Explosive Potion"},{"floor":24,"key":"AttackPotion"},{"floor":25,"key":"Swift Potion"},{"floor":28,"key":"Energy Potion"},{"floor":29,"key":"GamblersBrew"},{"floor":30,"key":"Regen Potion"}],"is_trial":false,"path_per_floor":["M","?","M","M","M","E","R","M","T","?","T","R","M","M","R","B",null,"M","?","$","?","M","R","M","M","T","M","E","M","M","?","R","B"],"character_chosen":"IRONCLAD","items_purchased":["Bronze Scales","Twin Strike","Armaments"],"campfire_rested":1,"item_purchase_floors":[20,20,20],"current_hp_per_floor":[74,79,69,66,61,61,88,86,86,86,86,86,90,90,90,84,90,90,45,45,45,45,45,38,36,36,32,30,45,30,44,44,0],"gold":367,"neow_bonus":"RANDOM_COLORLESS","is_prod":false,"is_daily":false,"chose_seed":false,"campfire_upgraded":4,"win_rate":0.0,"timestamp":1562306003,"path_taken":["M","?","M","M","M","E","R","M","T","?","?","R","M","M","R","BOSS","M","?","$","?","M","R","M","M","T","M","E","M","M","?","R","BOSS"],"build_version":"2019-07-01","purchased_purges":0,"victory":false,"max_hp_per_floor":[80,85,85,85,90,90,90,90,90,90,90,90,90,90,90,90,90,90,45,45,45,45,45,45,45,45,45,45,45,45,45,45,45],"card_choices":[{"not_picked":["Headbutt","Evolve"],"picked":"Pommel Strike","floor":1},{"not_picked":["True Grit","Headbutt"],"picked":"Anger","floor":3},{"not_picked":["Reckless Charge","Entrench"],"picked":"Seeing Red","floor":4},{"not_picked":["Anger","Wild Strike"],"picked":"Inflame","floor":5},{"not_picked":["Heavy Blade","Warcry"],"picked":"Seeing Red","floor":6},{"not_picked":["Havoc","Corruption"],"picked":"Fire Breathing","floor":8},{"not_picked":["True Grit","Thunderclap"],"picked":"Iron Wave","floor":13},{"not_picked":["Clash","Bloodletting"],"picked":"Iron Wave","floor":14},{"not_picked":["Immolate","Exhume"],"picked":"Reaper","floor":16},{"not_picked":["Thunderclap","Bloodletting+1"],"picked":"Uppercut","floor":18},{"not_picked":["Perfected Strike","Wild Strike+1"],"picked":"Heavy Blade+1","floor":22},{"not_picked":["Entrench","Armaments"],"picked":"Sword Boomerang+1","floor":24},{"not_picked":["Second Wind","Warcry"],"picked":"Spot Weakness","floor":25},{"not_picked":["Combust+1","Disarm"],"picked":"Cleave","floor":27},{"not_picked":["Blood for Blood","Bludgeon"],"picked":"Rage+1","floor":28},{"not_picked":["Body Slam","Heavy Blade"],"picked":"Pommel Strike","floor":29},{"not_picked":["Clothesline","Sever Soul"],"picked":"Exhume","floor":30},{"not_picked":["Headbutt","Shockwave"],"picked":"Iron Wave","floor":31}],"player_experience":87794,"relics_obtained":[{"floor":6,"key":"Ancient Tea Set"},{"floor":9,"key":"Ornamental Fan"},{"floor":11,"key":"Red Skull"},{"floor":26,"key":"Vajra"},{"floor":28,"key":"MawBank"},{"floor":31,"key":"Red Mask"}],"event_choices":[{"damage_healed":0,"gold_gain":0,"player_choice":"Donut","damage_taken":0,"max_hp_gain":5,"max_hp_loss":0,"event_name":"Big Fish","floor":2,"gold_loss":0},{"damage_healed":0,"gold_gain":0,"cards_transformed":["Deep Breath"],"player_choice":"Change","damage_taken":0,"max_hp_gain":0,"max_hp_loss":0,"event_name":"Living Wall","floor":10,"gold_loss":0,"cards_obtained":["Flash of Steel"]},{"damage_healed":0,"gold_gain":0,"player_choice":"Became a Ghost","damage_taken":0,"max_hp_gain":0,"max_hp_loss":45,"event_name":"Ghosts","floor":19,"gold_loss":0,"cards_obtained":["Ghostly","Ghostly","Ghostly","Ghostly","Ghostly"]},{"damage_healed":0,"gold_gain":0,"player_choice":"Inject Mutagens","damage_taken":0,"relics_obtained":["MutagenicStrength"],"max_hp_gain":0,"max_hp_loss":0,"event_name":"Drug Dealer","floor":21,"gold_loss":0},{"damage_healed":0,"gold_gain":0,"player_choice":"Fought Bandits","damage_taken":0,"max_hp_gain":0,"max_hp_loss":0,"event_name":"Masked Bandits","floor":31,"gold_loss":0}],"is_beta":false,"boss_relics":[{"not_picked":["Mark of Pain","Fusion Hammer"],"picked":"Black Blood"}],"items_purged_floors":[],"is_endless":false,"potions_floor_spawned":[4,5,6,14,16,24,25,28,29,30],"killed_by":"Champ","ascension_level":0}