{"gold_per_floor":[116,136,12,12,12,12,37,37,62,62,80,80,98,111,111,216,216,228,228],"floor_reached":19,"playtime":1447,"items_purged":["Strike_R"],"score":167,"play_id":"f0a8c96f-1133-4609-8e5f-4631d646a0c8","local_time":"20180723231447","is_ascension_mode":false,"campfire_choices":[{"data":"Headbutt","floor":6.0,"key":"SMITH"},{"data":"Defend_R","floor":8.0,"key":"SMITH"},{"data":"Clash","floor":10.0,"key":"SMITH"},{"data":"Armaments","floor":12.0,"key":"SMITH"},{"data":"Iron Wave","floor":15.0,"key":"SMITH"}],"neow_cost":"NONE","seed_source_timestamp":0,"circlet_count":0,"master_deck":["Strike_R+1","Strike_R","Strike_R","Strike_R","Defend_R+1","Defend_R","Defend_R","Defend_R","Headbutt+1","Seeing Red+1","Twin Strike","Clash+1","Clash+1","Armaments+1","Pommel Strike","Iron Wave+1","Double Tap","Anger+1"],"special_seed":0,"relics":["Burning Blood","Strawberry","Whetstone","Sozu"],"potions_floor_usage":[],"damage_taken":[{"damage":4.0,"enemies":"Jaw Worm","floor":1.0,"turns":5.0},{"damage":0.0,"enemies":"2 Louse","floor":2.0,"turns":2.0},{"damage":36.0,"enemies":"Gremlin Nob","floor":7.0,"turns":5.0},{"damage":0.0,"enemies":"Small Slimes","floor":11.0,"turns":1.0},{"damage":0.0,"enemies":"Looter","floor":13.0,"turns":2.0},{"damage":3.0,"enemies":"Large Slime","floor":14.0,"turns":6.0},{"damage":48.0,"enemies":"Hexaghost","floor":16.0,"turns":9.0},{"damage":0.0,"enemies":"Spheric Guardian","floor":18.0,"turns":1.0},{"damage":0,"enemies":"2 Thieves","floor":19,"turns":1}],"seed_played":"3662233124875789525","potions_obtained":[{"floor":1.0,"key":"GamblersBrew"},{"floor":13.0,"key":"Ancient Potion"}],"is_trial":false,"path_per_floor":["M","M","$","?","?","R","E","R","T","R","M","R","M","M","R","B",null,"M"],"character_chosen":"IRONCLAD","items_purchased":["Clash"],"campfire_rested":0,"item_purchase_floors":[3],"current_hp_per_floor":[80,80,80,80,85,85,62,62,62,62,68,68,74,77,77,35,92,92,92],"gold":228,"neow_bonus":"TRANSFORM_CARD","is_prod":false,"is_daily":false,"chose_seed":false,"campfire_upgraded":5,"win_rate":0,"timestamp":1532402087,"path_taken":["M","M","$","?","?","R","E","R","T","R","M","R","M","M","R","BOSS","M","M"],"build_version":"2018-07-19v2","purchased_purges":1,"victory":false,"max_hp_per_floor":[80,80,80,80,85,85,92,92,92,92,92,92,92,92,92,92,92,92,92],"card_choices":[{"not_picked":["Burning Pact","Infernal Blade"],"picked":"Seeing Red","floor":1.0},{"not_picked":["Thunderclap","Flex"],"picked":"Twin Strike","floor":2.0},{"not_picked":["Clothesline","Reckless Charge"],"picked":"Clash","floor":7.0},{"not_picked":["Reckless Charge","Entrench"],"picked":"Armaments","floor":11.0},{"not_picked":["Sword Boomerang","Armaments"],"picked":"Pommel Strike","floor":13.0},{"not_picked":["Thunderclap","Clothesline"],"picked":"Iron Wave","floor":14.0},{"not_picked":["Brutality","Dark Embrace"],"picked":"Double Tap","floor":16.0},{"not_picked":["Body Slam","Headbutt"],"picked":"Anger+1","floor":18.0}],"player_experience":222292,"relics_obtained":[{"floor":7.0,"key":"Strawberry"},{"floor":9.0,"key":"Whetstone"}],"event_choices":[{"event_name":"Living Wall","player_choice":"Grow","floor":4.0,"damage_taken":0.0},{"event_name":"Big Fish","player_choice":"Donut","floor":5.0,"damage_taken":0.0}],"is_beta":false,"boss_relics":[{"not_picked":["Fusion Hammer","Calling Bell"],"picked":"Sozu"}],"items_purged_floors":[3],"is_endless":false,"potions_floor_spawned":[1,13],"killed_by":"2 Thieves","ascension_level":0}