{"gold_per_floor":[211,224,239,414,175,175,208,208,233,233,233,254,274,295,295,421,421,437,458,244,244,95,95,95],"floor_reached":24,"playtime":5269,"items_purged":["Doubt","Strike_B","Strike_B"],"score":255,"play_id":"f7de0ec1-d587-49df-8084-50a58e24f6be","local_time":"20190626174505","is_ascension_mode":true,"campfire_choices":[{"data":"Zap","floor":6.0,"key":"SMITH"},{"data":"Dualcast","floor":8.0,"key":"SMITH"},{"floor":11.0,"key":"REST"},{"floor":15.0,"key":"REST"},{"floor":23,"key":"REST"}],"neow_cost":"NONE","seed_source_timestamp":0,"circlet_count":0,"master_deck":["Strike_B","Strike_B","Defend_B+1","Defend_B+1","Defend_B","Defend_B","Zap+1","Dualcast+1","Conserve Battery","Beam Cell","Darkness","Hologram","Self Repair","Chill","Go for the Eyes","Electrodynamics","Redo","Auto Shields+1","Capacitor","Reprogram","RitualDagger","Compile Driver"],"special_seed":0,"relics":["Cracked Core","Lantern","War Paint","Golden Idol","Philosopher\u0027s Stone"],"potions_floor_usage":[],"damage_taken":[{"damage":5.0,"enemies":"Small Slimes","floor":1.0,"turns":3.0},{"damage":0.0,"enemies":"2 Louse","floor":2.0,"turns":2.0},{"damage":4.0,"enemies":"Jaw Worm","floor":3.0,"turns":3.0},{"damage":28.0,"enemies":"Lagavulin","floor":7.0,"turns":7.0},{"damage":8.0,"enemies":"Blue Slaver","floor":12.0,"turns":4.0},{"damage":19.0,"enemies":"Exordium Thugs","floor":13.0,"turns":6.0},{"damage":0.0,"enemies":"Looter","floor":14.0,"turns":2.0},{"damage":26.0,"enemies":"Hexaghost","floor":16.0,"turns":9.0},{"damage":28,"enemies":"Shell Parasite","floor":18,"turns":8},{"damage":23,"enemies":"2 Thieves","floor":19,"turns":4},{"damage":47,"enemies":"Gremlin Leader","floor":24,"turns":5}],"seed_played":"6070556991992354618","potions_obtained":[{"floor":7.0,"key":"SneckoOil"},{"floor":13.0,"key":"LiquidBronze"},{"floor":14.0,"key":"FocusPotion"}],"is_trial":false,"path_per_floor":["M","M","M","?","$","R","E","R","T","?","R","M","M","M","R","B",null,"M","M","$","?","$","R","E"],"character_chosen":"DEFECT","items_purchased":["Darkness","Hologram","Self Repair","Capacitor","Reprogram","Compile Driver"],"campfire_rested":3,"item_purchase_floors":[5,5,5,20,20,22],"current_hp_per_floor":[63,63,59,59,59,59,38,38,38,20,42,41,29,29,51,32,64,43,27,27,21,21,43,0],"gold":95,"neow_bonus":"HUNDRED_GOLD","is_prod":false,"is_daily":false,"chose_seed":false,"campfire_upgraded":2,"win_rate":0,"timestamp":1561585505,"path_taken":["M","M","M","?","$","R","E","R","T","?","R","M","M","M","R","BOSS","M","M","$","?","$","R","E"],"build_version":"2019-01-23","purchased_purges":3,"victory":false,"max_hp_per_floor":[75,75,75,75,75,75,75,75,75,75,75,75,75,75,75,75,75,75,75,75,75,75,75,75],"card_choices":[{"not_picked":["Sweeping Beam","Leap"],"picked":"Conserve Battery","floor":1.0},{"not_picked":["Ball Lightning","Stack","Cold Snap"],"picked":"SKIP","floor":2.0},{"not_picked":["Undo","Auto Shields"],"picked":"Beam Cell","floor":3.0},{"not_picked":["Streamline","Beam Cell"],"picked":"Chill","floor":7.0},{"not_picked":["Streamline","Rebound","Conserve Battery"],"picked":"SKIP","floor":12.0},{"not_picked":["Rainbow","Gash","Double Energy"],"picked":"SKIP","floor":13.0},{"not_picked":["Streamline","Force Field"],"picked":"Go for the Eyes","floor":14.0},{"not_picked":["Hyperbeam","All For One"],"picked":"Electrodynamics","floor":16.0},{"not_picked":["Static Discharge","Leap+1"],"picked":"Redo","floor":18},{"not_picked":["Turbo+1","Force Field"],"picked":"Auto Shields+1","floor":19}],"player_experience":410544,"relics_obtained":[{"floor":7.0,"key":"Lantern"},{"floor":9.0,"key":"War Paint"}],"event_choices":[{"damage_healed":0.0,"max_hp_gain":0.0,"max_hp_loss":0.0,"gold_gain":175.0,"event_name":"Liars Game","player_choice":"AGREE","floor":4.0,"gold_loss":0.0,"damage_taken":0.0,"cards_obtained":["Doubt"]},{"damage_healed":0.0,"max_hp_gain":0.0,"max_hp_loss":0.0,"gold_gain":0.0,"event_name":"Golden Idol","player_choice":"Take Damage","floor":10.0,"gold_loss":0.0,"damage_taken":18.0,"relics_obtained":["Golden Idol"]},{"damage_healed":0,"gold_gain":0,"player_choice":"Joined the Cult","damage_taken":6,"max_hp_gain":0,"max_hp_loss":0,"event_name":"Nest","floor":21,"gold_loss":0,"cards_obtained":["RitualDagger"]}],"is_beta":false,"boss_relics":[{"not_picked":["Ectoplasm","Black Star"],"picked":"Philosopher\u0027s Stone"}],"items_purged_floors":[5,20,22],"is_endless":false,"potions_floor_spawned":[7,13,14],"killed_by":"Gremlin Leader","ascension_level":6}