{"gold_per_floor":[160,172,184,195,214,239,239,272,272,272],"floor_reached":10,"playtime":980,"items_purged":[],"score":88,"play_id":"270c14ce-5f3a-4aac-a1e2-1b1973c82928","local_time":"20190612171626","is_ascension_mode":true,"campfire_choices":[{"data":"Zap","floor":7,"key":"SMITH"}],"neow_cost":"NONE","seed_source_timestamp":72723801361760,"circlet_count":0,"master_deck":["Strike_B","Strike_B","Strike_B","Strike_B+1","Defend_B","Defend_B","Defend_B","Defend_B","Zap+1","Dualcast","Scrape","Go for the Eyes","Beam Cell","Go for the Eyes","Stack","Self Repair"],"relics":["Tiny House","The Courier","Bird Faced Urn","Meat on the Bone"],"potions_floor_usage":[10,10,10],"damage_taken":[{"damage":1,"enemies":"Cultist","floor":1,"turns":3},{"damage":5,"enemies":"2 Louse","floor":2,"turns":2},{"damage":8,"enemies":"Small Slimes","floor":3,"turns":3},{"damage":10,"enemies":"3 Louse","floor":4,"turns":4},{"damage":3,"enemies":"2 Fungi Beasts","floor":5,"turns":3},{"damage":26,"enemies":"Lagavulin","floor":6,"turns":6},{"damage":25,"enemies":"3 Sentries","floor":8,"turns":8},{"damage":8,"enemies":"Lagavulin","floor":10,"turns":4}],"seed_played":"-1893426556352193338","potions_obtained":[{"floor":0,"key":"SteroidPotion"},{"floor":1,"key":"FocusPotion"},{"floor":6,"key":"SpeedPotion"}],"is_trial":false,"path_per_floor":["M","M","M","M","M","E","R","E","T","E"],"character_chosen":"DEFECT","items_purchased":[],"campfire_rested":0,"item_purchase_floors":[],"current_hp_per_floor":[79,74,66,56,53,27,27,2,2,0],"gold":272,"neow_bonus":"BOSS_RELIC","is_prod":false,"is_daily":false,"chose_seed":false,"campfire_upgraded":1,"win_rate":0,"timestamp":1560374186,"path_taken":["M","M","M","?","M","E","R","E","T","E"],"build_version":"2019-01-23","purchased_purges":0,"victory":false,"max_hp_per_floor":[80,80,80,80,80,80,80,80,80,80],"card_choices":[{"not_picked":["Redo","Streamline"],"picked":"Scrape","floor":0},{"not_picked":["Conserve Battery","Heatsinks"],"picked":"Go for the Eyes","floor":1},{"not_picked":["Ball Lightning","Stack"],"picked":"Beam Cell","floor":2},{"not_picked":["Rip and Tear","Barrage","Undo"],"picked":"SKIP","floor":3},{"not_picked":["Streamline","Static Discharge","Undo"],"picked":"SKIP","floor":4},{"not_picked":["Steam Power","Barrage"],"picked":"Go for the Eyes","floor":5},{"not_picked":["Go for the Eyes","Rebound"],"picked":"Stack","floor":6},{"not_picked":["Hyperbeam","Darkness"],"picked":"Self Repair","floor":8}],"player_experience":319254,"relics_obtained":[{"floor":6,"key":"The Courier"},{"floor":8,"key":"Bird Faced Urn"},{"floor":9,"key":"Meat on the Bone"}],"event_choices":[],"is_beta":false,"boss_relics":[],"items_purged_floors":[],"is_endless":false,"potions_floor_spawned":[1,6],"killed_by":"Lagavulin","ascension_level":2}