{"gold_per_floor":[111,111,130,142,160,160,194,194,219,230,248,11,11,75,75,179,179,196,196,196,215,215,215,215,226,226,226,244,256,82,102,102,201,201,220,220,120,220,236,236,246,263,263,276,276,286,286,306,306,306],"floor_reached":50,"playtime":6521,"items_purged":["Defend_B","Strike_B"],"score":747,"play_id":"b6992dfa-42b7-48d1-ad68-bb6b7c606983","local_time":"20190701234700","is_ascension_mode":true,"campfire_choices":[{"data":"Zap","floor":6.0,"key":"SMITH"},{"floor":8.0,"key":"REST"},{"data":"Apotheosis","floor":13.0,"key":"SMITH"},{"floor":15.0,"key":"REST"},{"floor":23.0,"key":"REST"},{"floor":27.0,"key":"REST"},{"data":"Redo","floor":32.0,"key":"SMITH"},{"floor":40.0,"key":"REST"},{"floor":47,"key":"REST"},{"floor":49,"key":"REST"}],"neow_cost":"TEN_PERCENT_HP_LOSS","seed_source_timestamp":33742596188160,"circlet_count":0,"master_deck":["AscendersBane","Defend_B","Defend_B","Defend_B","Zap+1","Dualcast","Genetic Algorithm","Go for the Eyes","BootSequence","All For One","Coolheaded","Apotheosis+1","Beam Cell","Redo+1","Hyperbeam","Multi-Cast+1","Defragment+1","Barrage+1","Hologram","Necronomicurse","Gash","Steam+1","Seek","Madness","Madness","Coolheaded+1","Turbo","Reprogram+1","Echo Form","Gash","Gash+1"],"special_seed":0,"relics":["Cracked Core","Incense Burner","Art of War","Centennial Puzzle","Vajra","Potion Belt","Astrolabe","Necronomicon","Sundial","Torii","White Beast Statue","Ginger","Dream Catcher"],"potions_floor_usage":[41,42,44,50,50,50,50,50],"damage_taken":[{"damage":8.0,"enemies":"Jaw Worm","floor":1.0,"turns":4.0},{"damage":0.0,"enemies":"2 Louse","floor":3.0,"turns":3.0},{"damage":0.0,"enemies":"Cultist","floor":4.0,"turns":4.0},{"damage":3.0,"enemies":"Looter","floor":5.0,"turns":3.0},{"damage":14.0,"enemies":"Gremlin Nob","floor":7.0,"turns":4.0},{"damage":6.0,"enemies":"3 Louse","floor":10.0,"turns":3.0},{"damage":0.0,"enemies":"Exordium Thugs","floor":11.0,"turns":4.0},{"damage":20.0,"enemies":"Gremlin Nob","floor":14.0,"turns":3.0},{"damage":0.0,"enemies":"Slime Boss","floor":16.0,"turns":5.0},{"damage":2.0,"enemies":"3 Byrds","floor":18.0,"turns":3.0},{"damage":12.0,"enemies":"2 Thieves","floor":21.0,"turns":4.0},{"damage":10.0,"enemies":"Snecko","floor":25.0,"turns":5.0},{"damage":0.0,"enemies":"3 Cultists","floor":28.0,"turns":2.0},{"damage":0.0,"enemies":"Snake Plant","floor":29.0,"turns":3.0},{"damage":0.0,"enemies":"Snecko","floor":31.0,"turns":4.0},{"damage":46.0,"enemies":"Champ","floor":33.0,"turns":10.0},{"damage":1.0,"enemies":"3 Shapes","floor":35.0,"turns":2.0},{"damage":0.0,"enemies":"Mind Bloom Boss Battle","floor":38.0,"turns":6.0},{"damage":0.0,"enemies":"Orb Walker","floor":39.0,"turns":4.0},{"damage":7,"enemies":"Jaw Worm Horde","floor":41,"turns":2},{"damage":31,"enemies":"Spire Growth","floor":42,"turns":5},{"damage":17,"enemies":"4 Shapes","floor":44,"turns":4},{"damage":0,"enemies":"Jaw Worm Horde","floor":46,"turns":1},{"damage":0,"enemies":"Spire Growth","floor":48,"turns":3},{"damage":68,"enemies":"Time Eater","floor":50,"turns":10}],"seed_played":"-346751333006168935","potions_obtained":[{"floor":1.0,"key":"EssenceOfSteel"},{"floor":4.0,"key":"SteroidPotion"},{"floor":10.0,"key":"SteroidPotion"},{"floor":28.0,"key":"Fire Potion"},{"floor":31.0,"key":"Dexterity Potion"},{"floor":35.0,"key":"EssenceOfSteel"},{"floor":38.0,"key":"Dexterity Potion"},{"floor":41,"key":"Dexterity Potion"},{"floor":42,"key":"Energy Potion"},{"floor":44,"key":"GamblersBrew"},{"floor":46,"key":"Swift Potion"},{"floor":48,"key":"Block Potion"}],"is_trial":false,"path_per_floor":["M","?","M","M","M","R","E","R","T","M","M","$","R","?","R","B",null,"M","?","?","M","?","R","?","M","T","R","M","M","$","M","R","B",null,"M","?","$","?","M","R","M","M","T","M","?","M","R","M","R","B"],"character_chosen":"DEFECT","items_purchased":["Apotheosis","Beam Cell","Redo","Fire Potion","Fire Potion"],"campfire_rested":7,"item_purchase_floors":[12,12,12,30,30],"current_hp_per_floor":[60,35,35,35,32,32,18,38,38,32,32,32,32,12,32,32,59,57,57,41,29,29,49,49,39,39,59,59,59,59,59,59,13,54,53,44,44,44,44,64,57,26,26,9,9,9,29,29,49,0],"gold":306,"neow_bonus":"ONE_RARE_RELIC","is_prod":false,"is_daily":false,"chose_seed":false,"campfire_upgraded":3,"win_rate":0,"timestamp":1562039220,"path_taken":["M","?","M","M","M","R","E","R","T","M","M","$","R","?","R","BOSS","M","?","?","M","?","R","?","?","T","R","M","M","$","M","R","BOSS","M","?","$","?","M","R","?","M","T","M","?","M","R","M","R","BOSS"],"build_version":"2019-07-01","purchased_purges":2,"victory":false,"max_hp_per_floor":[68,68,68,68,68,68,68,68,68,68,68,68,68,68,68,68,68,68,68,68,68,68,68,68,68,68,68,68,68,68,68,68,68,68,68,68,68,68,68,68,68,68,68,68,68,68,68,68,68,68],"card_choices":[{"not_picked":["Scrape","Auto Shields"],"picked":"Genetic Algorithm","floor":1.0},{"not_picked":["Tempest","Steam"],"picked":"Go for the Eyes","floor":3.0},{"not_picked":["Cold Snap","Ball Lightning"],"picked":"BootSequence","floor":4.0},{"not_picked":["Go for the Eyes","Stack","Barrage"],"picked":"SKIP","floor":5.0},{"not_picked":["Sweeping Beam","Undo"],"picked":"All For One","floor":7.0},{"not_picked":["Rebound","Cold Snap"],"picked":"Coolheaded","floor":10.0},{"not_picked":["Ball Lightning","Biased Cognition","Stack"],"picked":"SKIP","floor":11.0},{"not_picked":["Buffer","Reboot"],"picked":"Hyperbeam","floor":16.0},{"not_picked":["Steam Power+1","Go for the Eyes","Stack+1"],"picked":"SKIP","floor":18.0},{"not_picked":["Go for the Eyes","Leap","Steam Power"],"picked":"SKIP","floor":21.0},{"not_picked":["Heatsinks","BootSequence","Fusion"],"picked":"SKIP","floor":25.0},{"not_picked":["Double Energy","Streamline"],"picked":"Gash","floor":28.0},{"not_picked":["Rebound","Ball Lightning"],"picked":"Steam+1","floor":29.0},{"not_picked":["Sweeping Beam","Leap","Loop+1"],"picked":"SKIP","floor":31.0},{"not_picked":["Fission","Biased Cognition"],"picked":"Seek","floor":33.0},{"not_picked":["Rebound+1","Hologram","Streamline"],"picked":"SKIP","floor":35.0},{"not_picked":["Redo+1","Rebound+1"],"picked":"Coolheaded+1","floor":38.0},{"not_picked":["Coolheaded+1","Rip and Tear+1"],"picked":"Turbo","floor":39.0},{"not_picked":["Conserve Battery","Stack","Steam+1"],"picked":"SKIP","floor":41},{"not_picked":["Genetic Algorithm+1","Loop","Rip and Tear"],"picked":"SKIP","floor":42},{"not_picked":["Double Energy","Hello World+1"],"picked":"Reprogram+1","floor":44},{"not_picked":["Stack","Turbo+1"],"picked":"Echo Form","floor":46},{"not_picked":["Skim+1","Leap"],"picked":"Gash","floor":47},{"not_picked":["Hologram","Chaos+1"],"picked":"Gash+1","floor":48}],"player_experience":495156,"relics_obtained":[{"floor":7.0,"key":"Centennial Puzzle"},{"floor":9.0,"key":"Vajra"},{"floor":14.0,"key":"Potion Belt"},{"floor":20.0,"key":"Necronomicon"},{"floor":26.0,"key":"Torii"},{"floor":38.0,"key":"Ginger"},{"floor":43,"key":"Dream Catcher"}],"event_choices":[{"damage_healed":0.0,"max_hp_gain":0.0,"max_hp_loss":0.0,"gold_gain":0.0,"event_name":"Scrap Ooze","player_choice":"Success","floor":2.0,"gold_loss":0.0,"damage_taken":25.0,"relics_obtained":["Art of War"]},{"damage_healed":0.0,"max_hp_gain":0.0,"max_hp_loss":0.0,"gold_gain":30.0,"event_name":"Dead Adventurer","player_choice":"Searched \u00272\u0027 times","floor":14.0,"gold_loss":0.0,"damage_taken":0.0},{"damage_healed":0.0,"max_hp_gain":0.0,"max_hp_loss":0.0,"gold_gain":0.0,"event_name":"The Library","player_choice":"Read","floor":19.0,"gold_loss":0.0,"damage_taken":0.0,"cards_obtained":["Hologram"]},{"damage_healed":0.0,"max_hp_gain":0.0,"max_hp_loss":0.0,"gold_gain":0.0,"event_name":"Cursed Tome","player_choice":"Obtained Book","floor":20.0,"gold_loss":0.0,"damage_taken":16.0},{"damage_healed":0.0,"max_hp_gain":0.0,"max_hp_loss":0.0,"gold_gain":0.0,"event_name":"The Mausoleum","player_choice":"Ignored","floor":22.0,"gold_loss":0.0,"damage_taken":0.0},{"damage_healed":0.0,"max_hp_gain":0.0,"max_hp_loss":0.0,"gold_gain":0.0,"event_name":"WeMeetAgain","player_choice":"Gave Potion","floor":24.0,"gold_loss":0.0,"damage_taken":0.0,"relics_obtained":["Sundial"]},{"damage_healed":0.0,"max_hp_gain":0.0,"max_hp_loss":0.0,"gold_gain":0.0,"event_name":"Winding Halls","player_choice":"Embrace Madness","floor":36.0,"gold_loss":0.0,"damage_taken":9.0,"cards_obtained":["Madness","Madness"]},{"damage_healed":0.0,"max_hp_gain":0.0,"max_hp_loss":0.0,"gold_gain":0.0,"event_name":"MindBloom","player_choice":"Fight","floor":38.0,"gold_loss":0.0,"damage_taken":0.0},{"damage_healed":0,"gold_gain":0,"player_choice":"Ignored","damage_taken":0,"max_hp_gain":0,"max_hp_loss":0,"event_name":"Mysterious Sphere","floor":45,"gold_loss":0}],"is_beta":false,"boss_relics":[{"not_picked":["Nuclear Battery","Snecko Eye"],"picked":"Astrolabe"},{"not_picked":["Runic Dome","Velvet Choker"],"picked":"White Beast Statue"}],"items_purged_floors":[30,37],"is_endless":false,"potions_floor_spawned":[1,4,10,28,31,35,38,39,41,42,44,46,48],"killed_by":"Time Eater","ascension_level":10}