{"gold_per_floor":[146,159,159,159,159,189,189,223,250,282,302,313,313,100,100,173,173,186,236,255,267,267,295,295,326,349,349,359,378,378,396,396,396],"floor_reached":33,"playtime":1470,"items_purged":["Strike_B"],"score":519,"play_id":"25d6ab47-a70d-48df-bfb4-1918bb0d1729","local_time":"20190701215021","is_ascension_mode":true,"campfire_choices":[{"data":"Zap","floor":7,"key":"SMITH"},{"data":"Dualcast","floor":13,"key":"SMITH"},{"floor":15,"key":"REST"},{"floor":24,"key":"REST"},{"data":"Conserve Battery","floor":27,"key":"SMITH"},{"data":"Defragment","floor":30,"key":"SMITH"},{"floor":32,"key":"REST"}],"neow_cost":"NONE","seed_source_timestamp":209686912014744,"circlet_count":0,"master_deck":["AscendersBane","Defend_B","Defend_B","Defend_B","Defend_B","Zap+1","Dualcast+1","Defragment","FTL","Conserve Battery+1","Sweeping Beam","White Noise","Self Repair","Ball Lightning","Electrodynamics","Self Repair","Machine Learning","Ball Lightning","Turbo","Tempest+1","Defragment+1","Hologram+1","Beam Cell","Chill+1","Conserve Battery","Loop","Reprogram+1"],"relics":["Cracked Core","Tiny Chest","PreservedInsect","Dream Catcher","Strawberry","Orichalcum","Omamori","Empty Cage","Question Card","Potion Belt","Bag of Marbles"],"potions_floor_usage":[8,10,16,23,29,31],"damage_taken":[{"damage":1,"enemies":"Cultist","floor":1,"turns":4},{"damage":2,"enemies":"Jaw Worm","floor":2,"turns":3},{"damage":16,"enemies":"Gremlin Nob","floor":6,"turns":3},{"damage":18,"enemies":"Lagavulin","floor":8,"turns":5},{"damage":10,"enemies":"Gremlin Nob","floor":10,"turns":3},{"damage":3,"enemies":"2 Louse","floor":11,"turns":2},{"damage":5,"enemies":"Looter","floor":12,"turns":3},{"damage":8,"enemies":"Slime Boss","floor":16,"turns":5},{"damage":7,"enemies":"Chosen","floor":18,"turns":3},{"damage":45,"enemies":"Shell Parasite","floor":20,"turns":5},{"damage":12,"enemies":"Chosen and Byrds","floor":21,"turns":6},{"damage":45,"enemies":"Book of Stabbing","floor":23,"turns":5},{"damage":13,"enemies":"Gremlin Leader","floor":25,"turns":4},{"damage":24,"enemies":"Centurion and Healer","floor":28,"turns":5},{"damage":12,"enemies":"Cultist and Chosen","floor":29,"turns":5},{"damage":7,"enemies":"Snake Plant","floor":31,"turns":3},{"damage":70,"enemies":"Automaton","floor":33,"turns":6}],"seed_played":"-3611211298524971042","potions_obtained":[{"floor":1,"key":"Explosive Potion"},{"floor":2,"key":"Weak Potion"},{"floor":8,"key":"SpeedPotion"},{"floor":11,"key":"PowerPotion"},{"floor":18,"key":"Dexterity Potion"},{"floor":21,"key":"Energy Potion"},{"floor":28,"key":"SteroidPotion"},{"floor":29,"key":"Fire Potion"}],"is_trial":false,"path_per_floor":["M","M","?","?","T","E","R","E","T","E","M","M","R","$","R","B",null,"M","?","M","M","?","E","R","E","T","R","M","M","R","M","R","B"],"character_chosen":"DEFECT","items_purchased":["Electrodynamics"],"campfire_rested":3,"item_purchase_floors":[14],"current_hp_per_floor":[63,61,61,66,66,50,50,39,39,29,26,28,28,28,52,51,75,75,75,44,46,46,8,32,33,33,33,23,25,25,25,49,0],"gold":396,"neow_bonus":"RANDOM_COMMON_RELIC","is_prod":false,"is_daily":false,"chose_seed":false,"campfire_upgraded":4,"win_rate":0,"timestamp":1561989021,"path_taken":["M","?","?","?","?","E","R","E","T","E","M","?","R","?","R","BOSS","M","?","?","M","?","E","R","E","T","R","M","M","R","M","R","BOSS"],"build_version":"2019-01-23","purchased_purges":1,"victory":false,"max_hp_per_floor":[71,71,71,76,76,76,76,83,83,83,83,83,83,83,83,83,83,83,83,83,83,83,83,83,83,83,83,83,83,83,83,83,83],"card_choices":[{"not_picked":["Double Energy","Melter"],"picked":"Defragment","floor":1},{"not_picked":["Cold Snap","Undo"],"picked":"FTL","floor":2},{"not_picked":["Static Discharge","Compile Driver"],"picked":"Conserve Battery","floor":6},{"not_picked":["Aggregate","Undo"],"picked":"Sweeping Beam","floor":8},{"not_picked":["Doom and Gloom","Beam Cell"],"picked":"White Noise","floor":10},{"not_picked":["Conserve Battery","Reprogram"],"picked":"Self Repair","floor":11},{"not_picked":["Steam","Cold Snap"],"picked":"Ball Lightning","floor":12},{"not_picked":["Rebound","Capacitor"],"picked":"Self Repair","floor":15},{"not_picked":["Creative AI","Fission"],"picked":"Machine Learning","floor":16},{"not_picked":["Barrage","Loop"],"picked":"Ball Lightning","floor":18},{"not_picked":["Rebound","Barrage+1"],"picked":"Turbo","floor":20},{"not_picked":["Consume","Hologram"],"picked":"Tempest+1","floor":21},{"not_picked":["Barrage","Rebound+1"],"picked":"Hologram+1","floor":23},{"not_picked":["Streamline","Gash","Compile Driver"],"picked":"Beam Cell","floor":24},{"not_picked":["Aggregate+1","Turbo","Buffer"],"picked":"Chill+1","floor":25},{"not_picked":["Skim","Hologram","Darkness","Blizzard+1"],"picked":"SKIP","floor":28},{"not_picked":["Stack","Go for the Eyes","Loop"],"picked":"Conserve Battery","floor":29},{"not_picked":["FTL","Compile Driver","Hologram"],"picked":"Loop","floor":31},{"not_picked":["Sweeping Beam","Leap","Hello World"],"picked":"Reprogram+1","floor":32}],"player_experience":1128236,"relics_obtained":[{"floor":5,"key":"PreservedInsect"},{"floor":6,"key":"Dream Catcher"},{"floor":8,"key":"Strawberry"},{"floor":9,"key":"Orichalcum"},{"floor":10,"key":"Omamori"},{"floor":23,"key":"Question Card"},{"floor":25,"key":"Potion Belt"},{"floor":26,"key":"Bag of Marbles"}],"event_choices":[{"cards_removed":["Strike_B"],"damage_healed":0,"gold_gain":0,"player_choice":"Forget","damage_taken":0,"max_hp_gain":0,"max_hp_loss":0,"event_name":"Living Wall","floor":3,"gold_loss":0},{"damage_healed":0,"gold_gain":0,"player_choice":"Donut","damage_taken":0,"max_hp_gain":5,"max_hp_loss":0,"event_name":"Big Fish","floor":4,"gold_loss":0},{"damage_healed":0,"gold_gain":100,"player_choice":"Bet on Murderer","damage_taken":0,"max_hp_gain":0,"max_hp_loss":0,"event_name":"The Joust","floor":19,"gold_loss":50},{"damage_healed":0,"gold_gain":0,"player_choice":"Copied","damage_taken":0,"max_hp_gain":0,"max_hp_loss":0,"event_name":"Duplicator","floor":22,"gold_loss":0,"cards_obtained":["Defragment"]}],"is_beta":false,"boss_relics":[{"not_picked":["Orrery","Calling Bell"],"picked":"Empty Cage"}],"items_purged_floors":[14],"is_endless":false,"potions_floor_spawned":[1,2,8,11,18,21,28,29],"killed_by":"Automaton","ascension_level":14}