{"gold_per_floor":[109,109,124,140,140,170,184,284,307,336,356,376,451,461,461,563,563,578,597,31,31,51,78,97,123,123,156,168,168,168,188,188,285,285,303,303,403,427,441,441,470,68,68,82,99,129,129,129,129,129],"floor_reached":50,"playtime":3688,"items_purged":[],"score":624,"play_id":"aa6200a7-1165-42aa-b89c-6062cac58a0a","local_time":"20190704175844","is_ascension_mode":false,"campfire_choices":[{"data":"Bouncing Flask","floor":15,"key":"SMITH"},{"data":"Backstab","floor":32,"key":"SMITH"},{"data":"A Thousand Cuts","floor":40,"key":"SMITH"},{"data":"Noxious Fumes","floor":47,"key":"SMITH"},{"data":"Catalyst","floor":49,"key":"SMITH"}],"neow_cost":"NONE","seed_source_timestamp":88004694941998,"circlet_count":0,"master_deck":["Strike_G+1","Strike_G+1","Strike_G+1","Strike_G+1","Strike_G+1","Defend_G+1","Defend_G+1","Defend_G+1","Defend_G+1","Defend_G+1","Survivor","Neutralize","Masterful Stab+1","Quick Slash","Flying Knee","Dodge and Roll","Masterful Stab","Bouncing Flask+1","Bane","Deadly Poison","Catalyst+1","Bullet Time","Poisoned Stab+1","Caltrops","Calculated Gamble","Caltrops","Backstab+1","Backflip+1","Backflip","Quick Slash+1","Writhe","Infinite Blades+1","A Thousand Cuts+1","Backstab+1","Madness","Madness","Noxious Fumes+1","Dagger Spray","Predator+1","Master of Strategy","Well Laid Plans","Prepared+1","Die Die Die","Backstab+1"],"relics":["Ring of the Snake","Pen Nib","Snake Skull","Bronze Scales","Blood Vial","Sozu","Sling","Lantern","Strawberry","Ginger","Juzu Bracelet","Meat on the Bone","Orichalcum","Boot","Coffee Dripper","Torii","Oddly Smooth Stone","Centennial Puzzle","PreservedInsect","Thread and Needle","Bag of Marbles"],"potions_floor_usage":[10,10,27],"damage_taken":[{"damage":0,"enemies":"2 Louse","floor":1,"turns":3},{"damage":0,"enemies":"Small Slimes","floor":3,"turns":2},{"damage":0,"enemies":"Cultist","floor":4,"turns":3},{"damage":8,"enemies":"Lagavulin","floor":6,"turns":5},{"damage":0,"enemies":"Blue Slaver","floor":7,"turns":4},{"damage":5,"enemies":"3 Sentries","floor":10,"turns":5},{"damage":4,"enemies":"Red Slaver","floor":11,"turns":2},{"damage":11,"enemies":"3 Louse","floor":12,"turns":3},{"damage":0,"enemies":"Looter","floor":14,"turns":3},{"damage":14,"enemies":"The Guardian","floor":16,"turns":5},{"damage":0,"enemies":"Chosen","floor":18,"turns":3},{"damage":0,"enemies":"3 Byrds","floor":19,"turns":3},{"damage":22,"enemies":"Cultist and Chosen","floor":22,"turns":5},{"damage":20,"enemies":"Book of Stabbing","floor":23,"turns":3},{"damage":3,"enemies":"Snake Plant","floor":24,"turns":2},{"damage":26,"enemies":"Gremlin Leader","floor":25,"turns":4},{"damage":13,"enemies":"Book of Stabbing","floor":27,"turns":4},{"damage":0,"enemies":"Shelled Parasite and Fungi","floor":28,"turns":4},{"damage":0,"enemies":"Snecko","floor":31,"turns":3},{"damage":22,"enemies":"Champ","floor":33,"turns":8},{"damage":16,"enemies":"3 Shapes","floor":35,"turns":4},{"damage":9,"enemies":"Mind Bloom Boss Battle","floor":37,"turns":4},{"damage":14,"enemies":"3 Darklings","floor":39,"turns":5},{"damage":34,"enemies":"Nemesis","floor":41,"turns":5},{"damage":2,"enemies":"Spire Growth","floor":44,"turns":4},{"damage":0,"enemies":"4 Shapes","floor":45,"turns":5},{"damage":29,"enemies":"Reptomancer","floor":46,"turns":3},{"damage":37,"enemies":"Awakened One","floor":50,"turns":6}],"seed_played":"-5264570374114529533","potions_obtained":[{"floor":1,"key":"Poison Potion"},{"floor":3,"key":"Block Potion"},{"floor":4,"key":"SmokeBomb"},{"floor":16,"key":"LiquidBronze"}],"is_trial":false,"path_per_floor":["M","?","M","M","?","E","M","?","T","E","M","M","?","M","R","B",null,"M","M","$","?","M","E","M","E","T","E","M","?","?","M","R","B",null,"M","?","?","T","M","R","E","$","T","M","M","E","R","?","R","B"],"character_chosen":"THE_SILENT","items_purchased":["Sling","Lantern","Strawberry","Caltrops","Master of Strategy","PreservedInsect","Well Laid Plans"],"campfire_rested":0,"item_purchase_floors":[20,20,20,20,42,42,42],"current_hp_per_floor":[70,70,70,70,70,62,62,62,62,57,55,46,35,37,37,25,70,70,70,77,77,55,37,36,12,12,13,27,27,27,41,41,33,77,61,51,44,44,44,44,24,24,24,36,50,35,35,35,35,0],"gold":129,"neow_bonus":"RANDOM_COMMON_RELIC","is_prod":false,"is_daily":false,"chose_seed":false,"campfire_upgraded":5,"win_rate":0.0,"timestamp":1562227124,"path_taken":["M","?","M","M","?","E","?","?","T","E","?","M","?","M","R","BOSS","M","M","$","?","M","E","M","E","T","E","M","?","?","M","R","BOSS","M","?","?","?","M","R","E","?","T","M","M","E","R","?","R","BOSS"],"build_version":"2019-07-01","purchased_purges":0,"victory":false,"max_hp_per_floor":[70,70,70,70,70,70,70,70,70,70,70,70,70,70,70,70,70,70,70,77,77,77,77,77,77,77,77,77,77,77,77,77,77,77,77,77,77,77,77,77,77,77,77,77,77,77,77,77,77,77],"card_choices":[{"not_picked":["Dash","Blade Dance"],"picked":"Masterful Stab","floor":1},{"not_picked":["Heel Hook","Sucker Punch"],"picked":"Quick Slash","floor":3},{"not_picked":["Outmaneuver","Night Terror"],"picked":"Flying Knee","floor":4},{"not_picked":["Heel Hook","Underhanded Strike"],"picked":"Dodge and Roll","floor":6},{"not_picked":["Riddle With Holes","Quick Slash"],"picked":"Masterful Stab","floor":7},{"not_picked":["Sucker Punch","Deflect"],"picked":"Bouncing Flask","floor":10},{"not_picked":["Blur","PiercingWail"],"picked":"Bane","floor":11},{"not_picked":["Dodge and Roll","Outmaneuver"],"picked":"Deadly Poison","floor":12},{"not_picked":["Finisher","Dodge and Roll"],"picked":"Catalyst","floor":14},{"not_picked":["Night Terror","Malaise"],"picked":"Bullet Time","floor":16},{"not_picked":["Calculated Gamble+1","Slice"],"picked":"Poisoned Stab+1","floor":18},{"not_picked":["Blade Dance","Heel Hook"],"picked":"Eviscerate","floor":19},{"not_picked":["Outmaneuver","Terror"],"picked":"Calculated Gamble","floor":22},{"not_picked":["Reflex+1","Underhanded Strike"],"picked":"Caltrops","floor":23},{"not_picked":["Poisoned Stab+1","Backflip"],"picked":"Backstab","floor":24},{"not_picked":["Flying Knee+1","Footwork"],"picked":"Backflip+1","floor":25},{"not_picked":["Wraith Form v2","Underhanded Strike+1"],"picked":"Backflip","floor":27},{"not_picked":["Backflip","Slice+1"],"picked":"Quick Slash+1","floor":28},{"not_picked":["Underhanded Strike","Backflip"],"picked":"Infinite Blades+1","floor":31},{"not_picked":["Wraith Form v2","Tools of the Trade"],"picked":"A Thousand Cuts","floor":33},{"not_picked":["Blade Dance+1","Quick Slash+1"],"picked":"Backstab+1","floor":35},{"not_picked":["Bouncing Flask+1","Reflex"],"picked":"Noxious Fumes","floor":37},{"not_picked":["Slice","Blur"],"picked":"Dagger Spray","floor":39},{"not_picked":["Tactician","Dagger Spray"],"picked":"Predator+1","floor":41},{"not_picked":["Flying Knee","Tactician+1"],"picked":"Prepared+1","floor":44},{"not_picked":["Dagger Throw","Poisoned Stab","Tactician"],"picked":"SKIP","floor":45},{"not_picked":["Deflect","Endless Agony"],"picked":"Die Die Die","floor":46}],"player_experience":10202,"relics_obtained":[{"floor":6,"key":"Snake Skull"},{"floor":9,"key":"Bronze Scales"},{"floor":10,"key":"Blood Vial"},{"floor":23,"key":"Ginger"},{"floor":25,"key":"Juzu Bracelet"},{"floor":26,"key":"Meat on the Bone"},{"floor":27,"key":"Orichalcum"},{"floor":37,"key":"Torii"},{"floor":38,"key":"Oddly Smooth Stone"},{"floor":41,"key":"Centennial Puzzle"},{"floor":43,"key":"Thread and Needle"},{"floor":46,"key":"Bag of Marbles"}],"event_choices":[{"damage_healed":0,"gold_gain":0,"player_choice":"Ignored","damage_taken":0,"max_hp_gain":0,"max_hp_loss":0,"event_name":"Liars Game","floor":2,"gold_loss":0},{"damage_healed":0,"gold_gain":0,"player_choice":"Forge","damage_taken":0,"max_hp_gain":0,"max_hp_loss":0,"event_name":"Accursed Blacksmith","floor":5,"gold_loss":0,"cards_upgraded":["Masterful Stab"]},{"damage_healed":0,"gold_gain":100,"player_choice":"Pray","damage_taken":0,"max_hp_gain":0,"max_hp_loss":0,"event_name":"Golden Shrine","floor":8,"gold_loss":0},{"damage_healed":0,"gold_gain":75,"player_choice":"Gather Gold","damage_taken":11,"max_hp_gain":0,"max_hp_loss":0,"event_name":"World of Goop","floor":13,"gold_loss":0},{"cards_removed":["Eviscerate"],"damage_healed":0,"gold_gain":0,"player_choice":"Offered Uncommon","damage_taken":0,"max_hp_gain":0,"max_hp_loss":0,"event_name":"Bonfire Elementals","floor":21,"gold_loss":0},{"damage_healed":0,"gold_gain":0,"player_choice":"Simplicity","damage_taken":0,"max_hp_gain":0,"max_hp_loss":0,"event_name":"Back to Basics","floor":29,"gold_loss":0,"cards_upgraded":["Strike_G","Strike_G","Strike_G","Strike_G","Strike_G","Defend_G","Defend_G","Defend_G","Defend_G","Defend_G"]},{"damage_healed":0,"gold_gain":0,"player_choice":"Opened","damage_taken":0,"relics_obtained":["Boot"],"max_hp_gain":0,"max_hp_loss":0,"event_name":"The Mausoleum","floor":30,"gold_loss":0,"cards_obtained":["Writhe"]},{"damage_healed":0,"gold_gain":0,"player_choice":"Embrace Madness","damage_taken":10,"max_hp_gain":0,"max_hp_loss":0,"event_name":"Winding Halls","floor":36,"gold_loss":0,"cards_obtained":["Madness","Madness"]},{"damage_healed":0,"gold_gain":0,"player_choice":"Fight","damage_taken":0,"max_hp_gain":0,"max_hp_loss":0,"event_name":"MindBloom","floor":37,"gold_loss":0},{"damage_healed":0,"gold_gain":0,"player_choice":"Copied","damage_taken":0,"max_hp_gain":0,"max_hp_loss":0,"event_name":"Duplicator","floor":48,"gold_loss":0,"cards_obtained":["Backstab"]}],"is_beta":false,"boss_relics":[{"not_picked":["Fusion Hammer","Snecko Eye"],"picked":"Sozu"},{"not_picked":["Ring of the Serpent","Lizard Tail"],"picked":"Coffee Dripper"}],"items_purged_floors":[],"is_endless":false,"potions_floor_spawned":[1,3,4,16,18,25,27,31,39,41,46],"killed_by":"Awakened One","ascension_level":0}