{"gold_per_floor":[110,110,124,124,83,83,115,115,139,172,193,219,62,62,62,161,161,173,89,89,105,30,57,57,91,129,151,163,205,217,263,275,392,404,435,547,604,838,122,122],"floor_reached":40,"playtime":6578,"items_purged":[],"score":527,"play_id":"ce2b237d-e012-4a4f-8f3b-a948df556c78","local_time":"20190705143540","is_ascension_mode":false,"campfire_choices":[{"data":"Metallicize","floor":6,"key":"SMITH"},{"data":"Fire Breathing","floor":8,"key":"SMITH"},{"floor":15,"key":"REST"},{"data":"Dramatic Entrance","floor":24,"key":"SMITH"},{"data":"Pummel","floor":28,"key":"SMITH"},{"data":"Metallicize","floor":32,"key":"SMITH"}],"neow_cost":"NONE","seed_source_timestamp":159333565199201,"circlet_count":0,"master_deck":["Strike_R","Strike_R","Strike_R","Strike_R","Strike_R","Defend_R+1","Defend_R","Defend_R+1","Bash","Fire Breathing+1","Pummel+1","Shrug It Off","Metallicize+1","Iron Wave","Spot Weakness","Anger+1","Metallicize+1","Reaper","Flex","Dramatic Entrance+1","Anger+1","Flex+1","Headbutt+1","Whirlwind","Rage","Perfected Strike+1","Double Tap","Cleave+1","Armaments","Flex+1","Corruption"],"relics":["Burning Blood","Question Card","Gremlin Horn","Regal Pillow","Juzu Bracelet","Odd Mushroom","Orichalcum","Lantern","Calling Bell","Red Skull","Pantograph","WingedGreaves","MutagenicStrength","Anchor","MawBank","Strawberry","Red Mask","Enchiridion","Darkstone Periapt","Empty Cage","Ginger","Magic Flower","Happy Flower","Charon\u0027s Ashes","Strange Spoon"],"potions_floor_usage":[7,10,12,16,18,29,33,33],"damage_taken":[{"damage":13,"enemies":"Jaw Worm","floor":1,"turns":3},{"damage":12,"enemies":"2 Louse","floor":3,"turns":2},{"damage":12,"enemies":"Gremlin Nob","floor":7,"turns":4},{"damage":8,"enemies":"3 Sentries","floor":10,"turns":6},{"damage":18,"enemies":"The Mushroom Lair","floor":11,"turns":4},{"damage":13,"enemies":"Gremlin Nob","floor":12,"turns":5},{"damage":14,"enemies":"Hexaghost","floor":16,"turns":9},{"damage":9,"enemies":"Spheric Guardian","floor":18,"turns":5},{"damage":26,"enemies":"Chosen","floor":21,"turns":7},{"damage":40,"enemies":"Book of Stabbing","floor":23,"turns":6},{"damage":10,"enemies":"Slavers","floor":25,"turns":3},{"damage":4,"enemies":"3 Cultists","floor":27,"turns":5},{"damage":0,"enemies":"Masked Bandits","floor":29,"turns":3},{"damage":27,"enemies":"Gremlin Leader","floor":31,"turns":5},{"damage":77,"enemies":"Automaton","floor":33,"turns":11},{"damage":11,"enemies":"3 Shapes","floor":35,"turns":3},{"damage":45,"enemies":"Mind Bloom Boss Battle","floor":36,"turns":7},{"damage":25,"enemies":"2 Orb Walkers","floor":37,"turns":5},{"damage":44,"enemies":"Reptomancer","floor":40,"turns":3}],"seed_played":"-3649295655676040107","potions_obtained":[{"floor":1,"key":"Block Potion"},{"floor":3,"key":"PowerPotion"},{"floor":7,"key":"SkillPotion"},{"floor":11,"key":"LiquidBronze"},{"floor":16,"key":"PowerPotion"},{"floor":18,"key":"FearPotion"},{"floor":23,"key":"Energy Potion"},{"floor":25,"key":"BloodPotion"},{"floor":29,"key":"LiquidBronze"}],"is_trial":false,"path_per_floor":["M","?","M","?","$","R","E","R","T","E","?","E","$","?","R","B",null,"M","$","?","M","?","E","R","E","T","M","R","?","?","E","R","B",null,"M","?","?","?","$","E"],"character_chosen":"IRONCLAD","items_purchased":["Metallicize","Lantern","Dramatic Entrance","Happy Flower","Charon\u0027s Ashes","Strange Spoon","Corruption"],"campfire_rested":1,"item_purchase_floors":[5,13,19,39,39,39,39],"current_hp_per_floor":[73,57,51,39,39,39,33,33,33,31,19,12,12,12,51,43,80,77,77,77,61,61,37,37,51,58,81,81,87,71,66,66,37,84,79,45,37,37,37,0],"gold":122,"neow_bonus":"TRANSFORM_CARD","is_prod":false,"is_daily":false,"chose_seed":false,"campfire_upgraded":5,"win_rate":0.0,"timestamp":1562301340,"path_taken":["M","?","M","?","?","R","E","R","T","E","?","E","$","?","R","BOSS","M","$","?","M","?","E","R","E","T","M","R","?","?","E","R","BOSS","M","?","?","?","$","E"],"build_version":"2019-07-01","purchased_purges":0,"victory":false,"max_hp_per_floor":[80,80,80,80,80,80,80,80,80,80,80,80,80,80,80,80,80,80,80,80,80,80,80,80,80,87,87,87,87,87,87,87,87,84,84,84,84,84,84,84],"card_choices":[{"not_picked":["Combust","Twin Strike"],"picked":"Pummel","floor":1},{"not_picked":["Clothesline","Body Slam"],"picked":"Shrug It Off","floor":3},{"not_picked":["Shrug It Off","Dark Embrace","True Grit"],"picked":"Iron Wave","floor":7},{"not_picked":["Blood for Blood","Barricade","Uppercut"],"picked":"Spot Weakness","floor":10},{"not_picked":["Combust","Blood for Blood","Feel No Pain"],"picked":"Anger","floor":11},{"not_picked":["Pommel Strike","Flame Barrier","Blood for Blood"],"picked":"Metallicize","floor":12},{"not_picked":["Offering","Demon Form","Bludgeon"],"picked":"Reaper","floor":16},{"not_picked":["True Grit","Anger","Clothesline"],"picked":"Flex","floor":18},{"not_picked":["Seeing Red+1","Twin Strike+1","Sever Soul+1"],"picked":"Anger+1","floor":21},{"not_picked":["Sever Soul","Juggernaut","Fiend Fire"],"picked":"Flex+1","floor":23},{"not_picked":["Iron Wave","Ghostly Armor","Seeing Red"],"picked":"Headbutt+1","floor":25},{"not_picked":["Shrug It Off","Battle Trance","Clash"],"picked":"Whirlwind","floor":27},{"not_picked":["Power Through","Body Slam+1","True Grit"],"picked":"Rage","floor":29},{"not_picked":["Carnage+1","Body Slam+1","Reaper"],"picked":"Perfected Strike+1","floor":31},{"not_picked":["Feed","Reaper","Offering"],"picked":"Double Tap","floor":33},{"not_picked":["Flex+1","Pommel Strike+1","Body Slam"],"picked":"Cleave+1","floor":35},{"not_picked":["Rage","Perfected Strike","Power Through+1"],"picked":"Armaments","floor":36},{"not_picked":["Shrug It Off+1","Anger","Perfected Strike"],"picked":"Flex+1","floor":37}],"player_experience":43872,"relics_obtained":[{"floor":7,"key":"Gremlin Horn"},{"floor":9,"key":"Regal Pillow"},{"floor":10,"key":"Juzu Bracelet"},{"floor":11,"key":"Odd Mushroom"},{"floor":12,"key":"Orichalcum"},{"floor":17,"key":"Red Skull"},{"floor":17,"key":"Pantograph"},{"floor":17,"key":"WingedGreaves"},{"floor":23,"key":"Anchor"},{"floor":25,"key":"MawBank"},{"floor":26,"key":"Strawberry"},{"floor":29,"key":"Red Mask"},{"floor":30,"key":"Enchiridion"},{"floor":31,"key":"Darkstone Periapt"},{"floor":36,"key":"Ginger"},{"floor":37,"key":"Magic Flower"}],"event_choices":[{"damage_healed":0,"gold_gain":0,"player_choice":"Entered Light","damage_taken":16,"max_hp_gain":0,"max_hp_loss":0,"event_name":"Shining Light","floor":2,"gold_loss":0,"cards_upgraded":["Defend_R","Defend_R"]},{"damage_healed":0,"gold_gain":0,"player_choice":"Success","damage_taken":12,"relics_obtained":["Question Card"],"max_hp_gain":0,"max_hp_loss":0,"event_name":"Scrap Ooze","floor":4,"gold_loss":0},{"damage_healed":0,"gold_gain":0,"player_choice":"Fought Mushrooms","damage_taken":0,"max_hp_gain":0,"max_hp_loss":0,"event_name":"Mushrooms","floor":11,"gold_loss":0},{"damage_healed":0,"gold_gain":0,"player_choice":"Grow","damage_taken":0,"max_hp_gain":0,"max_hp_loss":0,"event_name":"Living Wall","floor":14,"gold_loss":0,"cards_upgraded":["Anger"]},{"damage_healed":0,"gold_gain":0,"player_choice":"Inject Mutagens","damage_taken":0,"relics_obtained":["MutagenicStrength"],"max_hp_gain":0,"max_hp_loss":0,"event_name":"Drug Dealer","floor":20,"gold_loss":0},{"cards_removed":["Pain"],"damage_healed":0,"gold_gain":0,"player_choice":"Gave Gold","damage_taken":0,"max_hp_gain":0,"max_hp_loss":0,"event_name":"Beggar","floor":22,"gold_loss":75},{"damage_healed":0,"gold_gain":0,"player_choice":"Fought Bandits","damage_taken":0,"max_hp_gain":0,"max_hp_loss":0,"event_name":"Masked Bandits","floor":29,"gold_loss":0},{"damage_healed":0,"gold_gain":0,"player_choice":"Obtained Book","damage_taken":16,"max_hp_gain":0,"max_hp_loss":0,"event_name":"Cursed Tome","floor":30,"gold_loss":0},{"damage_healed":0,"gold_gain":0,"player_choice":"Fight","damage_taken":0,"max_hp_gain":0,"max_hp_loss":0,"event_name":"MindBloom","floor":36,"gold_loss":0},{"damage_healed":0,"gold_gain":0,"player_choice":"Fight","damage_taken":0,"max_hp_gain":0,"max_hp_loss":0,"event_name":"Mysterious Sphere","floor":37,"gold_loss":0},{"damage_healed":0,"gold_gain":222,"player_choice":"Wore Mask","damage_taken":0,"max_hp_gain":0,"max_hp_loss":0,"event_name":"Tomb of Lord Red Mask","floor":38,"gold_loss":0}],"is_beta":false,"boss_relics":[{"not_picked":["Mark of Pain","Runic Dome"],"picked":"Calling Bell"},{"not_picked":["Sozu","Lizard Tail"],"picked":"Empty Cage"}],"items_purged_floors":[],"is_endless":false,"potions_floor_spawned":[1,3,7,11,16,18,23,25,29],"killed_by":"Reptomancer","ascension_level":0}