{"gold_per_floor":[112,130,146,163,44,75,85,105,105,105,133,146,321,333,333,432,432,446,361,561,41,51,66,80,80,80,90,108,137,137,137],"floor_reached":31,"playtime":2171,"items_purged":[],"score":273,"play_id":"5b41c8f6-d79e-4e85-8f4b-3e9569d77b3a","local_time":"20190703134341","is_ascension_mode":false,"campfire_choices":[{"data":"Dramatic Entrance","floor":10,"key":"SMITH"},{"data":"Metallicize","floor":15,"key":"SMITH"}],"neow_cost":"NONE","seed_source_timestamp":946972464188035,"circlet_count":0,"master_deck":["Strike_R","Strike_R","Strike_R","Strike_R","Strike_R","Defend_R","Defend_R","Defend_R","Defend_R","Bash","Metallicize","Seeing Red","Whirlwind","Cleave","Dramatic Entrance+1","Inflame","Flame Barrier","Body Slam","Metallicize+1","Bludgeon","Perfected Strike","Doubt","Body Slam","Barricade","Inflame","Dramatic Entrance","Secret Weapon","Twin Strike","Twin Strike","Cleave","Body Slam","Perfected Strike","Rampage","Armaments+1"],"relics":["Burning Blood","Thread and Needle","FossilizedHelix","Centennial Puzzle","Runic Pyramid","Pocketwatch","Sling","Ornamental Fan","Blue Candle","MutagenicStrength"],"potions_floor_usage":[6,24,27,29],"damage_taken":[{"damage":5,"enemies":"Cultist","floor":1,"turns":4},{"damage":3,"enemies":"Small Slimes","floor":2,"turns":3},{"damage":14,"enemies":"Jaw Worm","floor":3,"turns":4},{"damage":7,"enemies":"Large Slime","floor":4,"turns":7},{"damage":30,"enemies":"Gremlin Nob","floor":6,"turns":5},{"damage":0,"enemies":"Gremlin Gang","floor":7,"turns":3},{"damage":0,"enemies":"Blue Slaver","floor":8,"turns":4},{"damage":16,"enemies":"Lagavulin","floor":11,"turns":8},{"damage":0,"enemies":"3 Louse","floor":12,"turns":2},{"damage":0,"enemies":"2 Fungi Beasts","floor":14,"turns":4},{"damage":55,"enemies":"Hexaghost","floor":16,"turns":13},{"damage":8,"enemies":"Spheric Guardian","floor":18,"turns":6},{"damage":3,"enemies":"2 Thieves","floor":22,"turns":3},{"damage":19,"enemies":"3 Cultists","floor":23,"turns":6},{"damage":11,"enemies":"Snecko","floor":24,"turns":5},{"damage":11,"enemies":"Centurion and Healer","floor":27,"turns":10},{"damage":13,"enemies":"Cultist and Chosen","floor":28,"turns":6},{"damage":46,"enemies":"Gremlin Leader","floor":29,"turns":5},{"damage":23,"enemies":"Snake Plant","floor":31,"turns":4}],"seed_played":"2426743007187834478","potions_obtained":[{"floor":3,"key":"EssenceOfSteel"},{"floor":4,"key":"GamblersBrew"},{"floor":11,"key":"Poison Potion"},{"floor":12,"key":"Swift Potion"},{"floor":27,"key":"Strength Potion"},{"floor":28,"key":"Poison Potion"}],"is_trial":false,"path_per_floor":["M","M","M","M","$","E","M","M","T","R","E","M","?","M","R","B",null,"M","?","?","$","M","M","M","?","T","M","M","E","?","M"],"character_chosen":"IRONCLAD","items_purchased":["Dramatic Entrance","Inflame","Sling","Dramatic Entrance","Secret Weapon","Twin Strike"],"campfire_rested":0,"item_purchase_floors":[5,5,21,21,21,21],"current_hp_per_floor":[88,88,80,79,79,55,61,67,67,67,57,63,63,69,69,20,88,86,86,86,86,88,75,70,70,70,65,58,18,18,0],"gold":137,"neow_bonus":"TEN_PERCENT_HP_BONUS","is_prod":false,"is_daily":false,"chose_seed":false,"campfire_upgraded":2,"win_rate":0.0,"timestamp":1562186621,"path_taken":["M","M","?","M","$","E","?","M","T","R","E","M","?","M","R","BOSS","M","?","?","$","M","?","M","?","T","M","M","E","?","M"],"build_version":"2019-07-01","purchased_purges":0,"victory":false,"max_hp_per_floor":[88,88,88,88,88,88,88,88,88,88,88,88,88,88,88,88,88,88,88,88,88,88,88,88,88,88,88,88,88,88,88],"card_choices":[{"not_picked":["Shrug It Off","Sentinel"],"picked":"Metallicize","floor":1},{"not_picked":["Sever Soul","True Grit"],"picked":"Seeing Red","floor":2},{"not_picked":["Wild Strike","Feel No Pain"],"picked":"Whirlwind","floor":3},{"not_picked":["Body Slam","Sever Soul"],"picked":"Cleave","floor":4},{"not_picked":["Clash","Inflame"],"picked":"Flame Barrier","floor":6},{"not_picked":["Wild Strike","Hemokinesis"],"picked":"Body Slam","floor":7},{"not_picked":["Offering","Carnage"],"picked":"Metallicize","floor":8},{"not_picked":["Twin Strike","Hemokinesis"],"picked":"Bludgeon","floor":11},{"not_picked":["Ghostly Armor","Dual Wield"],"picked":"Perfected Strike","floor":12},{"not_picked":["Pommel Strike","Headbutt"],"picked":"Body Slam","floor":14},{"not_picked":["Immolate","Offering"],"picked":"Barricade","floor":16},{"not_picked":["Feel No Pain+1","Heavy Blade"],"picked":"Inflame","floor":18},{"not_picked":["Sword Boomerang","Havoc+1"],"picked":"Twin Strike","floor":22},{"not_picked":["Headbutt","Body Slam"],"picked":"Cleave","floor":23},{"not_picked":["Thunderclap+1","Pommel Strike+1"],"picked":"Body Slam","floor":24},{"not_picked":["Headbutt","Wild Strike"],"picked":"Perfected Strike","floor":27},{"not_picked":["Power Through","Clothesline"],"picked":"Rampage","floor":28},{"not_picked":["Intimidate","Heavy Blade"],"picked":"Armaments+1","floor":29}],"player_experience":84093,"relics_obtained":[{"floor":6,"key":"Thread and Needle"},{"floor":9,"key":"FossilizedHelix"},{"floor":11,"key":"Centennial Puzzle"},{"floor":26,"key":"Ornamental Fan"},{"floor":29,"key":"Blue Candle"}],"event_choices":[{"damage_healed":0,"gold_gain":175,"player_choice":"AGREE","damage_taken":0,"max_hp_gain":0,"max_hp_loss":0,"event_name":"Liars Game","floor":13,"gold_loss":0,"cards_obtained":["Doubt"]},{"damage_healed":0,"gold_gain":0,"player_choice":"Obtained Relic","damage_taken":0,"relics_obtained":["Pocketwatch"],"max_hp_gain":0,"max_hp_loss":0,"event_name":"Addict","floor":19,"gold_loss":85},{"damage_healed":0,"gold_gain":200,"player_choice":"Gold","damage_taken":0,"max_hp_gain":0,"max_hp_loss":0,"event_name":"Wheel of Change","floor":20,"gold_loss":0},{"damage_healed":0,"gold_gain":0,"player_choice":"Ignored","damage_taken":0,"max_hp_gain":0,"max_hp_loss":0,"event_name":"Beggar","floor":25,"gold_loss":0},{"damage_healed":0,"gold_gain":0,"player_choice":"Inject Mutagens","damage_taken":0,"relics_obtained":["MutagenicStrength"],"max_hp_gain":0,"max_hp_loss":0,"event_name":"Drug Dealer","floor":30,"gold_loss":0}],"is_beta":false,"boss_relics":[{"not_picked":["White Beast Statue","Snecko Eye"],"picked":"Runic Pyramid"}],"items_purged_floors":[],"is_endless":false,"potions_floor_spawned":[3,4,11,12,14,27,28],"killed_by":"Snake Plant","ascension_level":0}