{"gold_per_floor":[112,112,112,287,303,303,331,345,370,397,347,404,423,443,443,547,547,557,101,101,101,63,96,96,123,146,245,263,276,293,293,293,293],"floor_reached":33,"playtime":2156,"items_purged":[],"score":368,"play_id":"23ae6392-347a-4fc3-8291-df14f8f359e1","local_time":"20190705105816","is_ascension_mode":false,"campfire_choices":[{"data":"Hello World","floor":6,"key":"SMITH"},{"data":"White Noise","floor":15,"key":"SMITH"},{"data":"Double Energy","floor":24,"key":"SMITH"},{"data":"Zap","floor":32,"key":"SMITH"}],"neow_cost":"NONE","seed_source_timestamp":150710057098017,"circlet_count":0,"master_deck":["Defend_B","Defend_B","Defend_B","Zap+1","Dualcast+1","Stack+1","Hello World+1","Lockon","Storm+1","Double Energy+1","Force Field","White Noise+1","Heatsinks+1","Rainbow","BootSequence","Self Repair+1","Redo","Bite","Bite","Bite","Bite","Bite","Self Repair+1","Barrage","Echo Form+1","Rebound","Lockon+1","Melter"],"relics":["Cracked Core","NeowsBlessing","War Paint","Frozen Egg 2","Anchor","Letter Opener","Lantern","White Beast Statue","TheAbacus","Oddly Smooth Stone","Dream Catcher","Pen Nib","Smiling Mask"],"potions_floor_usage":[5,12,18,23,25,30,30,33,33],"damage_taken":[{"damage":0,"enemies":"Small Slimes","floor":1,"turns":1},{"damage":0,"enemies":"2 Louse","floor":5,"turns":1},{"damage":0,"enemies":"Lagavulin","floor":7,"turns":1},{"damage":6,"enemies":"Jaw Worm","floor":8,"turns":3},{"damage":26,"enemies":"3 Sentries","floor":10,"turns":6},{"damage":15,"enemies":"Gremlin Nob","floor":12,"turns":4},{"damage":0,"enemies":"Large Slime","floor":13,"turns":3},{"damage":8,"enemies":"Exordium Wildlife","floor":14,"turns":4},{"damage":4,"enemies":"Hexaghost","floor":16,"turns":10},{"damage":10,"enemies":"3 Byrds","floor":18,"turns":4},{"damage":19,"enemies":"Book of Stabbing","floor":23,"turns":6},{"damage":0,"enemies":"Slavers","floor":25,"turns":3},{"damage":0,"enemies":"Chosen","floor":28,"turns":4},{"damage":9,"enemies":"Centurion and Healer","floor":29,"turns":5},{"damage":17,"enemies":"3 Cultists","floor":30,"turns":4},{"damage":70,"enemies":"Automaton","floor":33,"turns":10}],"seed_played":"203111020101900807","potions_obtained":[{"floor":5,"key":"Fruit Juice"},{"floor":8,"key":"Weak Potion"},{"floor":13,"key":"Swift Potion"},{"floor":18,"key":"Weak Potion"},{"floor":23,"key":"PowerPotion"},{"floor":25,"key":"Fire Potion"},{"floor":28,"key":"AttackPotion"},{"floor":29,"key":"Weak Potion"},{"floor":30,"key":"EssenceOfSteel"}],"is_trial":false,"path_per_floor":["M","?","?","?","M","R","E","M","T","E","?","?","M","M","R","B",null,"M","$","?","?","$","E","R","E","T","?","M","M","M","?","R","B"],"character_chosen":"DEFECT","items_purchased":["Self Repair+1","TheAbacus","Oddly Smooth Stone","Redo","Self Repair+1"],"campfire_rested":0,"item_purchase_floors":[19,19,19,19,22],"current_hp_per_floor":[75,75,68,68,73,73,73,67,67,41,41,26,26,18,18,14,80,70,70,70,56,56,51,51,55,55,55,56,56,53,53,53,0],"gold":293,"neow_bonus":"THREE_ENEMY_KILL","is_prod":false,"is_daily":false,"chose_seed":false,"campfire_upgraded":4,"win_rate":0.0,"timestamp":1562288296,"path_taken":["M","?","?","?","M","R","E","M","T","E","?","?","?","M","R","BOSS","M","$","?","?","?","E","R","E","T","?","M","?","M","?","R","BOSS"],"build_version":"2019-07-01","purchased_purges":0,"victory":false,"max_hp_per_floor":[75,75,75,75,80,80,80,80,80,80,80,80,80,80,80,80,80,80,80,80,56,56,56,56,56,56,56,56,56,56,56,56,56],"card_choices":[{"not_picked":["Go for the Eyes","Conserve Battery"],"picked":"Stack","floor":1},{"not_picked":["Double Energy","Reprogram"],"picked":"Hello World","floor":5},{"not_picked":["Sweeping Beam","Doom and Gloom"],"picked":"Lockon","floor":7},{"not_picked":["Hologram","Stack"],"picked":"Storm+1","floor":8},{"not_picked":["Gash","Sweeping Beam"],"picked":"Double Energy","floor":10},{"not_picked":["Steam Power","Streamline"],"picked":"Force Field","floor":12},{"not_picked":["Stack","Beam Cell"],"picked":"White Noise","floor":13},{"not_picked":["Aggregate","Hologram"],"picked":"Heatsinks+1","floor":14},{"not_picked":["All For One","Reboot"],"picked":"Rainbow","floor":16},{"not_picked":["Compile Driver","Streamline"],"picked":"BootSequence","floor":18},{"not_picked":["Beam Cell","Leap+1"],"picked":"Barrage","floor":23},{"not_picked":["Turbo+1","Lockon"],"picked":"Echo Form+1","floor":25},{"not_picked":["Reprogram+1","Chill"],"picked":"Rebound","floor":28},{"not_picked":["Gash","Sweeping Beam"],"picked":"Lockon+1","floor":29},{"not_picked":["Doom and Gloom","Cold Snap"],"picked":"Melter","floor":30}],"player_experience":35373,"relics_obtained":[{"floor":7,"key":"Frozen Egg 2"},{"floor":9,"key":"Anchor"},{"floor":10,"key":"Letter Opener"},{"floor":23,"key":"Dream Catcher"},{"floor":25,"key":"Pen Nib"},{"floor":26,"key":"Smiling Mask"}],"event_choices":[{"damage_healed":0,"gold_gain":0,"player_choice":"Box","damage_taken":0,"relics_obtained":["War Paint"],"max_hp_gain":0,"max_hp_loss":0,"event_name":"Big Fish","floor":2,"gold_loss":0,"cards_obtained":["Regret"]},{"cards_removed":["Regret"],"damage_healed":0,"gold_gain":0,"player_choice":"Card Removal","damage_taken":7,"max_hp_gain":0,"max_hp_loss":0,"event_name":"Golden Wing","floor":3,"gold_loss":0},{"damage_healed":0,"gold_gain":175,"player_choice":"AGREE","damage_taken":0,"max_hp_gain":0,"max_hp_loss":0,"event_name":"Liars Game","floor":4,"gold_loss":0,"cards_obtained":["Doubt"]},{"cards_removed":["Doubt"],"damage_healed":0,"gold_gain":0,"player_choice":"Card Removal","damage_taken":0,"max_hp_gain":0,"max_hp_loss":0,"event_name":"The Cleric","floor":11,"gold_loss":50},{"damage_healed":0,"gold_gain":0,"player_choice":"Searched \u00272\u0027 times","damage_taken":0,"relics_obtained":["Lantern"],"max_hp_gain":0,"max_hp_loss":0,"event_name":"Dead Adventurer","floor":12,"gold_loss":0},{"damage_healed":0,"gold_gain":0,"player_choice":"Ignored","damage_taken":0,"max_hp_gain":0,"max_hp_loss":0,"event_name":"Ghosts","floor":20,"gold_loss":0},{"damage_healed":0,"gold_gain":0,"player_choice":"Became a vampire","damage_taken":0,"max_hp_gain":0,"max_hp_loss":24,"event_name":"Vampires","floor":21,"gold_loss":0,"cards_obtained":["Bite","Bite","Bite","Bite","Bite"]},{"damage_healed":0,"gold_gain":99,"player_choice":"Stole From Cult","damage_taken":0,"max_hp_gain":0,"max_hp_loss":0,"event_name":"Nest","floor":27,"gold_loss":0},{"cards_removed":["Defend_B"],"damage_healed":0,"gold_gain":0,"player_choice":"Purged","damage_taken":0,"max_hp_gain":0,"max_hp_loss":0,"event_name":"Purifier","floor":31,"gold_loss":0}],"is_beta":false,"boss_relics":[{"not_picked":["Fusion Hammer","Ectoplasm"],"picked":"White Beast Statue"}],"items_purged_floors":[],"is_endless":false,"potions_floor_spawned":[5,8,13,18,23,25,28,29,30],"killed_by":"Automaton","ascension_level":0}