{"gold_per_floor":[111,111,124,89,105,130,144,144,192,207,286,286,299,331,331,405,405,425,435,445,83,83,83,83,97,97,114,140,170,185,185,185,256,256,269,314,124,84,102,102,117,117],"floor_reached":42,"playtime":4288,"items_purged":[],"score":756,"play_id":"eccd4325-7810-407c-bdbf-861e16ce1ac9","local_time":"20190517225045","is_ascension_mode":true,"campfire_choices":[{"data":"After Image","floor":8.0,"key":"SMITH"},{"data":"Caltrops","floor":15.0,"key":"SMITH"},{"data":"Malaise","floor":23.0,"key":"SMITH"},{"data":"J.A.X.","floor":32.0,"key":"SMITH"},{"data":"Neutralize","floor":40.0,"key":"SMITH"}],"neow_cost":"NONE","seed_source_timestamp":44326370641700,"circlet_count":0,"master_deck":["AscendersBane","Defend_G","Defend_G","Defend_G","Defend_G","Survivor+1","Neutralize+1","Dash","After Image+1","Dash","Caltrops+1","Escape Plan","Cloak And Dagger","Leg Sweep+1","Deflect","Prepared","PiercingWail","Malaise+1","Dodge and Roll","Backflip+1","Dagger Spray","Bite","Bite","Bite","Bite","Bite","Footwork","Calculated Gamble+1","J.A.X.+1","Corpse Explosion","Dodge and Roll+1","Flying Knee+1"],"special_seed":0,"relics":["Ring of the Serpent","Blue Candle","Bronze Scales","GremlinMask","Strawberry","Vajra","MealTicket","Centennial Puzzle","Paper Crane","Red Mask","Incense Burner","Empty Cage","StoneCalendar","Strange Spoon"],"potions_floor_usage":[42],"damage_taken":[{"damage":0.0,"enemies":"2 Louse","floor":1.0,"turns":4.0},{"damage":0.0,"enemies":"Cultist","floor":3.0,"turns":6.0},{"damage":1.0,"enemies":"Small Slimes","floor":5.0,"turns":4.0},{"damage":22.0,"enemies":"Gremlin Nob","floor":6.0,"turns":5.0},{"damage":4.0,"enemies":"3 Louse","floor":7.0,"turns":5.0},{"damage":5.0,"enemies":"Exordium Thugs","floor":10.0,"turns":5.0},{"damage":0.0,"enemies":"Large Slime","floor":13.0,"turns":9.0},{"damage":6.0,"enemies":"3 Sentries","floor":14.0,"turns":9.0},{"damage":19.0,"enemies":"The Guardian","floor":16.0,"turns":14.0},{"damage":0.0,"enemies":"Spheric Guardian","floor":18.0,"turns":6.0},{"damage":2.0,"enemies":"Shell Parasite","floor":19.0,"turns":7.0},{"damage":4.0,"enemies":"Snecko","floor":20.0,"turns":9.0},{"damage":23.0,"enemies":"Sentry and Sphere","floor":25.0,"turns":13.0},{"damage":17.0,"enemies":"Chosen and Byrds","floor":27.0,"turns":7.0},{"damage":12.0,"enemies":"Masked Bandits","floor":28.0,"turns":5.0},{"damage":20.0,"enemies":"Gremlin Leader","floor":29.0,"turns":10.0},{"damage":1.0,"enemies":"Snecko","floor":30.0,"turns":8.0},{"damage":58.0,"enemies":"Automaton","floor":33.0,"turns":14.0},{"damage":15.0,"enemies":"3 Darklings","floor":35.0,"turns":14.0},{"damage":18.0,"enemies":"2 Orb Walkers","floor":36.0,"turns":4.0},{"damage":3.0,"enemies":"Orb Walker","floor":39.0,"turns":5.0},{"damage":10.0,"enemies":"Maw","floor":41.0,"turns":10.0},{"damage":76,"enemies":"Giant Head","floor":42,"turns":14}],"seed_played":"6759445303901231815","potions_obtained":[{"floor":3.0,"key":"SteroidPotion"},{"floor":6.0,"key":"GamblersBrew"},{"floor":7.0,"key":"Explosive Potion"},{"floor":14.0,"key":"Explosive Potion"},{"floor":16.0,"key":"Energy Potion"},{"floor":30.0,"key":"Fire Potion"},{"floor":35.0,"key":"GhostInAJar"},{"floor":39.0,"key":"SkillPotion"}],"is_trial":false,"path_per_floor":["M","?","M","$","M","E","M","R","T","M","?","?","M","E","R","B",null,"M","M","M","$","?","R","?","M","T","M","?","E","M","?","R","B",null,"M","?","$","?","M","R","M","E"],"character_chosen":"THE_SILENT","items_purchased":["Caltrops","Vajra","MealTicket","Strange Spoon"],"campfire_rested":0,"item_purchase_floors":[4,21,21,37],"current_hp_per_floor":[65,65,65,65,64,42,38,38,38,33,33,33,33,34,34,15,63,63,61,57,57,55,55,55,48,48,45,45,39,54,54,54,10,44,55,41,55,55,55,55,55,0],"gold":117,"neow_bonus":"TEN_PERCENT_HP_BONUS","is_prod":false,"is_daily":false,"chose_seed":false,"campfire_upgraded":5,"win_rate":0,"timestamp":1558126245,"path_taken":["M","?","M","?","M","E","M","R","T","M","?","?","?","E","R","BOSS","M","M","M","$","?","R","?","?","T","M","?","E","M","?","R","BOSS","M","?","$","?","M","R","M","E"],"build_version":"2019-01-23","purchased_purges":0,"victory":false,"max_hp_per_floor":[72,72,72,72,72,72,72,72,72,72,72,72,72,79,79,79,79,79,79,79,79,55,55,55,55,55,55,55,55,55,55,55,55,55,55,55,55,55,55,55,55,55],"card_choices":[{"not_picked":["Dodge and Roll","Underhanded Strike"],"picked":"Dash","floor":1.0},{"not_picked":["Poisoned Stab","Dagger Throw"],"picked":"Dash","floor":3.0},{"not_picked":["Deadly Poison","Quick Slash"],"picked":"Escape Plan","floor":5.0},{"not_picked":["Calculated Gamble","Flying Knee"],"picked":"Cloak And Dagger","floor":6.0},{"not_picked":["Dodge and Roll","Catalyst"],"picked":"Leg Sweep","floor":7.0},{"not_picked":["PiercingWail","Sucker Punch"],"picked":"Deflect","floor":10.0},{"not_picked":["Expertise","Flechettes"],"picked":"Prepared","floor":13.0},{"not_picked":["Quick Slash","Acrobatics"],"picked":"PiercingWail","floor":14.0},{"not_picked":["Glass Knife","Envenom"],"picked":"Malaise","floor":16.0},{"not_picked":["Prepared","Blade Dance"],"picked":"Dodge and Roll","floor":18.0},{"not_picked":["Dagger Throw","Flying Knee+1"],"picked":"Backflip+1","floor":19.0},{"not_picked":["Tactician","Prepared"],"picked":"Dagger Spray","floor":20.0},{"not_picked":["Prepared+1","Crippling Poison","Acrobatics+1"],"picked":"SKIP","floor":25.0},{"not_picked":["Wraith Form v2","Dagger Throw","Masterful Stab"],"picked":"SKIP","floor":27.0},{"not_picked":["Quick Slash","Dodge and Roll"],"picked":"Footwork","floor":28.0},{"not_picked":["Tactician","Bane+1"],"picked":"Calculated Gamble+1","floor":29.0},{"not_picked":["Slice","Flechettes","Underhanded Strike"],"picked":"SKIP","floor":30.0},{"not_picked":["Tools of the Trade","Venomology"],"picked":"Corpse Explosion","floor":33.0},{"not_picked":["Backflip+1","Eviscerate","Outmaneuver"],"picked":"SKIP","floor":35.0},{"not_picked":["Blur","Well Laid Plans"],"picked":"Dodge and Roll+1","floor":36.0},{"not_picked":["Acrobatics","Dagger Spray"],"picked":"Flying Knee+1","floor":39.0},{"not_picked":["Blade Dance+1","Cloak And Dagger","Dagger Spray+1"],"picked":"SKIP","floor":41.0}],"player_experience":767965,"relics_obtained":[{"floor":6.0,"key":"Blue Candle"},{"floor":9.0,"key":"Bronze Scales"},{"floor":14.0,"key":"Strawberry"},{"floor":26.0,"key":"Paper Crane"},{"floor":28.0,"key":"Red Mask"},{"floor":29.0,"key":"Incense Burner"},{"floor":36.0,"key":"StoneCalendar"}],"event_choices":[{"damage_healed":0.0,"max_hp_gain":0.0,"max_hp_loss":0.0,"gold_gain":0.0,"cards_transformed":["Strike_G"],"event_name":"Transmorgrifier","player_choice":"Transformed","floor":2.0,"gold_loss":0.0,"damage_taken":0.0,"cards_obtained":["After Image"]},{"damage_healed":0.0,"max_hp_gain":0.0,"max_hp_loss":0.0,"gold_gain":79.0,"event_name":"Golden Wing","player_choice":"Gained Gold","floor":11.0,"gold_loss":0.0,"damage_taken":0.0},{"damage_healed":0.0,"max_hp_gain":0.0,"max_hp_loss":0.0,"gold_gain":0.0,"event_name":"FaceTrader","player_choice":"Trade","floor":12.0,"gold_loss":0.0,"damage_taken":0.0,"relics_obtained":["GremlinMask"]},{"damage_healed":0.0,"max_hp_gain":0.0,"max_hp_loss":24.0,"gold_gain":0.0,"event_name":"Vampires","player_choice":"Became a vampire","floor":22.0,"gold_loss":0.0,"damage_taken":0.0,"cards_obtained":["Bite","Bite","Bite","Bite","Bite"]},{"damage_healed":0.0,"max_hp_gain":0.0,"max_hp_loss":0.0,"gold_gain":0.0,"event_name":"Addict","player_choice":"Stole Relic","floor":24.0,"gold_loss":0.0,"damage_taken":0.0,"relics_obtained":["Centennial Puzzle"],"cards_obtained":["Shame"]},{"damage_healed":0.0,"max_hp_gain":0.0,"max_hp_loss":0.0,"gold_gain":0.0,"event_name":"Masked Bandits","player_choice":"Fought Bandits","floor":28.0,"gold_loss":0.0,"damage_taken":0.0},{"damage_healed":0.0,"max_hp_gain":0.0,"max_hp_loss":0.0,"gold_gain":0.0,"event_name":"Drug Dealer","player_choice":"Obtain J.A.X.","floor":31.0,"gold_loss":0.0,"damage_taken":0.0,"cards_obtained":["J.A.X."]},{"damage_healed":0.0,"max_hp_gain":0.0,"max_hp_loss":0.0,"gold_gain":0.0,"event_name":"Mysterious Sphere","player_choice":"Fight","floor":36.0,"gold_loss":0.0,"damage_taken":0.0},{"damage_healed":0.0,"max_hp_gain":0.0,"max_hp_loss":0.0,"gold_gain":0.0,"event_name":"Designer","player_choice":"Upgraded Two","floor":38.0,"gold_loss":40.0,"damage_taken":0.0,"cards_upgraded":["Survivor","Leg Sweep"]}],"is_beta":false,"boss_relics":[{"not_picked":["WristBlade","Velvet Choker"],"picked":"Ring of the Serpent"},{"not_picked":["Calling Bell","Eternal Feather"],"picked":"Empty Cage"}],"items_purged_floors":[],"is_endless":false,"potions_floor_spawned":[3,6,7,14,16,18,27,30,35,39],"killed_by":"Giant Head","ascension_level":14}