{"gold_per_floor":[111,131,131,152,175,175,175,175,243,256,97,117,131,144,144,240,240,265,465,129,148,169,169],"floor_reached":23,"playtime":741,"items_purged":["Strike_B","Strike_B"],"score":337,"play_id":"6a59a9c6-1916-4c29-ae46-d4338d8bcc51","local_time":"20190705113319","is_ascension_mode":true,"campfire_choices":[{"floor":6,"key":"REST"},{"data":"Dualcast","floor":8,"key":"SMITH"},{"floor":15,"key":"REST"}],"neow_cost":"NONE","seed_source_timestamp":519014802094730,"circlet_count":0,"master_deck":["AscendersBane","Strike_B","Strike_B","Defend_B","Defend_B","Defend_B","Defend_B","Zap+1","Dualcast+1","Sweeping Beam","Gash","Gash","Steam","Melter+1","FTL+1","Cold Snap+1","Barrage+1","Glacier","Machine Learning","Conserve Battery+1","Self Repair","Compile Driver+1","Ball Lightning+1"],"relics":["Cracked Core","Lantern","Golden Idol","Molten Egg 2","Coffee Dripper","Membership Card"],"potions_floor_usage":[16,16,22,23],"damage_taken":[{"damage":0,"enemies":"Cultist","floor":1,"turns":3},{"damage":0,"enemies":"2 Louse","floor":2,"turns":2},{"damage":3,"enemies":"Small Slimes","floor":4,"turns":2},{"damage":46,"enemies":"Gremlin Gang","floor":5,"turns":6},{"damage":8,"enemies":"Red Slaver","floor":10,"turns":3},{"damage":3,"enemies":"Blue Slaver","floor":12,"turns":3},{"damage":0,"enemies":"Gremlin Gang","floor":13,"turns":3},{"damage":4,"enemies":"3 Louse","floor":14,"turns":2},{"damage":15,"enemies":"Hexaghost","floor":16,"turns":9},{"damage":14,"enemies":"2 Thieves","floor":18,"turns":4},{"damage":11,"enemies":"Spheric Guardian","floor":21,"turns":4},{"damage":21,"enemies":"Snecko","floor":22,"turns":4},{"damage":27,"enemies":"Book of Stabbing","floor":23,"turns":4}],"seed_played":"-3006809117862183489","potions_obtained":[{"floor":4,"key":"Poison Potion"},{"floor":5,"key":"FocusPotion"},{"floor":16,"key":"Poison Potion"},{"floor":18,"key":"PowerPotion"}],"is_trial":false,"path_per_floor":["M","M","?","M","M","R","?","R","T","M","$","M","M","M","R","B",null,"M","?","$","M","M","E"],"character_chosen":"DEFECT","items_purchased":["FTL+1","Self Repair","Membership Card"],"campfire_rested":2,"item_purchase_floors":[11,20,20],"current_hp_per_floor":[64,64,64,61,15,34,34,34,34,26,26,23,23,19,38,23,54,40,40,40,36,22,0],"gold":169,"neow_bonus":"RANDOM_COMMON_RELIC","is_prod":false,"is_daily":false,"chose_seed":false,"campfire_upgraded":1,"win_rate":0,"timestamp":1562297599,"path_taken":["M","?","?","M","M","R","?","R","T","?","?","M","M","M","R","BOSS","M","?","$","M","M","E"],"build_version":"2019-07-01","purchased_purges":2,"victory":false,"max_hp_per_floor":[71,71,64,64,64,64,64,64,64,64,64,64,64,64,64,64,64,64,64,64,64,64,64],"card_choices":[{"not_picked":["Conserve Battery","Steam"],"picked":"Sweeping Beam","floor":1},{"not_picked":["Barrage","Steam Power"],"picked":"Gash","floor":2},{"not_picked":["Coolheaded","Barrage"],"picked":"Gash","floor":4},{"not_picked":["Fission","Storm"],"picked":"Steam","floor":5},{"not_picked":["Streamline+1","Lockon+1"],"picked":"Melter+1","floor":10},{"not_picked":["Go for the Eyes+1","Stack"],"picked":"Cold Snap+1","floor":12},{"not_picked":["Redo","Conserve Battery"],"picked":"Barrage+1","floor":13},{"not_picked":["FTL+1","Sunder+1"],"picked":"Glacier","floor":14},{"not_picked":["Electrodynamics","Seek"],"picked":"Machine Learning","floor":16},{"not_picked":["Compile Driver+1","Melter+1"],"picked":"Conserve Battery+1","floor":18},{"not_picked":["Recycle","Sweeping Beam+1"],"picked":"Compile Driver+1","floor":21},{"not_picked":["Capacitor","Rebound+1"],"picked":"Ball Lightning+1","floor":22}],"player_experience":1179431,"relics_obtained":[{"floor":9,"key":"Molten Egg 2"}],"event_choices":[{"damage_healed":0,"gold_gain":0,"player_choice":"Lose Max HP","damage_taken":0,"relics_obtained":["Golden Idol"],"max_hp_gain":0,"max_hp_loss":7,"event_name":"Golden Idol","floor":3,"gold_loss":0},{"damage_healed":0,"gold_gain":0,"player_choice":"Upgraded","damage_taken":0,"max_hp_gain":0,"max_hp_loss":0,"event_name":"Upgrade Shrine","floor":7,"gold_loss":0,"cards_upgraded":["Zap"]},{"damage_healed":0,"gold_gain":250,"player_choice":"Bet on Owner","damage_taken":0,"max_hp_gain":0,"max_hp_loss":0,"event_name":"The Joust","floor":19,"gold_loss":50}],"is_beta":false,"boss_relics":[{"not_picked":["Black Star","Eternal Feather"],"picked":"Coffee Dripper"}],"items_purged_floors":[11,20],"is_endless":false,"potions_floor_spawned":[4,5,16,18],"killed_by":"Book of Stabbing","ascension_level":16}