{"gold_per_floor":[117,41,52,52,52,86,101,101,101,131,131,151,151,224,224,325,325,335,218,246,261,261,261,276,276,276,291,291,291,302,302],"floor_reached":31,"playtime":3266,"items_purged":[],"score":293,"play_id":"e1249523-1cff-4170-b1d9-491ea14550cc","local_time":"20190704145743","is_ascension_mode":false,"campfire_choices":[{"floor":8,"key":"REST"},{"data":"Juggernaut","floor":11,"key":"SMITH"},{"floor":15,"key":"REST"},{"floor":23,"key":"REST"},{"floor":25,"key":"REST"},{"floor":28,"key":"REST"}],"neow_cost":"","seed_source_timestamp":77565678392202,"circlet_count":0,"master_deck":["Strike_R","Strike_R","Strike_R","Strike_R+1","Defend_R","Defend_R","Defend_R","Defend_R","Bash+1","Headbutt","Cleave+1","Iron Wave","Thunderclap","Juggernaut+1","Fire Breathing","Feed","Sever Soul+1","Swift Strike","Body Slam","Burning Pact+1","Shrug It Off+1","Carnage","Iron Wave+1","Warcry"],"relics":["Burning Blood","Strawberry","Pear","Self Forming Clay","Ornamental Fan","Question Card","Eternal Feather","Red Mask","Nilry\u0027s Codex","Mango"],"potions_floor_usage":[31],"damage_taken":[{"damage":7,"enemies":"Small Slimes","floor":1,"turns":4},{"damage":6,"enemies":"Cultist","floor":3,"turns":3},{"damage":44,"enemies":"3 Sentries","floor":6,"turns":7},{"damage":0,"enemies":"2 Louse","floor":7,"turns":3},{"damage":20,"enemies":"Gremlin Nob","floor":10,"turns":4},{"damage":23,"enemies":"Exordium Wildlife","floor":12,"turns":4},{"damage":56,"enemies":"The Guardian","floor":16,"turns":11},{"damage":22,"enemies":"Chosen","floor":18,"turns":5},{"damage":48,"enemies":"Masked Bandits","floor":20,"turns":4},{"damage":19,"enemies":"Shell Parasite","floor":21,"turns":5},{"damage":27,"enemies":"Shelled Parasite and Fungi","floor":24,"turns":6},{"damage":42,"enemies":"Centurion and Healer","floor":27,"turns":11},{"damage":29,"enemies":"3 Cultists","floor":30,"turns":5},{"damage":78,"enemies":"Gremlin Leader","floor":31,"turns":6}],"seed_played":"-3098693405875286297","potions_obtained":[{"floor":3,"key":"Strength Potion"},{"floor":12,"key":"SteroidPotion"},{"floor":16,"key":"Strength Potion"},{"floor":18,"key":"Energy Potion"},{"floor":21,"key":"FearPotion"}],"is_trial":false,"path_per_floor":["M","?","M","$","?","E","M","R","T","E","R","M","?","T","R","B",null,"M","$","?","M","?","R","M","R","T","M","R","?","M","E"],"character_chosen":"IRONCLAD","items_purchased":["Swift Strike","Body Slam"],"campfire_rested":5,"item_purchase_floors":[19,19],"current_hp_per_floor":[79,86,86,86,86,58,64,93,93,79,79,62,43,43,72,22,97,81,81,42,29,13,55,34,76,90,54,100,100,77,0],"gold":302,"neow_bonus":"","is_prod":false,"is_daily":false,"chose_seed":false,"campfire_upgraded":1,"win_rate":0.0,"timestamp":1562216263,"path_taken":["M","?","M","?","?","E","M","R","T","E","R","?","?","?","R","BOSS","M","$","?","M","?","R","M","R","T","M","R","?","M","E"],"build_version":"2019-07-01","purchased_purges":0,"victory":false,"max_hp_per_floor":[80,87,87,87,87,97,97,97,97,97,97,97,97,97,97,97,97,97,97,100,100,100,100,100,100,114,114,114,114,114,114],"card_choices":[{"not_picked":["Shrug It Off","Flex"],"picked":"Headbutt","floor":1},{"not_picked":["Headbutt","Clothesline"],"picked":"Cleave","floor":3},{"not_picked":["Intimidate","Sword Boomerang"],"picked":"Iron Wave","floor":6},{"not_picked":["Feel No Pain","Sword Boomerang"],"picked":"Thunderclap","floor":7},{"not_picked":["Inflame","Reckless Charge"],"picked":"Juggernaut","floor":10},{"not_picked":["Twin Strike","Rampage"],"picked":"Fire Breathing","floor":12},{"not_picked":["Juggernaut","Offering","Double Tap"],"picked":"Feed","floor":16},{"not_picked":["Flex+1","Battle Trance","Sword Boomerang+1"],"picked":"Sever Soul+1","floor":18},{"not_picked":["Inflame","Flame Barrier","Dual Wield"],"picked":"Burning Pact+1","floor":20},{"not_picked":["Clash+1","Warcry","Sword Boomerang"],"picked":"Shrug It Off+1","floor":21},{"not_picked":["Body Slam","Headbutt","Clothesline"],"picked":"Carnage","floor":24},{"not_picked":["Shockwave","Bludgeon","Disarm"],"picked":"Iron Wave+1","floor":27},{"not_picked":["Body Slam","Perfected Strike","Clothesline"],"picked":"Warcry","floor":30}],"player_experience":0,"relics_obtained":[{"floor":6,"key":"Pear"},{"floor":9,"key":"Self Forming Clay"},{"floor":10,"key":"Ornamental Fan"},{"floor":14,"key":"Question Card"},{"floor":20,"key":"Red Mask"},{"floor":22,"key":"Nilry\u0027s Codex"},{"floor":26,"key":"Mango"}],"event_choices":[{"damage_healed":0,"gold_gain":0,"player_choice":"Paid Gold","damage_taken":0,"relics_obtained":["Strawberry"],"max_hp_gain":0,"max_hp_loss":0,"event_name":"WeMeetAgain","floor":2,"gold_loss":76},{"damage_healed":0,"gold_gain":0,"player_choice":"Grow","damage_taken":0,"max_hp_gain":0,"max_hp_loss":0,"event_name":"Living Wall","floor":5,"gold_loss":0,"cards_upgraded":["Cleave"]},{"damage_healed":0,"gold_gain":0,"player_choice":"Entered Light","damage_taken":19,"max_hp_gain":0,"max_hp_loss":0,"event_name":"Shining Light","floor":13,"gold_loss":0,"cards_upgraded":["Bash","Strike_R"]},{"damage_healed":0,"gold_gain":0,"player_choice":"Fought Bandits","damage_taken":0,"max_hp_gain":0,"max_hp_loss":0,"event_name":"Masked Bandits","floor":20,"gold_loss":0},{"damage_healed":0,"gold_gain":0,"player_choice":"Obtained Book","damage_taken":16,"max_hp_gain":0,"max_hp_loss":0,"event_name":"Cursed Tome","floor":22,"gold_loss":0},{"cards_removed":["Strike_R"],"damage_healed":0,"gold_gain":0,"player_choice":"Card Removal","damage_taken":0,"max_hp_gain":0,"max_hp_loss":0,"event_name":"Wheel of Change","floor":29,"gold_loss":0}],"is_beta":false,"boss_relics":[{"not_picked":["Empty Cage","Runic Dome"],"picked":"Eternal Feather"}],"items_purged_floors":[],"is_endless":false,"potions_floor_spawned":[3,12,16,18,21],"killed_by":"Gremlin Leader","ascension_level":0}