{"gold_per_floor":[118,118,135,153,166,166,198,212,236,248,38,38,49,49,49,144,144,161,161,179,195,195],"floor_reached":22,"playtime":1233,"items_purged":["Strike_B"],"score":435,"play_id":"17cd2f1b-5d56-4d6e-87e8-a96abc968b79","local_time":"20190627091917","is_ascension_mode":true,"campfire_choices":[{"data":"Zap","floor":6,"key":"SMITH"},{"data":"Dualcast","floor":12,"key":"SMITH"},{"floor":15,"key":"REST"}],"neow_cost":"NONE","seed_source_timestamp":0,"circlet_count":0,"master_deck":["AscendersBane","Strike_B","Strike_B","Defend_B","Defend_B","Defend_B","Defend_B","Zap+1","Dualcast+1","Gash","Gash","Conserve Battery","Scrape","Beam Cell","Steam","Go for the Eyes","Hyperbeam","Rebound","Gash","White Noise+1"],"special_seed":0,"relics":["Cracked Core","Bag of Marbles","The Courier","PreservedInsect","Sozu","Nloth\u0027s Gift"],"potions_floor_usage":[7,7,7,7,10,16,16,16],"damage_taken":[{"damage":3,"enemies":"2 Louse","floor":1,"turns":2},{"damage":0,"enemies":"Cultist","floor":3,"turns":3},{"damage":2,"enemies":"Jaw Worm","floor":4,"turns":3},{"damage":10,"enemies":"Exordium Thugs","floor":5,"turns":5},{"damage":13,"enemies":"Lagavulin","floor":7,"turns":6},{"damage":6,"enemies":"Exordium Wildlife","floor":8,"turns":3},{"damage":7,"enemies":"3 Louse","floor":10,"turns":2},{"damage":4,"enemies":"Gremlin Gang","floor":13,"turns":5},{"damage":18,"enemies":"Slime Boss","floor":16,"turns":8},{"damage":20,"enemies":"Spheric Guardian","floor":18,"turns":4},{"damage":5,"enemies":"3 Byrds","floor":20,"turns":4},{"damage":19,"enemies":"Centurion and Healer","floor":21,"turns":7},{"damage":44,"enemies":"Shelled Parasite and Fungi","floor":22,"turns":3}],"seed_played":"8679044653946020339","potions_obtained":[{"floor":2,"key":"FearPotion"},{"floor":2,"key":"EntropicBrew"},{"floor":2,"key":"PowerPotion"},{"floor":7,"key":"Strength Potion"},{"floor":10,"key":"FearPotion"},{"floor":16,"key":"GamblersBrew"}],"is_trial":false,"path_per_floor":["M","?","M","M","M","R","E","M","T","M","$","R","M","?","R","B",null,"M","?","M","M","M"],"character_chosen":"DEFECT","items_purchased":["Steam","PreservedInsect"],"campfire_rested":1,"item_purchase_floors":[11,11],"current_hp_per_floor":[65,65,65,63,53,53,40,34,34,27,27,27,23,16,38,20,61,41,41,36,17,0],"gold":195,"neow_bonus":"RANDOM_COMMON_RELIC","is_prod":false,"is_daily":false,"chose_seed":false,"campfire_upgraded":2,"win_rate":0,"timestamp":1561598357,"path_taken":["M","?","?","M","?","R","E","M","T","M","$","R","M","?","R","BOSS","M","?","M","M","M"],"build_version":"2019-01-23","purchased_purges":1,"victory":false,"max_hp_per_floor":[75,75,75,75,75,75,75,75,75,75,75,75,75,75,75,75,75,75,75,75,75,75],"card_choices":[{"not_picked":["Doom and Gloom","Lockon"],"picked":"Gash","floor":1},{"not_picked":["Beam Cell","Sweeping Beam"],"picked":"Gash","floor":3},{"not_picked":["Defragment","Ball Lightning"],"picked":"Conserve Battery","floor":4},{"not_picked":["Steam Power","Go for the Eyes"],"picked":"Scrape","floor":5},{"not_picked":["Rainbow","Turbo","Leap"],"picked":"SKIP","floor":7},{"not_picked":["Redo","Stack"],"picked":"Beam Cell","floor":8},{"not_picked":["Aggregate","Ball Lightning","Redo"],"picked":"SKIP","floor":10},{"not_picked":["Aggregate","Barrage"],"picked":"Go for the Eyes","floor":13},{"not_picked":["Thunder Strike","Amplify"],"picked":"Hyperbeam","floor":16},{"not_picked":["Redo","Sweeping Beam"],"picked":"Rebound","floor":18},{"not_picked":["Hello World","Multi-Cast"],"picked":"Gash","floor":20},{"not_picked":["Redo","Leap+1"],"picked":"White Noise+1","floor":21}],"player_experience":1064224,"relics_obtained":[{"floor":7,"key":"The Courier"},{"floor":9,"key":"Ancient Tea Set"}],"event_choices":[{"damage_healed":0,"gold_gain":0,"player_choice":"Got Potions","damage_taken":0,"max_hp_gain":0,"max_hp_loss":0,"event_name":"Lab","floor":2,"gold_loss":0},{"cards_removed":["Strike_B"],"damage_healed":0,"gold_gain":0,"player_choice":"Card Removal","damage_taken":7,"max_hp_gain":0,"max_hp_loss":0,"event_name":"Golden Wing","floor":14,"gold_loss":0},{"damage_healed":0,"gold_gain":0,"player_choice":"Traded Relic","damage_taken":0,"relics_obtained":["Nloth\u0027s Gift"],"max_hp_gain":0,"max_hp_loss":0,"event_name":"N\u0027loth","floor":19,"relics_lost":["Ancient Tea Set"],"gold_loss":0}],"is_beta":false,"boss_relics":[{"not_picked":["Black Star","Tiny House"],"picked":"Sozu"}],"items_purged_floors":[11],"is_endless":false,"potions_floor_spawned":[3,7,8,10,16,18],"killed_by":"Shelled Parasite and Fungi","ascension_level":10}