{"gold_per_floor":[214,214,214,91,50,50,83,83,83,83,94,110,125,144,144,242,242,255,275,275,285,285,285,285,285,360,360,360,390,119,145,145,247,247,267,278,2,2,22,48,48],"floor_reached":41,"playtime":9344,"items_purged":["Strike_B","Writhe","Defend_B"],"score":568,"play_id":"f06e2f75-7230-4cf2-8266-48bbcc4b9a72","local_time":"20190626204020","is_ascension_mode":true,"campfire_choices":[{"data":"Zap","floor":6,"key":"SMITH"},{"data":"Hologram","floor":8,"key":"SMITH"},{"data":"Dualcast","floor":10,"key":"SMITH"},{"data":"Skim","floor":15,"key":"SMITH"},{"data":"Turbo","floor":23,"key":"SMITH"},{"data":"Defragment","floor":25,"key":"SMITH"},{"data":"All For One","floor":28,"key":"SMITH"},{"floor":32,"key":"REST"}],"neow_cost":"NONE","seed_source_timestamp":328079902462052,"circlet_count":0,"master_deck":["Strike_B+1","Strike_B+1","Defend_B+1","Defend_B+1","Defend_B","Zap+1","Dualcast+1","Hologram+1","Steam","Conserve Battery","Compile Driver","Skim+1","All For One+1","Defragment+1","Turbo+1","Go for the Eyes","Scrape","Machine Learning","Chill","Streamline+1","Gash+1"],"relics":["Cracked Core","Symbiotic Virus","Whetstone","Juzu Bracelet","Philosopher\u0027s Stone","Regal Pillow","Tiny Chest","Vajra","Du-Vu Doll","Ancient Tea Set","Lizard Tail","Anchor","FaceOfCleric","War Paint"],"potions_floor_usage":[16,18,19,22,33,36,39,39,40],"damage_taken":[{"damage":3,"enemies":"Small Slimes","floor":1,"turns":4},{"damage":5,"enemies":"Lagavulin","floor":7,"turns":6},{"damage":1,"enemies":"Jaw Worm","floor":11,"turns":2},{"damage":0,"enemies":"2 Louse","floor":12,"turns":1},{"damage":6,"enemies":"Large Slime","floor":13,"turns":4},{"damage":0,"enemies":"Looter","floor":14,"turns":2},{"damage":6,"enemies":"The Guardian","floor":16,"turns":10},{"damage":1,"enemies":"2 Thieves","floor":18,"turns":2},{"damage":11,"enemies":"Shell Parasite","floor":19,"turns":3},{"damage":0,"enemies":"Snecko","floor":21,"turns":2},{"damage":8,"enemies":"Colosseum Slavers","floor":22,"turns":2},{"damage":25,"enemies":"Gremlin Leader","floor":29,"turns":5},{"damage":31,"enemies":"Collector","floor":33,"turns":8},{"damage":0,"enemies":"3 Shapes","floor":35,"turns":4},{"damage":33,"enemies":"3 Darklings","floor":36,"turns":7},{"damage":28,"enemies":"Transient","floor":39,"turns":5},{"damage":29,"enemies":"Giant Head","floor":40,"turns":7},{"damage":19,"enemies":"4 Shapes","floor":41,"turns":1}],"seed_played":"-5231031305171724502","potions_obtained":[{"floor":7,"key":"FearPotion"},{"floor":12,"key":"Weak Potion"},{"floor":13,"key":"Fire Potion"},{"floor":16,"key":"Regen Potion"},{"floor":19,"key":"Strength Potion"},{"floor":21,"key":"AttackPotion"},{"floor":36,"key":"GamblersBrew"},{"floor":39,"key":"Dexterity Potion"}],"is_trial":false,"path_per_floor":["M","?","?","$","?","R","E","R","T","R","M","M","M","M","R","B",null,"M","M","?","M","?","R","?","R","T","T","R","E","$","T","R","B",null,"M","M","$","?","M","E","M"],"character_chosen":"DEFECT","items_purchased":["Steam","Go for the Eyes","Scrape","Regen Potion","Anchor"],"campfire_rested":1,"item_purchase_floors":[4,30,30,30,37],"current_hp_per_floor":[65,65,58,58,58,58,53,53,53,53,52,52,46,46,46,40,66,65,63,63,63,55,55,55,55,55,55,55,30,30,30,67,51,69,69,36,36,36,9,19,0],"gold":48,"neow_bonus":"HUNDRED_GOLD","is_prod":false,"is_daily":false,"chose_seed":false,"campfire_upgraded":7,"win_rate":0,"timestamp":1561596020,"path_taken":["M","?","?","$","?","R","E","R","T","R","M","M","M","M","R","BOSS","M","M","?","M","?","R","?","R","T","?","R","E","$","?","R","BOSS","M","M","$","?","M","E","M"],"build_version":"2019-01-23","purchased_purges":3,"victory":false,"max_hp_per_floor":[75,75,75,75,75,75,75,75,75,75,75,75,75,75,75,75,75,75,75,75,75,75,75,75,75,75,75,75,75,75,75,75,75,75,75,75,75,75,76,77,77],"card_choices":[{"not_picked":["Rip and Tear","Tempest"],"picked":"Hologram","floor":1},{"not_picked":["Cold Snap","Beam Cell"],"picked":"Conserve Battery","floor":7},{"not_picked":["Self Repair","Reinforced Body"],"picked":"Compile Driver","floor":11},{"not_picked":["Stack","Consume"],"picked":"Skim","floor":12},{"not_picked":["Steam Power","Rebound","Sweeping Beam"],"picked":"SKIP","floor":13},{"not_picked":["Undo","Rebound","Lockon"],"picked":"SKIP","floor":14},{"not_picked":["Meteor Strike","Fission"],"picked":"All For One","floor":16},{"not_picked":["Rebound+1","Consume+1"],"picked":"Defragment","floor":18},{"not_picked":["Hologram+1","Blizzard+1","Barrage+1"],"picked":"SKIP","floor":19},{"not_picked":["Coolheaded","Leap+1"],"picked":"Turbo","floor":21},{"not_picked":["Fission","Conserve Battery+1","Consume"],"picked":"SKIP","floor":29},{"not_picked":["Buffer","Creative AI"],"picked":"Machine Learning","floor":33},{"not_picked":["Recycle","Ball Lightning"],"picked":"Chill","floor":35},{"not_picked":["Turbo+1","Redo"],"picked":"Streamline+1","floor":36},{"not_picked":["Rebound+1","Storm"],"picked":"Gash+1","floor":39},{"not_picked":["Core Surge","Blizzard+1","Turbo+1"],"picked":"SKIP","floor":40}],"player_experience":415813,"relics_obtained":[{"floor":7,"key":"Whetstone"},{"floor":9,"key":"Juzu Bracelet"},{"floor":26,"key":"Tiny Chest"},{"floor":27,"key":"Vajra"},{"floor":29,"key":"Du-Vu Doll"},{"floor":31,"key":"Ancient Tea Set"},{"floor":40,"key":"War Paint"}],"event_choices":[{"cards_removed":["Strike_B"],"damage_healed":0,"gold_gain":0,"player_choice":"Forget","damage_taken":0,"max_hp_gain":0,"max_hp_loss":0,"event_name":"Living Wall","floor":2,"gold_loss":0},{"damage_healed":0,"gold_gain":0,"player_choice":"Success","damage_taken":7,"relics_obtained":["Symbiotic Virus"],"max_hp_gain":0,"max_hp_loss":0,"event_name":"Scrap Ooze","floor":3,"gold_loss":0},{"damage_healed":0,"gold_gain":0,"player_choice":"Left Gold","damage_taken":0,"max_hp_gain":0,"max_hp_loss":0,"event_name":"World of Goop","floor":5,"gold_loss":41},{"damage_healed":0,"gold_gain":0,"player_choice":"Ignored","damage_taken":0,"max_hp_gain":0,"max_hp_loss":0,"event_name":"Ghosts","floor":20,"gold_loss":0},{"damage_healed":0,"gold_gain":0,"player_choice":"Fight","damage_taken":0,"max_hp_gain":0,"max_hp_loss":0,"event_name":"Colosseum","floor":22,"gold_loss":0},{"damage_healed":0,"gold_gain":0,"player_choice":"Fled From Nobs","damage_taken":0,"max_hp_gain":0,"max_hp_loss":0,"event_name":"Colosseum","floor":22,"gold_loss":0},{"damage_healed":0,"gold_gain":0,"player_choice":"Opened","damage_taken":0,"relics_obtained":["Regal Pillow"],"max_hp_gain":0,"max_hp_loss":0,"event_name":"The Mausoleum","floor":24,"gold_loss":0,"cards_obtained":["Writhe"]},{"damage_healed":0,"gold_gain":0,"player_choice":"Trade","damage_taken":0,"relics_obtained":["FaceOfCleric"],"max_hp_gain":0,"max_hp_loss":0,"event_name":"FaceTrader","floor":38,"gold_loss":0}],"is_beta":false,"boss_relics":[{"not_picked":["Pandora\u0027s Box","Inserter"],"picked":"Philosopher\u0027s Stone"},{"not_picked":["FrozenCore","Runic Pyramid"],"picked":"Lizard Tail"}],"items_purged_floors":[4,30,37],"is_endless":false,"potions_floor_spawned":[7,12,13,16,19,21,22,36,39],"killed_by":"4 Shapes","ascension_level":6}