{"gold_per_floor":[115,128,148,148,164,197,197,197,222,222,150,175,192,206,206,279,279,290,275,275,196,206,206,216,216,216,64,81,93,111,136,148,234,296,324,356,73,173,173,173,207,207,207,220,69,83,83,95,95,95],"floor_reached":51,"playtime":5780,"items_purged":["Strike_G"],"score":1223,"play_id":"05434e9d-51c6-457c-84e0-0ba9935c9c8d","local_time":"20190515151942","is_ascension_mode":true,"campfire_choices":[{"floor":8.0,"key":"REST"},{"floor":10.0,"key":"REST"},{"data":"Dagger Spray","floor":15.0,"key":"SMITH"},{"data":"Die Die Die","floor":23.0,"key":"SMITH"},{"floor":25.0,"key":"REST"},{"floor":32.0,"key":"REST"},{"floor":40.0,"key":"REST"},{"floor":42.0,"key":"REST"},{"floor":47,"key":"REST"},{"floor":49,"key":"REST"}],"neow_cost":"NONE","seed_source_timestamp":3186666407900,"circlet_count":0,"master_deck":["AscendersBane","Defend_G+1","Defend_G","Defend_G","Defend_G","Defend_G","Strike_G","Strike_G","Strike_G+1","Strike_G","Survivor","Neutralize+1","Deflect","Dagger Spray+1","Infinite Blades","PiercingWail","Grand Finale","Well Laid Plans+1","Flying Knee","Dagger Throw","After Image","Acrobatics","Cloak And Dagger","Die Die Die+1","Escape Plan","Caltrops","Choke","Glass Knife","Backflip","Die Die Die","Escape Plan","Adrenaline","Footwork","Leg Sweep","Prepared","Neutralize","Blur+1","Terror"],"special_seed":0,"relics":["Ring of the Snake","Bag of Preparation","WarpedTongs","Whetstone","Happy Flower","Dream Catcher","White Beast Statue","Ornamental Fan","MawBank","Tiny House","Kunai","Pocketwatch","Singing Bowl","Nunchaku"],"potions_floor_usage":[44,50,50],"damage_taken":[{"damage":1.0,"enemies":"2 Louse","floor":1.0,"turns":3.0},{"damage":0.0,"enemies":"Cultist","floor":2.0,"turns":5.0},{"damage":0.0,"enemies":"Jaw Worm","floor":3.0,"turns":7.0},{"damage":27.0,"enemies":"Exordium Thugs","floor":5.0,"turns":7.0},{"damage":30.0,"enemies":"Gremlin Nob","floor":6.0,"turns":5.0},{"damage":1.0,"enemies":"3 Sentries","floor":12.0,"turns":3.0},{"damage":11.0,"enemies":"Exordium Wildlife","floor":13.0,"turns":8.0},{"damage":10.0,"enemies":"Lots of Slimes","floor":14.0,"turns":3.0},{"damage":0.0,"enemies":"Slime Boss","floor":16.0,"turns":7.0},{"damage":4.0,"enemies":"3 Byrds","floor":18.0,"turns":5.0},{"damage":4.0,"enemies":"2 Thieves","floor":19.0,"turns":4.0},{"damage":15.0,"enemies":"Centurion and Healer","floor":22.0,"turns":7.0},{"damage":8.0,"enemies":"Snake Plant","floor":24.0,"turns":7.0},{"damage":12.0,"enemies":"Snecko","floor":28.0,"turns":5.0},{"damage":13.0,"enemies":"3 Cultists","floor":29.0,"turns":5.0},{"damage":2.0,"enemies":"Snake Plant","floor":30.0,"turns":6.0},{"damage":19.0,"enemies":"Gremlin Leader","floor":31.0,"turns":5.0},{"damage":11.0,"enemies":"Champ","floor":33.0,"turns":13.0},{"damage":10.0,"enemies":"3 Shapes","floor":35.0,"turns":4.0},{"damage":7.0,"enemies":"Orb Walker","floor":36.0,"turns":5.0},{"damage":8.0,"enemies":"Mind Bloom Boss Battle","floor":38.0,"turns":7.0},{"damage":9.0,"enemies":"Reptomancer","floor":41.0,"turns":7.0},{"damage":17,"enemies":"Sphere and 2 Shapes","floor":44,"turns":10},{"damage":5,"enemies":"Maw","floor":46,"turns":9},{"damage":24,"enemies":"Transient","floor":48,"turns":5},{"damage":62,"enemies":"Time Eater","floor":50,"turns":13}],"seed_played":"-3351578341274844751","potions_obtained":[{"floor":3.0,"key":"EssenceOfSteel"},{"floor":6.0,"key":"GhostInAJar"},{"floor":16.0,"key":"GhostInAJar"},{"floor":18.0,"key":"Fire Potion"},{"floor":33.0,"key":"Weak Potion"},{"floor":38.0,"key":"Strength Potion"},{"floor":41.0,"key":"PowerPotion"},{"floor":44,"key":"Poison Potion"},{"floor":46,"key":"Weak Potion"},{"floor":48,"key":"LiquidBronze"}],"is_trial":false,"path_per_floor":["M","M","M","?","M","E","?","R","T","R","$","E","M","M","R","B",null,"M","M","?","$","M","R","M","R","T","$","M","M","M","E","R","B",null,"M","M","$","?","?","R","E","R","T","M","$","M","R","M","R","B",null],"character_chosen":"THE_SILENT","items_purchased":["Well Laid Plans","Die Die Die","Glass Knife","Kunai","Footwork","Terror"],"campfire_rested":8,"item_purchase_floors":[11,21,27,37,37,45],"current_hp_per_floor":[62,62,62,62,35,5,5,26,26,47,47,46,35,25,25,25,59,55,51,51,51,36,36,28,49,49,49,37,24,22,3,24,13,61,51,44,44,36,36,58,51,76,76,61,61,58,84,62,89,27],"gold":95,"neow_bonus":"RANDOM_COMMON_RELIC","is_prod":false,"is_daily":false,"chose_seed":false,"campfire_upgraded":2,"win_rate":0,"timestamp":1557926382,"path_taken":["M","M","M","?","?","E","?","R","T","R","?","E","M","M","R","BOSS","M","M","?","$","M","R","M","R","T","$","?","M","M","E","R","BOSS","M","M","?","?","?","R","E","R","T","M","$","M","R","?","R","BOSS"],"build_version":"2019-01-23","purchased_purges":1,"victory":true,"max_hp_per_floor":[70,70,70,70,70,70,70,70,70,70,70,70,70,70,70,70,70,70,70,70,70,70,70,70,70,70,70,70,70,70,70,70,70,75,75,75,75,75,75,75,77,79,79,81,81,83,85,87,89,89],"card_choices":[{"not_picked":["Accuracy","Heel Hook"],"picked":"Deflect","floor":1.0},{"not_picked":["Bane","Underhanded Strike"],"picked":"Dagger Spray","floor":2.0},{"not_picked":["Slice","Quick Slash"],"picked":"Infinite Blades","floor":3.0},{"not_picked":["Prepared","Deflect"],"picked":"PiercingWail","floor":5.0},{"not_picked":["Predator","Tactician"],"picked":"Grand Finale","floor":6.0},{"not_picked":["Deadly Poison","Blade Dance"],"picked":"Flying Knee","floor":12.0},{"not_picked":["Grand Finale","Poisoned Stab"],"picked":"Dagger Throw","floor":13.0},{"not_picked":["Outmaneuver","Deflect","Catalyst"],"picked":"SKIP","floor":14.0},{"not_picked":["A Thousand Cuts","Adrenaline"],"picked":"After Image","floor":16.0},{"not_picked":["Deadly Poison","Deflect+1"],"picked":"Acrobatics","floor":18.0},{"not_picked":["Acrobatics+1","Masterful Stab"],"picked":"Cloak And Dagger","floor":19.0},{"not_picked":["Quick Slash","Deflect"],"picked":"Escape Plan","floor":22.0},{"not_picked":["Slice","Catalyst"],"picked":"Caltrops","floor":24.0},{"not_picked":["Reflex","Slice"],"picked":"Choke","floor":25.0},{"not_picked":["Flechettes","Bane","Catalyst"],"picked":"SKIP","floor":28.0},{"not_picked":["Backstab","Choke"],"picked":"Backflip","floor":29.0},{"not_picked":["Eviscerate","Dagger Spray","Flying Knee"],"picked":"SKIP","floor":30.0},{"not_picked":["Deadly Poison","Outmaneuver+1","Reflex"],"picked":"SKIP","floor":31.0},{"not_picked":["Storm of Steel","Grand Finale"],"picked":"Die Die Die","floor":33.0},{"not_picked":["Skewer+1","Dagger Throw"],"picked":"Escape Plan","floor":35.0},{"not_picked":["Dagger Spray","Cloak And Dagger+1"],"picked":"Adrenaline","floor":36.0},{"not_picked":["Backstab","Crippling Poison"],"picked":"Leg Sweep","floor":38.0},{"not_picked":["Deflect+1","Flying Knee"],"picked":"Blur+1","floor":40.0},{"not_picked":["Blur","Cloak And Dagger","Quick Slash+1"],"picked":"Singing Bowl","floor":41.0},{"not_picked":["Phantasmal Killer","Backflip","Acrobatics"],"picked":"Singing Bowl","floor":42.0},{"not_picked":["Acrobatics","Underhanded Strike","Outmaneuver"],"picked":"Singing Bowl","floor":44},{"not_picked":["Backflip+1","Accuracy","Footwork"],"picked":"Singing Bowl","floor":46},{"not_picked":["Underhanded Strike","Reflex+1","Outmaneuver+1"],"picked":"Singing Bowl","floor":47},{"not_picked":["Cloak And Dagger","Outmaneuver+1","Dagger Spray"],"picked":"Singing Bowl","floor":48},{"not_picked":["Skewer","Flying Knee","Deadly Poison"],"picked":"Singing Bowl","floor":49}],"player_experience":761844,"relics_obtained":[{"floor":6.0,"key":"Whetstone"},{"floor":9.0,"key":"Happy Flower"},{"floor":12.0,"key":"Dream Catcher"},{"floor":26.0,"key":"Ornamental Fan"},{"floor":31.0,"key":"MawBank"},{"floor":38.0,"key":"Pocketwatch"},{"floor":41.0,"key":"Singing Bowl"},{"floor":43.0,"key":"Nunchaku"}],"event_choices":[{"damage_healed":0.0,"max_hp_gain":0.0,"max_hp_loss":0.0,"gold_gain":0.0,"event_name":"Accursed Blacksmith","player_choice":"Rummage","floor":4.0,"gold_loss":0.0,"damage_taken":0.0,"relics_obtained":["WarpedTongs"],"cards_obtained":["Pain"]},{"cards_removed":["Pain"],"damage_healed":0.0,"max_hp_gain":0.0,"max_hp_loss":0.0,"gold_gain":0.0,"event_name":"Fountain of Cleansing","player_choice":"Removed Curses","floor":7.0,"gold_loss":0.0,"damage_taken":0.0},{"damage_healed":0.0,"max_hp_gain":0.0,"max_hp_loss":0.0,"gold_gain":0.0,"event_name":"Upgrade Shrine","player_choice":"Upgraded","floor":20.0,"gold_loss":0.0,"damage_taken":0.0,"cards_upgraded":["Well Laid Plans"]},{"damage_healed":0.0,"max_hp_gain":0.0,"max_hp_loss":0.0,"gold_gain":0.0,"event_name":"MindBloom","player_choice":"Fight","floor":38.0,"gold_loss":0.0,"damage_taken":0.0},{"damage_healed":0.0,"max_hp_gain":0.0,"max_hp_loss":0.0,"gold_gain":0.0,"event_name":"Match and Keep!","player_choice":"2 cards matched","floor":39.0,"gold_loss":0.0,"damage_taken":0.0,"cards_obtained":["Prepared","Neutralize"]}],"is_beta":false,"boss_relics":[{"not_picked":["Astrolabe","Cursed Key"],"picked":"White Beast Statue"},{"not_picked":["Sozu","Runic Dome"],"picked":"Tiny House"}],"items_purged_floors":[45],"is_endless":false,"potions_floor_spawned":[3,6,16,18,19,22,24,28,29,30,31,33,35,36,38,41,44,46,48],"ascension_level":13}