{"gold_per_floor":[111,186,201,201,216,216,245,245,323,100,100,84,108,119,119,216,216,227,227,227,142,156,156,156],"floor_reached":24,"playtime":1055,"items_purged":["Strike_B"],"score":326,"play_id":"fabfcf2f-47ab-4766-8729-a5158cb843a1","local_time":"20190627155621","is_ascension_mode":true,"campfire_choices":[{"data":"Zap","floor":6,"key":"SMITH"},{"data":"Dualcast","floor":8,"key":"SMITH"},{"data":"White Noise","floor":11,"key":"SMITH"},{"floor":15,"key":"REST"},{"data":"Seek","floor":23,"key":"SMITH"}],"neow_cost":"TEN_PERCENT_HP_LOSS","seed_source_timestamp":1115676191117759,"circlet_count":0,"master_deck":["AscendersBane","Strike_B","Strike_B","Defend_B","Defend_B","Defend_B","Zap+1","Dualcast+1","Gash","Double Energy","Genetic Algorithm","White Noise+1","Self Repair","Cold Snap","Turbo","Seek+1","Rip and Tear","Ghostly","Ghostly","Ghostly","Ghostly","Ghostly","Conserve Battery"],"relics":["Cracked Core","Oddly Smooth Stone","PreservedInsect","Smiling Mask","Cursed Key","Pantograph"],"potions_floor_usage":[7,16,16],"damage_taken":[{"damage":0,"enemies":"2 Louse","floor":1,"turns":2},{"damage":0,"enemies":"Small Slimes","floor":3,"turns":3},{"damage":5,"enemies":"Cultist","floor":5,"turns":4},{"damage":30,"enemies":"Lagavulin","floor":7,"turns":6},{"damage":19,"enemies":"Exordium Thugs","floor":12,"turns":5},{"damage":5,"enemies":"Blue Slaver","floor":14,"turns":4},{"damage":28,"enemies":"The Guardian","floor":16,"turns":10},{"damage":16,"enemies":"3 Byrds","floor":18,"turns":3},{"damage":2,"enemies":"Colosseum Slavers","floor":20,"turns":6},{"damage":23,"enemies":"Chosen","floor":22,"turns":7},{"damage":23,"enemies":"Snecko","floor":24,"turns":6}],"seed_played":"6348986807572532368","potions_obtained":[{"floor":3,"key":"Strength Potion"},{"floor":5,"key":"Swift Potion"},{"floor":7,"key":"SpeedPotion"},{"floor":12,"key":"Energy Potion"},{"floor":14,"key":"AttackPotion"},{"floor":22,"key":"Dexterity Potion"}],"is_trial":false,"path_per_floor":["M","?","M","?","M","R","E","R","T","$","R","M","T","M","R","B",null,"M","?","?","?","M","R","M"],"character_chosen":"DEFECT","items_purchased":["PreservedInsect"],"campfire_rested":1,"item_purchase_floors":[10],"current_hp_per_floor":[68,57,57,57,52,52,22,22,22,22,22,10,10,12,32,11,54,45,34,34,34,18,18,0],"gold":156,"neow_bonus":"REMOVE_TWO","is_prod":false,"is_daily":false,"chose_seed":false,"campfire_upgraded":4,"win_rate":0,"timestamp":1561622181,"path_taken":["M","?","M","?","M","R","E","R","T","$","R","?","?","M","R","BOSS","M","?","?","?","M","R","M"],"build_version":"2019-01-23","purchased_purges":1,"victory":false,"max_hp_per_floor":[68,68,68,68,68,68,68,68,68,68,68,68,68,68,68,68,68,68,34,34,34,34,34,34],"card_choices":[{"not_picked":["Stack","Leap"],"picked":"Gash","floor":1},{"not_picked":["Stack","Barrage"],"picked":"Double Energy","floor":3},{"not_picked":["Hello World","Loop"],"picked":"White Noise","floor":5},{"not_picked":["All For One","Doom and Gloom"],"picked":"Self Repair","floor":7},{"not_picked":["Beam Cell","Stack"],"picked":"Cold Snap","floor":12},{"not_picked":["Beam Cell","Heatsinks"],"picked":"Turbo","floor":14},{"not_picked":["Electrodynamics","Creative AI"],"picked":"Seek","floor":16},{"not_picked":["Steam","Cold Snap"],"picked":"Rip and Tear","floor":18},{"not_picked":["Stack","Steam"],"picked":"Conserve Battery","floor":22}],"player_experience":1086185,"relics_obtained":[{"floor":7,"key":"Oddly Smooth Stone"},{"floor":13,"key":"Smiling Mask"}],"event_choices":[{"damage_healed":0,"gold_gain":75,"player_choice":"Gather Gold","damage_taken":11,"max_hp_gain":0,"max_hp_loss":0,"event_name":"World of Goop","floor":2,"gold_loss":0},{"damage_healed":0,"gold_gain":0,"player_choice":"1 cards matched","damage_taken":0,"max_hp_gain":0,"max_hp_loss":0,"event_name":"Match and Keep!","floor":4,"gold_loss":0,"cards_obtained":["Genetic Algorithm"]},{"damage_healed":0,"gold_gain":0,"player_choice":"Became a Ghost","damage_taken":0,"max_hp_gain":0,"max_hp_loss":34,"event_name":"Ghosts","floor":19,"gold_loss":0,"cards_obtained":["Ghostly","Ghostly","Ghostly","Ghostly","Ghostly"]},{"damage_healed":0,"gold_gain":0,"player_choice":"Fight","damage_taken":0,"max_hp_gain":0,"max_hp_loss":0,"event_name":"Colosseum","floor":20,"gold_loss":0},{"damage_healed":0,"gold_gain":0,"player_choice":"Fled From Nobs","damage_taken":0,"max_hp_gain":0,"max_hp_loss":0,"event_name":"Colosseum","floor":20,"gold_loss":0},{"damage_healed":0,"gold_gain":0,"player_choice":"Obtained Relic","damage_taken":0,"relics_obtained":["Pantograph"],"max_hp_gain":0,"max_hp_loss":0,"event_name":"Addict","floor":21,"gold_loss":85}],"is_beta":false,"boss_relics":[{"not_picked":["Runic Dome","Lizard Tail"],"picked":"Cursed Key"}],"items_purged_floors":[10],"is_endless":false,"potions_floor_spawned":[3,5,7,12,14,20,22],"killed_by":"Snecko","ascension_level":11}