{"gold_per_floor":[115,129,50,67,79,79,110,110,110,130,130,0,12,12,12,117,117,117],"floor_reached":18,"playtime":1164,"items_purged":[],"score":212,"play_id":"0f28fdb1-64ed-4c60-9c9b-8728c4518cf3","local_time":"20190704181825","is_ascension_mode":false,"campfire_choices":[{"data":"Noxious Fumes","floor":6,"key":"SMITH"},{"data":"Night Terror","floor":11,"key":"SMITH"},{"data":"Neutralize","floor":15,"key":"SMITH"}],"neow_cost":"PERCENT_DAMAGE","seed_source_timestamp":91707962069319,"circlet_count":0,"master_deck":["Strike_G","Strike_G","Strike_G","Strike_G","Strike_G","Defend_G","Defend_G","Defend_G","Defend_G","Survivor","Neutralize+1","Masterful Stab","Noxious Fumes+1","Well Laid Plans","Prepared","Quick Slash","Night Terror+1","Deadly Poison","Well Laid Plans","Prepared","Flying Knee","Backflip","After Image"],"relics":["Ring of the Snake","FossilizedHelix","Regal Pillow","Oddly Smooth Stone","HoveringKite"],"potions_floor_usage":[],"damage_taken":[{"damage":0,"enemies":"Cultist","floor":1,"turns":4},{"damage":0,"enemies":"2 Louse","floor":2,"turns":2},{"damage":0,"enemies":"Small Slimes","floor":4,"turns":4},{"damage":0,"enemies":"Looter","floor":5,"turns":4},{"damage":29,"enemies":"Lagavulin","floor":7,"turns":7},{"damage":4,"enemies":"Exordium Thugs","floor":10,"turns":5},{"damage":0,"enemies":"Large Slime","floor":13,"turns":4},{"damage":0,"enemies":"Hexaghost","floor":16,"turns":7},{"damage":0,"enemies":"3 Byrds","floor":18,"turns":3}],"seed_played":"-6634868369898491488","potions_obtained":[{"floor":1,"key":"Energy Potion"},{"floor":4,"key":"EssenceOfSteel"},{"floor":16,"key":"SpeedPotion"}],"is_trial":false,"path_per_floor":["M","M","$","M","M","R","E","?","T","M","R","$","M","$","R","B",null,"M"],"character_chosen":"THE_SILENT","items_purchased":["Well Laid Plans","Well Laid Plans","Prepared","Flying Knee"],"campfire_rested":0,"item_purchase_floors":[3,12,12,12],"current_hp_per_floor":[49,49,49,49,49,49,20,20,20,16,16,16,16,16,16,16,70,70],"gold":117,"neow_bonus":"ONE_RARE_RELIC","is_prod":false,"is_daily":false,"chose_seed":false,"campfire_upgraded":3,"win_rate":0.0,"timestamp":1562228305,"path_taken":["M","M","?","M","M","R","E","?","T","?","R","$","M","?","R","BOSS","M"],"build_version":"2019-07-01","purchased_purges":0,"victory":false,"max_hp_per_floor":[70,70,70,70,70,70,70,70,70,70,70,70,70,70,70,70,70,70],"card_choices":[{"not_picked":["Crippling Poison","Deflect"],"picked":"Masterful Stab","floor":1},{"not_picked":["Bouncing Flask","Backflip"],"picked":"Noxious Fumes","floor":2},{"not_picked":["Dagger Throw","Choke"],"picked":"Prepared","floor":4},{"not_picked":["Finisher","Skewer"],"picked":"Quick Slash","floor":5},{"not_picked":["Backflip","Dash"],"picked":"Night Terror","floor":7},{"not_picked":["Eviscerate","Poisoned Stab"],"picked":"Deadly Poison","floor":10},{"not_picked":["Slice","Dodge and Roll"],"picked":"Backflip","floor":13},{"not_picked":["Tools of the Trade","Bullet Time"],"picked":"After Image","floor":16}],"player_experience":13890,"relics_obtained":[{"floor":7,"key":"Regal Pillow"},{"floor":9,"key":"Oddly Smooth Stone"}],"event_choices":[{"cards_removed":["Defend_G"],"damage_healed":0,"gold_gain":0,"player_choice":"Offered Basic","damage_taken":0,"max_hp_gain":0,"max_hp_loss":0,"event_name":"Bonfire Elementals","floor":8,"gold_loss":0}],"is_beta":false,"boss_relics":[{"not_picked":["Calling Bell","WristBlade"],"picked":"HoveringKite"}],"items_purged_floors":[],"is_endless":false,"potions_floor_spawned":[1,4,16],"killed_by":"3 Byrds","ascension_level":0}