{"gold_per_floor":[113,127,139,157,82,82,97,97,97,97,97,116,116,148,148,243,243,262,262,262,262,273,273,287,316,341,357,357,59,77,90,90,191,191,211,227,227,243,243,243,83,93,93,111,0,0,0,0,0,0],"floor_reached":50,"playtime":8371,"items_purged":["Strike_B","Strike_B","Strike_B"],"score":568,"play_id":"790f612e-eb48-47e7-aa52-440065493cac","local_time":"20190613084442","is_ascension_mode":true,"campfire_choices":[{"data":"Coolheaded","floor":6.0,"key":"SMITH"},{"data":"Dualcast","floor":11.0,"key":"SMITH"},{"data":"Go for the Eyes","floor":13.0,"key":"SMITH"},{"data":"Zap","floor":15.0,"key":"SMITH"},{"data":"Reboot","floor":23.0,"key":"SMITH"},{"floor":28.0,"key":"REST"},{"floor":32.0,"key":"REST"},{"data":"Seek","floor":40,"key":"SMITH"},{"data":"Turbo","floor":47,"key":"SMITH"},{"data":"Hologram","floor":49,"key":"SMITH"}],"neow_cost":"NONE","seed_source_timestamp":0,"circlet_count":0,"master_deck":["Strike_B","Defend_B","Defend_B","Defend_B","Defend_B","Zap+1","Dualcast+1","BootSequence","Glacier","Go for the Eyes+1","Coolheaded+1","Coolheaded+1","Compile Driver","Reboot+1","RitualDagger","Conserve Battery","Double Energy+1","Electrodynamics+1","Hologram+1","Sunder+1","Seek+1","Beam Cell+1","Melter+1","Capacitor+1","Turbo+1"],"special_seed":0,"relics":["Cracked Core","Ancient Tea Set","Ginger","Frozen Egg 2","Mercury Hourglass","Black Star","Bag of Marbles","Omamori","Dream Catcher","Nuclear Battery","Blue Candle","Red Mask","FossilizedHelix"],"potions_floor_usage":[37,37,38,50],"damage_taken":[{"damage":11.0,"enemies":"2 Louse","floor":1.0,"turns":3.0},{"damage":1.0,"enemies":"Cultist","floor":2.0,"turns":3.0},{"damage":0.0,"enemies":"Small Slimes","floor":3.0,"turns":3.0},{"damage":2.0,"enemies":"3 Louse","floor":4.0,"turns":3.0},{"damage":1.0,"enemies":"Blue Slaver","floor":7.0,"turns":3.0},{"damage":0.0,"enemies":"Gremlin Gang","floor":12.0,"turns":7.0},{"damage":27.0,"enemies":"Gremlin Nob","floor":14.0,"turns":5.0},{"damage":0.0,"enemies":"Slime Boss","floor":16.0,"turns":9.0},{"damage":1.0,"enemies":"Chosen","floor":18.0,"turns":5.0},{"damage":16.0,"enemies":"3 Byrds","floor":22.0,"turns":4.0},{"damage":0.0,"enemies":"Cultist and Chosen","floor":24.0,"turns":5.0},{"damage":24.0,"enemies":"Slavers","floor":25.0,"turns":7.0},{"damage":13.0,"enemies":"3 Cultists","floor":27.0,"turns":6.0},{"damage":0.0,"enemies":"Sentry and Sphere","floor":30.0,"turns":3.0},{"damage":14.0,"enemies":"Cultist and Chosen","floor":31.0,"turns":5.0},{"damage":35.0,"enemies":"Collector","floor":33.0,"turns":16.0},{"damage":0,"enemies":"Orb Walker","floor":35,"turns":3},{"damage":7,"enemies":"3 Shapes","floor":36,"turns":3},{"damage":5,"enemies":"Writhing Mass","floor":37,"turns":3},{"damage":10,"enemies":"Spire Growth","floor":38,"turns":6},{"damage":0,"enemies":"Sphere and 2 Shapes","floor":42,"turns":7},{"damage":2,"enemies":"Maw","floor":44,"turns":7},{"damage":63,"enemies":"Time Eater","floor":50,"turns":7}],"seed_played":"-983987157116728726","potions_obtained":[{"floor":1.0,"key":"SteroidPotion"},{"floor":7.0,"key":"FocusPotion"},{"floor":14.0,"key":"SkillPotion"},{"floor":24.0,"key":"PowerPotion"},{"floor":27.0,"key":"Dexterity Potion"},{"floor":30.0,"key":"SmokeBomb"},{"floor":33.0,"key":"FocusPotion"},{"floor":35,"key":"SkillPotion"},{"floor":42,"key":"Swift Potion"}],"is_trial":false,"path_per_floor":["M","M","M","M","$","R","M","?","T","?","R","M","R","E","R","B",null,"M","?","?","?","M","R","M","E","T","M","R","$","M","M","R","B",null,"M","M","M","M","?","R","$","M","T","M","?","T","R","$","R","B"],"character_chosen":"DEFECT","items_purchased":["Electrodynamics+1","Hologram","Capacitor+1"],"campfire_rested":2,"item_purchase_floors":[29,29,41],"current_hp_per_floor":[64,63,63,61,61,61,60,60,60,60,60,60,60,33,33,33,75,74,74,74,68,52,52,52,28,28,15,37,37,37,23,45,10,75,75,68,63,53,53,53,53,53,53,51,51,51,51,51,51,0],"gold":0,"neow_bonus":"RANDOM_COMMON_RELIC","is_prod":false,"is_daily":false,"chose_seed":false,"campfire_upgraded":8,"win_rate":0,"timestamp":1560429882,"path_taken":["M","M","M","M","$","R","M","?","T","?","R","?","R","E","R","BOSS","M","?","?","?","M","R","M","E","T","M","R","?","M","M","R","BOSS","M","M","?","M","?","R","?","M","T","M","?","?","R","$","R","BOSS"],"build_version":"2019-01-23","purchased_purges":3,"victory":false,"max_hp_per_floor":[75,75,75,75,75,75,75,75,75,75,75,75,75,75,75,75,75,75,75,75,75,75,75,75,75,75,75,75,75,75,75,75,75,75,75,75,75,75,75,75,75,75,75,75,75,75,75,75,75,75],"card_choices":[{"not_picked":["Stack","Ball Lightning"],"picked":"BootSequence","floor":1.0},{"not_picked":["Stack","Turbo"],"picked":"Glacier","floor":2.0},{"not_picked":["Redo","Cold Snap"],"picked":"Go for the Eyes","floor":3.0},{"not_picked":["Hologram","Steam"],"picked":"Coolheaded","floor":4.0},{"not_picked":["Storm","Stack"],"picked":"Coolheaded","floor":7.0},{"not_picked":["Steam Power","Steam"],"picked":"Compile Driver","floor":12.0},{"not_picked":["White Noise","Thunder Strike","Gash"],"picked":"SKIP","floor":14.0},{"not_picked":["Multi-Cast","Core Surge"],"picked":"Reboot","floor":16.0},{"not_picked":["Gash","Loop+1","BootSequence+1"],"picked":"SKIP","floor":18.0},{"not_picked":["Fusion+1","Undo","Rip and Tear+1"],"picked":"SKIP","floor":22.0},{"not_picked":["Sweeping Beam+1","Chaos","Stack+1"],"picked":"SKIP","floor":24.0},{"not_picked":["Tempest","Redo+1"],"picked":"Conserve Battery","floor":25.0},{"not_picked":["Rip and Tear","Gash"],"picked":"Double Energy+1","floor":27.0},{"not_picked":["Redo","Go for the Eyes","Tempest"],"picked":"SKIP","floor":30.0},{"not_picked":["Force Field","Reinforced Body"],"picked":"Sunder+1","floor":31.0},{"not_picked":["Echo Form+1","Meteor Strike"],"picked":"Seek","floor":33.0},{"not_picked":["Stack","Heatsinks+1","Double Energy+1"],"picked":"SKIP","floor":35},{"not_picked":["Conserve Battery","Hologram"],"picked":"Beam Cell+1","floor":36},{"not_picked":["Streamline","Cold Snap+1"],"picked":"Melter+1","floor":38},{"not_picked":["Leap+1","Conserve Battery","Streamline+1"],"picked":"SKIP","floor":42},{"not_picked":["Gash","Go for the Eyes+1"],"picked":"Turbo","floor":44}],"player_experience":322655,"relics_obtained":[{"floor":9.0,"key":"Frozen Egg 2"},{"floor":14.0,"key":"Mercury Hourglass"},{"floor":25.0,"key":"Bag of Marbles"},{"floor":25.0,"key":"Omamori"},{"floor":26.0,"key":"Dream Catcher"},{"floor":43,"key":"Blue Candle"},{"floor":46,"key":"FossilizedHelix"}],"event_choices":[{"damage_healed":0.0,"max_hp_gain":0.0,"max_hp_loss":0.0,"gold_gain":0.0,"event_name":"Dead Adventurer","player_choice":"Searched \u00271\u0027 times","floor":8.0,"gold_loss":0.0,"damage_taken":0.0,"relics_obtained":["Ginger"]},{"damage_healed":0.0,"max_hp_gain":0.0,"max_hp_loss":0.0,"gold_gain":0.0,"event_name":"Accursed Blacksmith","player_choice":"Forge","floor":10.0,"gold_loss":0.0,"damage_taken":0.0,"cards_upgraded":["Coolheaded"]},{"damage_healed":0.0,"max_hp_gain":0.0,"max_hp_loss":0.0,"gold_gain":0.0,"event_name":"The Mausoleum","player_choice":"Ignored","floor":19.0,"gold_loss":0.0,"damage_taken":0.0},{"damage_healed":0.0,"max_hp_gain":0.0,"max_hp_loss":0.0,"gold_gain":0.0,"event_name":"Vampires","player_choice":"Ignored","floor":20.0,"gold_loss":0.0,"damage_taken":0.0},{"damage_healed":0.0,"max_hp_gain":0.0,"max_hp_loss":0.0,"gold_gain":0.0,"event_name":"Nest","player_choice":"Joined the Cult","floor":21.0,"gold_loss":0.0,"damage_taken":6.0,"cards_obtained":["RitualDagger"]},{"damage_healed":0,"gold_gain":0,"player_choice":"Ignored","damage_taken":0,"max_hp_gain":0,"max_hp_loss":0,"event_name":"Duplicator","floor":39,"gold_loss":0},{"damage_healed":0,"gold_gain":0,"player_choice":"Paid","damage_taken":0,"relics_obtained":["Red Mask"],"max_hp_gain":0,"max_hp_loss":0,"event_name":"Tomb of Lord Red Mask","floor":45,"gold_loss":111}],"is_beta":false,"boss_relics":[{"not_picked":["Astrolabe","Busted Crown"],"picked":"Black Star"},{"not_picked":["Fusion Hammer","Runic Dome"],"picked":"Nuclear Battery"}],"items_purged_floors":[5,29,41],"is_endless":false,"potions_floor_spawned":[1,7,14,24,27,30,33,35,42],"killed_by":"Time Eater","ascension_level":2}