{"gold_per_floor":[211,230,230,0,13,13,39,39,39,39,66,141,155,169,169,169],"floor_reached":16,"playtime":1236,"items_purged":["Strike_B"],"score":165,"play_id":"5cd9f477-464e-46d2-b3e8-3f69c6b27f9c","local_time":"20190702092945","is_ascension_mode":true,"campfire_choices":[{"data":"Zap","floor":6,"key":"SMITH"},{"floor":8,"key":"REST"},{"data":"Coolheaded","floor":15,"key":"SMITH"}],"neow_cost":"NONE","seed_source_timestamp":74095572016265,"circlet_count":0,"master_deck":["AscendersBane","Strike_B","Strike_B","Defend_B","Defend_B","Defend_B","Defend_B","Zap+1","Dualcast","Cold Snap","Redo","Hyperbeam","BootSequence","Capacitor","Coolheaded+1"],"relics":["Cracked Core","Bird Faced Urn","Meat on the Bone","Anchor"],"potions_floor_usage":[16,16,16],"damage_taken":[{"damage":2,"enemies":"2 Louse","floor":1,"turns":3},{"damage":2,"enemies":"Jaw Worm","floor":2,"turns":3},{"damage":7,"enemies":"Small Slimes","floor":5,"turns":2},{"damage":22,"enemies":"Gremlin Nob","floor":7,"turns":4},{"damage":11,"enemies":"Lagavulin","floor":11,"turns":8},{"damage":0,"enemies":"2 Fungi Beasts","floor":13,"turns":3},{"damage":0,"enemies":"Gremlin Gang","floor":14,"turns":1},{"damage":44,"enemies":"The Guardian","floor":16,"turns":13}],"seed_played":"-7850582341253663287","potions_obtained":[{"floor":2,"key":"Fire Potion"},{"floor":5,"key":"Weak Potion"},{"floor":14,"key":"FearPotion"}],"is_trial":false,"path_per_floor":["M","M","?","$","M","R","E","R","T","$","E","?","M","M","R","B"],"character_chosen":"DEFECT","items_purchased":["Hyperbeam"],"campfire_rested":1,"item_purchase_floors":[4],"current_hp_per_floor":[66,64,57,57,50,50,28,50,50,50,39,28,40,40,40,0],"gold":169,"neow_bonus":"HUNDRED_GOLD","is_prod":false,"is_daily":false,"chose_seed":false,"campfire_upgraded":2,"win_rate":0,"timestamp":1562074185,"path_taken":["M","M","?","$","M","R","E","R","T","$","E","?","M","M","R","BOSS"],"build_version":"2019-07-01","purchased_purges":1,"victory":false,"max_hp_per_floor":[75,75,75,75,75,75,75,75,75,75,75,75,75,75,75,75],"card_choices":[{"not_picked":["Steam","Double Energy"],"picked":"Cold Snap","floor":1},{"not_picked":["Beam Cell","Turbo"],"picked":"Redo","floor":2},{"not_picked":["Leap","Compile Driver","Biased Cognition"],"picked":"SKIP","floor":5},{"not_picked":["Double Energy","Go for the Eyes"],"picked":"BootSequence","floor":7},{"not_picked":["Beam Cell","Chaos","Ball Lightning"],"picked":"SKIP","floor":11},{"not_picked":["Ball Lightning","Double Energy"],"picked":"Capacitor","floor":13},{"not_picked":["Fusion","Melter"],"picked":"Coolheaded","floor":14}],"player_experience":508441,"relics_obtained":[{"floor":7,"key":"Bird Faced Urn"},{"floor":9,"key":"Meat on the Bone"},{"floor":11,"key":"Anchor"}],"event_choices":[{"cards_removed":["Strike_B"],"damage_healed":0,"gold_gain":0,"player_choice":"Card Removal","damage_taken":7,"max_hp_gain":0,"max_hp_loss":0,"event_name":"Golden Wing","floor":3,"gold_loss":0},{"damage_healed":0,"gold_gain":75,"player_choice":"Gather Gold","damage_taken":11,"max_hp_gain":0,"max_hp_loss":0,"event_name":"World of Goop","floor":12,"gold_loss":0}],"is_beta":false,"boss_relics":[],"items_purged_floors":[4],"is_endless":false,"potions_floor_spawned":[2,5,14],"killed_by":"The Guardian","ascension_level":10}