{"gold_per_floor":[119,40,40,40,52,87,107,122,146,181,194,194,194,205,205,280,280,300,225,225,259,270,270,287,320,320,320,334,345,12,30,30,101,101,111,125,125,125],"floor_reached":39,"playtime":3396,"items_purged":[],"score":1108,"play_id":"840d1e61-52d0-431d-b6f0-16ee01450da2","local_time":"20190705123029","is_ascension_mode":true,"campfire_choices":[{"data":"Zap","floor":13,"key":"SMITH"},{"data":"Sweeping Beam","floor":15,"key":"SMITH"},{"data":"Echo Form","floor":23,"key":"SMITH"},{"data":"Rainbow","floor":27,"key":"SMITH"},{"floor":32,"key":"REST"}],"neow_cost":"NONE","seed_source_timestamp":519768690063366,"circlet_count":0,"master_deck":["AscendersBane","Defend_B","Defend_B","Defend_B","Defend_B+1","Zap+1","Dualcast+1","Lockon+1","Self Repair","Cold Snap","Ball Lightning","Sweeping Beam","Sweeping Beam+1","Echo Form+1","Go for the Eyes+1","Chill","Core Surge","Loop+1","Defragment+1","Chill+1","Undo+1","Rainbow+1","FTL","Steam","Scrape+1","FTL","Steam","Biased Cognition","Hologram+1"],"relics":["Cracked Core","NeowsBlessing","Dream Catcher","War Paint","Strawberry","Astrolabe","Red Mask","Pear","Gremlin Horn","Anchor","Pen Nib","Nuclear Battery"],"potions_floor_usage":[10,10,18,21,25,25,31,38],"damage_taken":[{"damage":0,"enemies":"Jaw Worm","floor":1,"turns":1},{"damage":0,"enemies":"Small Slimes","floor":5,"turns":1},{"damage":0,"enemies":"3 Sentries","floor":6,"turns":1},{"damage":0,"enemies":"2 Louse","floor":7,"turns":3},{"damage":15,"enemies":"Looter","floor":8,"turns":3},{"damage":16,"enemies":"Lagavulin","floor":10,"turns":7},{"damage":19,"enemies":"Exordium Wildlife","floor":11,"turns":3},{"damage":0,"enemies":"Large Slime","floor":14,"turns":4},{"damage":5,"enemies":"Slime Boss","floor":16,"turns":7},{"damage":2,"enemies":"Chosen","floor":18,"turns":5},{"damage":17,"enemies":"Masked Bandits","floor":21,"turns":5},{"damage":3,"enemies":"Spheric Guardian","floor":22,"turns":4},{"damage":1,"enemies":"Snecko","floor":24,"turns":6},{"damage":20,"enemies":"Gremlin Leader","floor":25,"turns":8},{"damage":3,"enemies":"Snake Plant","floor":28,"turns":4},{"damage":8,"enemies":"Centurion and Healer","floor":29,"turns":7},{"damage":26,"enemies":"Snecko","floor":31,"turns":6},{"damage":8,"enemies":"Champ","floor":33,"turns":10},{"damage":6,"enemies":"3 Darklings","floor":35,"turns":6},{"damage":0,"enemies":"3 Shapes","floor":36,"turns":4},{"damage":67,"enemies":"Donu and Deca","floor":38,"turns":9}],"seed_played":"1770834646020276711","potions_obtained":[{"floor":1,"key":"Weak Potion"},{"floor":5,"key":"Dexterity Potion"},{"floor":10,"key":"SteroidPotion"},{"floor":16,"key":"Swift Potion"},{"floor":18,"key":"Block Potion"},{"floor":22,"key":"Explosive Potion"},{"floor":24,"key":"Block Potion"},{"floor":29,"key":"FocusPotion"},{"floor":35,"key":"Strength Potion"}],"is_trial":false,"path_per_floor":["M","$","?","?","M","E","M","M","T","E","M","?","R","M","R","B",null,"M","?","?","?","M","R","M","E","T","R","M","M","$","M","R","B",null,"M","M","?","B",null],"character_chosen":"DEFECT","items_purchased":["Self Repair","Anchor","Pen Nib"],"campfire_rested":1,"item_purchase_floors":[2,30,30],"current_hp_per_floor":[64,64,69,69,69,76,76,68,68,66,47,22,22,29,29,31,70,68,68,44,34,38,38,44,48,48,48,45,44,44,25,54,53,87,81,81,81,21],"gold":125,"neow_bonus":"THREE_ENEMY_KILL","is_prod":false,"is_daily":false,"chose_seed":false,"campfire_upgraded":4,"win_rate":0,"timestamp":1562301029,"path_taken":["M","$","?","?","M","E","M","M","T","E","M","?","R","M","R","BOSS","M","?","?","?","M","R","M","E","T","R","M","M","?","?","R","BOSS","M","M","?","BOSS"],"build_version":"2019-07-01","purchased_purges":0,"victory":true,"max_hp_per_floor":[71,71,76,76,76,76,76,76,76,83,83,83,83,83,83,83,83,83,83,88,88,88,88,88,98,98,98,98,98,98,98,98,98,98,98,98,98,98],"card_choices":[{"not_picked":["Heatsinks","Streamline"],"picked":"Lockon","floor":1},{"not_picked":["Undo","Coolheaded"],"picked":"Cold Snap","floor":5},{"not_picked":["All For One","Scrape"],"picked":"Ball Lightning","floor":6},{"not_picked":["Hologram","Leap"],"picked":"Sweeping Beam","floor":7},{"not_picked":["Beam Cell","Gash"],"picked":"Sweeping Beam","floor":8},{"not_picked":["Auto Shields","Sweeping Beam"],"picked":"Echo Form","floor":10},{"not_picked":["Cold Snap","Hologram"],"picked":"Go for the Eyes","floor":11},{"not_picked":["Conserve Battery","Compile Driver"],"picked":"Chill","floor":14},{"not_picked":["All For One","Echo Form"],"picked":"Core Surge","floor":16},{"not_picked":["Auto Shields","Redo","Rip and Tear"],"picked":"SKIP","floor":18},{"not_picked":["Rip and Tear","Hologram"],"picked":"Undo+1","floor":21},{"not_picked":["Gash+1","Rebound","Conserve Battery"],"picked":"SKIP","floor":22},{"not_picked":["Static Discharge","Doom and Gloom"],"picked":"Rainbow","floor":24},{"not_picked":["Hologram","Coolheaded"],"picked":"FTL","floor":25},{"not_picked":["Cold Snap","Stack"],"picked":"Steam","floor":28},{"not_picked":["Chill","Barrage"],"picked":"Scrape+1","floor":29},{"not_picked":["Aggregate","Recycle"],"picked":"FTL","floor":31},{"not_picked":["Meteor Strike","Sweeping Beam"],"picked":"Steam","floor":32},{"not_picked":["Fission","Core Surge"],"picked":"Biased Cognition","floor":33},{"not_picked":["Stack","Rebound","Consume"],"picked":"SKIP","floor":35},{"not_picked":["Fusion","Barrage+1"],"picked":"Hologram+1","floor":36}],"player_experience":1180172,"relics_obtained":[{"floor":6,"key":"Dream Catcher"},{"floor":9,"key":"War Paint"},{"floor":10,"key":"Strawberry"},{"floor":21,"key":"Red Mask"},{"floor":25,"key":"Pear"},{"floor":26,"key":"Gremlin Horn"}],"event_choices":[{"damage_healed":0,"gold_gain":0,"player_choice":"Donut","damage_taken":0,"max_hp_gain":5,"max_hp_loss":0,"event_name":"Big Fish","floor":3,"gold_loss":0},{"damage_healed":0,"gold_gain":0,"player_choice":"Ignored","damage_taken":0,"max_hp_gain":0,"max_hp_loss":0,"event_name":"Liars Game","floor":4,"gold_loss":0},{"damage_healed":0,"gold_gain":0,"player_choice":"Entered Light","damage_taken":25,"max_hp_gain":0,"max_hp_loss":0,"event_name":"Shining Light","floor":12,"gold_loss":0,"cards_upgraded":["Lockon","Go for the Eyes"]},{"cards_removed":["Strike_B"],"damage_healed":0,"gold_gain":0,"player_choice":"Gave Gold","damage_taken":0,"max_hp_gain":0,"max_hp_loss":0,"event_name":"Beggar","floor":19,"gold_loss":75},{"damage_healed":0,"gold_gain":0,"player_choice":"Shed Blood","damage_taken":29,"max_hp_gain":5,"max_hp_loss":0,"event_name":"Forgotten Altar","floor":20,"gold_loss":0},{"damage_healed":0,"gold_gain":0,"player_choice":"Fought Bandits","damage_taken":0,"max_hp_gain":0,"max_hp_loss":0,"event_name":"Masked Bandits","floor":21,"gold_loss":0},{"damage_healed":0,"gold_gain":0,"player_choice":"Took Portal","damage_taken":0,"max_hp_gain":0,"max_hp_loss":0,"event_name":"SecretPortal","floor":37,"gold_loss":0}],"is_beta":false,"boss_relics":[{"not_picked":["Calling Bell","Inserter"],"picked":"Astrolabe"},{"not_picked":["White Beast Statue","Runic Dome"],"picked":"Nuclear Battery"}],"items_purged_floors":[],"is_endless":false,"potions_floor_spawned":[1,5,6,8,10,16,18,22,24,29,35],"ascension_level":16}