{"gold_per_floor":[13,23,43,58,58,93,93,107,188,517,517,546,565,576,576,649,649,668,654,670,670,680,680],"floor_reached":23,"playtime":1648,"items_purged":[],"score":405,"play_id":"f054b2c3-17ae-497b-bc58-e9b03c07490e","local_time":"20190603003633","is_ascension_mode":true,"campfire_choices":[{"data":"Spot Weakness","floor":7.0,"key":"SMITH"},{"floor":11.0,"key":"REST"},{"data":"Limit Break","floor":15.0,"key":"SMITH"}],"neow_cost":"NO_GOLD","seed_source_timestamp":947520527596400,"circlet_count":0,"master_deck":["AscendersBane","Strike_R","Strike_R","Strike_R","Strike_R","Strike_R","Defend_R","Defend_R","Defend_R","Defend_R","Bash","Shockwave","Rampage+1","Spot Weakness+1","Infernal Blade","Twin Strike","Cleave","Clothesline+1","Flame Barrier","Shrug It Off","Limit Break+1","Reaper","Sword Boomerang","Uppercut"],"special_seed":0,"relics":["Black Blood","Strawberry","Paper Frog","Old Coin","Whetstone"],"potions_floor_usage":[23,23],"damage_taken":[{"damage":3.0,"enemies":"2 Louse","floor":1.0,"turns":4.0},{"damage":9.0,"enemies":"Jaw Worm","floor":2.0,"turns":5.0},{"damage":6.0,"enemies":"Cultist","floor":3.0,"turns":4.0},{"damage":14.0,"enemies":"Blue Slaver","floor":4.0,"turns":4.0},{"damage":29.0,"enemies":"Gremlin Nob","floor":6.0,"turns":4.0},{"damage":10.0,"enemies":"2 Fungi Beasts","floor":8.0,"turns":3.0},{"damage":30.0,"enemies":"3 Sentries","floor":10.0,"turns":6.0},{"damage":10.0,"enemies":"Lagavulin","floor":12.0,"turns":5.0},{"damage":9.0,"enemies":"Looter","floor":13.0,"turns":3.0},{"damage":3.0,"enemies":"Red Slaver","floor":14.0,"turns":4.0},{"damage":43.0,"enemies":"The Guardian","floor":16.0,"turns":11.0},{"damage":0.0,"enemies":"Chosen","floor":18.0,"turns":4.0},{"damage":29.0,"enemies":"2 Thieves","floor":19.0,"turns":4.0},{"damage":52.0,"enemies":"Snake Plant","floor":20.0,"turns":7.0},{"damage":21.0,"enemies":"Snecko","floor":22.0,"turns":4.0},{"damage":57,"enemies":"Slavers","floor":23,"turns":3}],"seed_played":"-3572167526259721480","potions_obtained":[{"floor":3.0,"key":"SteroidPotion"},{"floor":4.0,"key":"Ancient Potion"},{"floor":6.0,"key":"SpeedPotion"},{"floor":12.0,"key":"SkillPotion"},{"floor":14.0,"key":"Ancient Potion"},{"floor":16.0,"key":"Block Potion"},{"floor":20.0,"key":"Strength Potion"},{"floor":22.0,"key":"Energy Potion"}],"is_trial":false,"path_per_floor":["M","M","M","M","$","E","R","M","T","E","R","E","M","M","R","B",null,"M","M","M","?","M","E"],"character_chosen":"IRONCLAD","items_purchased":[],"campfire_rested":1,"item_purchase_floors":[],"current_hp_per_floor":[85,82,82,74,74,58,58,54,54,30,58,54,51,54,54,17,76,96,77,38,38,37,0],"gold":680,"neow_bonus":"TWENTY_PERCENT_HP_BONUS","is_prod":false,"is_daily":false,"chose_seed":false,"campfire_upgraded":2,"win_rate":0,"timestamp":1559514993,"path_taken":["M","M","M","M","$","E","R","M","T","E","R","E","M","M","R","BOSS","M","M","M","?","M","E"],"build_version":"2019-01-23","purchased_purges":0,"victory":false,"max_hp_per_floor":[89,89,89,89,89,96,96,96,96,96,96,96,96,96,96,96,96,96,96,96,96,96,96],"card_choices":[{"not_picked":["Clash","Entrench"],"picked":"Shockwave","floor":1.0},{"not_picked":["Corruption","Havoc"],"picked":"Rampage","floor":2.0},{"not_picked":["Inflame","Wild Strike"],"picked":"Spot Weakness","floor":3.0},{"not_picked":["Headbutt","Sentinel"],"picked":"Infernal Blade","floor":4.0},{"not_picked":["Dropkick","Perfected Strike"],"picked":"Twin Strike","floor":6.0},{"not_picked":["Shockwave","Perfected Strike"],"picked":"Cleave","floor":8.0},{"not_picked":["Flex","Rage"],"picked":"Clothesline","floor":10.0},{"not_picked":["Heavy Blade","Iron Wave"],"picked":"Flame Barrier","floor":12.0},{"not_picked":["Bloodletting","Havoc"],"picked":"Shrug It Off","floor":13.0},{"not_picked":["Carnage","Whirlwind"],"picked":"Limit Break","floor":14.0},{"not_picked":["Impervious","Immolate"],"picked":"Reaper","floor":16.0},{"not_picked":["Headbutt","Rage","Sever Soul"],"picked":"SKIP","floor":18.0},{"not_picked":["Body Slam","Warcry+1"],"picked":"Sword Boomerang","floor":19.0},{"not_picked":["Clothesline","Heavy Blade","Headbutt"],"picked":"SKIP","floor":20.0},{"not_picked":["Entrench","Twin Strike"],"picked":"Uppercut","floor":22.0}],"player_experience":809574,"relics_obtained":[{"floor":6.0,"key":"Strawberry"},{"floor":9.0,"key":"Paper Frog"},{"floor":10.0,"key":"Old Coin"},{"floor":12.0,"key":"Whetstone"}],"event_choices":[{"damage_healed":0.0,"max_hp_gain":0.0,"max_hp_loss":0.0,"gold_gain":0.0,"event_name":"Beggar","player_choice":"Ignored","floor":21.0,"gold_loss":0.0,"damage_taken":0.0}],"is_beta":false,"boss_relics":[{"not_picked":["Cursed Key","White Beast Statue"],"picked":"Black Blood"}],"items_purged_floors":[],"is_endless":false,"potions_floor_spawned":[3,4,6,10,12,14,16,20,22],"killed_by":"Slavers","ascension_level":15}