{"gold_per_floor":[119,134,84,84,84,118,118,153,153,153],"floor_reached":10,"playtime":474,"items_purged":[],"score":139,"play_id":"e16a53d3-d85d-4f65-84cf-ea028cc11277","local_time":"20190206095414","is_ascension_mode":true,"campfire_choices":[{"data":"Zap","floor":7,"key":"SMITH"}],"neow_cost":"NONE","seed_source_timestamp":251366982853235,"circlet_count":0,"master_deck":["Strike_B","Strike_B","Strike_B","Defend_B","Defend_B","Defend_B","Defend_B","Zap+1","Dualcast","Gash","Loop","Beam Cell"],"relics":["Cracked Core","NeowsBlessing","Sundial","Singing Bowl","Unceasing Top","Dead Branch","StoneCalendar"],"potions_floor_usage":[10],"damage_taken":[{"damage":0,"enemies":"2 Louse","floor":1,"turns":1},{"damage":0,"enemies":"Small Slimes","floor":2,"turns":1},{"damage":0,"enemies":"Lagavulin","floor":6,"turns":3},{"damage":35,"enemies":"3 Sentries","floor":8,"turns":7},{"damage":29,"enemies":"Gremlin Nob","floor":10,"turns":3}],"seed_played":"9184626741358401434","potions_obtained":[{"floor":8,"key":"EssenceOfSteel"}],"is_trial":false,"path_per_floor":["M","M","?","?","T","E","R","E","T","E"],"character_chosen":"DEFECT","items_purchased":[],"campfire_rested":0,"item_purchase_floors":[],"current_hp_per_floor":[68,68,68,61,61,61,61,26,26,0],"gold":153,"neow_bonus":"THREE_ENEMY_KILL","is_prod":false,"is_daily":false,"chose_seed":false,"campfire_upgraded":1,"win_rate":0,"timestamp":1549418054,"path_taken":["M","M","?","?","?","E","R","E","T","E"],"build_version":"2019-01-23","purchased_purges":0,"victory":false,"max_hp_per_floor":[75,75,75,75,75,75,75,75,75,75],"card_choices":[{"not_picked":["Barrage","Stack","Redo"],"picked":"SKIP","floor":1},{"not_picked":["Cold Snap","Compile Driver"],"picked":"Gash","floor":2},{"not_picked":["White Noise","Turbo"],"picked":"Loop","floor":6},{"not_picked":["Ball Lightning","Go for the Eyes"],"picked":"Beam Cell","floor":8}],"player_experience":670684,"relics_obtained":[{"floor":5,"key":"Singing Bowl"},{"floor":6,"key":"Unceasing Top"},{"floor":8,"key":"Dead Branch"},{"floor":9,"key":"StoneCalendar"}],"event_choices":[{"cards_removed":["Strike_B"],"damage_healed":0,"gold_gain":0,"player_choice":"Card Removal","damage_taken":0,"max_hp_gain":0,"max_hp_loss":0,"event_name":"The Cleric","floor":3,"gold_loss":50},{"damage_healed":0,"gold_gain":0,"player_choice":"Success","damage_taken":7,"relics_obtained":["Sundial"],"max_hp_gain":0,"max_hp_loss":0,"event_name":"Scrap Ooze","floor":4,"gold_loss":0}],"is_beta":false,"boss_relics":[],"items_purged_floors":[],"is_endless":false,"potions_floor_spawned":[8],"killed_by":"Gremlin Nob","ascension_level":8}