{"gold_per_floor":[112,112,37,49,65,65,94,94,148,183,183,31,31,49,49,123,123,137,137,172,182,182,208,208,233,233,233,268,278,193,210,210,210],"floor_reached":33,"playtime":1303,"items_purged":["Strike_R","Strike_R"],"score":513,"play_id":"9ca6a140-586c-47c6-8268-7beaf3d37be2","local_time":"20190623084448","is_ascension_mode":true,"campfire_choices":[{"data":"Immolate","floor":6.0,"key":"SMITH"},{"data":"Bash","floor":8.0,"key":"SMITH"},{"data":"Double Tap","floor":11.0,"key":"SMITH"},{"data":"True Grit","floor":13.0,"key":"SMITH"},{"data":"Shrug It Off","floor":15.0,"key":"SMITH"},{"data":"Inflame","floor":24.0,"key":"SMITH"},{"data":"Impervious","floor":27.0,"key":"SMITH"},{"data":"Shrug It Off","floor":32.0,"key":"SMITH"}],"neow_cost":"CURSE","seed_source_timestamp":85851809638794,"circlet_count":0,"master_deck":["AscendersBane","Strike_R","Strike_R","Strike_R","Defend_R","Defend_R","Defend_R","Defend_R","Bash+1","Immolate+1","Pummel","Sword Boomerang","Shrug It Off+1","Double Tap+1","Spot Weakness","True Grit+1","Impervious+1","RitualDagger","Metallicize","Inflame+1","Armaments+1","Shrug It Off+1"],"special_seed":0,"relics":["Burning Blood","Regal Pillow","Omamori","Smiling Mask","Coffee Dripper","Red Mask","Bronze Scales","Pen Nib","Prayer Wheel","Happy Flower","Bag of Preparation"],"potions_floor_usage":[33],"damage_taken":[{"damage":3.0,"enemies":"Cultist","floor":1.0,"turns":3.0},{"damage":14.0,"enemies":"Jaw Worm","floor":4.0,"turns":3.0},{"damage":5.0,"enemies":"Small Slimes","floor":5.0,"turns":2.0},{"damage":17.0,"enemies":"3 Sentries","floor":7.0,"turns":6.0},{"damage":20.0,"enemies":"Lagavulin","floor":10.0,"turns":3.0},{"damage":0.0,"enemies":"2 Fungi Beasts","floor":14.0,"turns":2.0},{"damage":20.0,"enemies":"The Guardian","floor":16.0,"turns":11.0},{"damage":0.0,"enemies":"Spheric Guardian","floor":18.0,"turns":3.0},{"damage":7.0,"enemies":"Masked Bandits","floor":20.0,"turns":3.0},{"damage":16.0,"enemies":"Shell Parasite","floor":21.0,"turns":3.0},{"damage":31.0,"enemies":"Gremlin Leader","floor":23.0,"turns":5.0},{"damage":2.0,"enemies":"Book of Stabbing","floor":25.0,"turns":4.0},{"damage":17.0,"enemies":"Gremlin Leader","floor":28.0,"turns":4.0},{"damage":10.0,"enemies":"Snecko","floor":29.0,"turns":4.0},{"damage":0.0,"enemies":"3 Cultists","floor":31.0,"turns":1.0},{"damage":55,"enemies":"Champ","floor":33,"turns":9}],"seed_played":"2480830922253028593","potions_obtained":[{"floor":5.0,"key":"SkillPotion"},{"floor":7.0,"key":"Swift Potion"},{"floor":14.0,"key":"BloodPotion"},{"floor":16.0,"key":"Swift Potion"},{"floor":25.0,"key":"AttackPotion"},{"floor":29.0,"key":"Regen Potion"}],"is_trial":false,"path_per_floor":["M","?","$","M","M","R","E","R","T","E","R","$","R","M","R","B",null,"M","?","?","M","?","E","R","E","T","R","E","M","?","M","R","B"],"character_chosen":"IRONCLAD","items_purchased":["Spot Weakness","True Grit"],"campfire_rested":0,"item_purchase_floors":[12,12],"current_hp_per_floor":[75,75,75,67,68,68,57,57,57,43,43,43,43,49,49,43,71,77,71,70,60,60,35,35,39,39,39,28,24,24,30,30,0],"gold":210,"neow_bonus":"THREE_RARE_CARDS","is_prod":false,"is_daily":false,"chose_seed":false,"campfire_upgraded":8,"win_rate":0,"timestamp":1561297488,"path_taken":["M","?","$","M","?","R","E","R","T","E","R","?","R","M","R","BOSS","M","?","?","M","?","E","R","E","T","R","E","M","?","?","R","BOSS"],"build_version":"2019-01-23","purchased_purges":2,"victory":false,"max_hp_per_floor":[80,80,80,80,80,80,80,80,80,80,80,80,80,80,80,80,80,80,80,80,80,80,80,80,80,80,80,80,80,80,80,80,80],"card_choices":[{"not_picked":["Brutality","Feed"],"picked":"Immolate","floor":0.0},{"not_picked":["Rage","Sentinel"],"picked":"Pummel","floor":1.0},{"not_picked":["Twin Strike","Reckless Charge"],"picked":"Sword Boomerang","floor":4.0},{"not_picked":["Dual Wield","Thunderclap"],"picked":"Shrug It Off","floor":5.0},{"not_picked":["Body Slam","Pommel Strike"],"picked":"Double Tap","floor":7.0},{"not_picked":["Dropkick","Pommel Strike","Power Through"],"picked":"SKIP","floor":10.0},{"not_picked":["Power Through","Heavy Blade","Bloodletting"],"picked":"SKIP","floor":14.0},{"not_picked":["Juggernaut","Berserk"],"picked":"Impervious","floor":16.0},{"not_picked":["Armaments","Flex","Bloodletting"],"picked":"SKIP","floor":18.0},{"not_picked":["Wild Strike","Fire Breathing"],"picked":"Metallicize","floor":21.0},{"not_picked":["Dropkick","Fire Breathing"],"picked":"Inflame","floor":23.0},{"not_picked":["Pommel Strike+1","Blood for Blood"],"picked":"Armaments+1","floor":25.0},{"not_picked":["Sever Soul","Burning Pact","Juggernaut"],"picked":"SKIP","floor":28.0},{"not_picked":["Thunderclap+1","Heavy Blade","Armaments"],"picked":"SKIP","floor":29.0},{"not_picked":["Uppercut","Cleave","Sword Boomerang"],"picked":"SKIP","floor":29.0},{"not_picked":["Perfected Strike","Intimidate"],"picked":"Shrug It Off","floor":31.0},{"not_picked":["Thunderclap","Wild Strike","Flame Barrier"],"picked":"SKIP","floor":31.0}],"player_experience":128001,"relics_obtained":[{"floor":7.0,"key":"Regal Pillow"},{"floor":9.0,"key":"Omamori"},{"floor":10.0,"key":"Smiling Mask"},{"floor":20.0,"key":"Red Mask"},{"floor":23.0,"key":"Bronze Scales"},{"floor":25.0,"key":"Pen Nib"},{"floor":26.0,"key":"Prayer Wheel"},{"floor":28.0,"key":"Happy Flower"}],"event_choices":[{"cards_removed":["Shame"],"damage_healed":0.0,"max_hp_gain":0.0,"max_hp_loss":0.0,"gold_gain":0.0,"event_name":"Purifier","player_choice":"Purged","floor":2.0,"gold_loss":0.0,"damage_taken":0.0},{"damage_healed":0.0,"max_hp_gain":0.0,"max_hp_loss":0.0,"gold_gain":0.0,"event_name":"Nest","player_choice":"Joined the Cult","floor":19.0,"gold_loss":0.0,"damage_taken":6.0,"cards_obtained":["RitualDagger"]},{"damage_healed":0.0,"max_hp_gain":0.0,"max_hp_loss":0.0,"gold_gain":0.0,"event_name":"Masked Bandits","player_choice":"Fought Bandits","floor":20.0,"gold_loss":0.0,"damage_taken":0.0},{"damage_healed":0.0,"max_hp_gain":0.0,"max_hp_loss":0.0,"gold_gain":0.0,"event_name":"Vampires","player_choice":"Ignored","floor":22.0,"gold_loss":0.0,"damage_taken":0.0},{"damage_healed":0.0,"max_hp_gain":0.0,"max_hp_loss":0.0,"gold_gain":0.0,"event_name":"Addict","player_choice":"Obtained Relic","floor":30.0,"gold_loss":85.0,"damage_taken":0.0,"relics_obtained":["Bag of Preparation"]}],"is_beta":false,"boss_relics":[{"not_picked":["Tiny House","Pandora\u0027s Box"],"picked":"Coffee Dripper"}],"items_purged_floors":[3,12],"is_endless":false,"potions_floor_spawned":[5,7,14,16,25,29],"killed_by":"Champ","ascension_level":13}