{"gold_per_floor":[110,128,148,148,148,148,163,163,163,163,178,205,31,41,41,140,140,154,54,71,71,71,71,90,90,141,141,141,151,151,170,170,272,272,286,286,87,102,115,135,33,33,33,33,45,45,64,64,64,64],"floor_reached":51,"playtime":7333,"items_purged":["Strike_B","Defend_B"],"score":986,"play_id":"ae9150f6-97a9-4bfa-899d-2763d6c9c5df","local_time":"20190703005534","is_ascension_mode":true,"campfire_choices":[{"data":"Dualcast","floor":6.0,"key":"SMITH"},{"data":"Go for the Eyes","floor":8.0,"key":"SMITH"},{"floor":15.0,"key":"REST"},{"data":"Coolheaded","floor":23.0,"key":"SMITH"},{"floor":25.0,"key":"REST"},{"floor":32,"key":"REST"},{"floor":42,"key":"REST"},{"floor":44,"key":"REST"},{"data":"Hologram","floor":46,"key":"SMITH"},{"data":"Turbo","floor":49,"key":"SMITH"}],"neow_cost":"NONE","seed_source_timestamp":0,"circlet_count":0,"master_deck":["AscendersBane","Zap+1","Dualcast+1","Go for the Eyes+1","FTL","Sunder","Melter","Gash","Hologram+1","Coolheaded+1","Turbo+1","Skim","All For One","Creative AI+1","Chill+1","Conserve Battery+1","Undo+1","Self Repair","Streamline+1","Seek","Coolheaded+1","Gash","Parasite","Gash","Hologram+1","Madness","Madness"],"special_seed":0,"relics":["Cracked Core","Blue Candle","Nunchaku","Astrolabe","Enchiridion","Centennial Puzzle","Empty Cage","War Paint","Molten Egg 2"],"potions_floor_usage":[33,50,50,50],"damage_taken":[{"damage":7.0,"enemies":"Jaw Worm","floor":1.0,"turns":2.0},{"damage":8.0,"enemies":"Small Slimes","floor":2.0,"turns":3.0},{"damage":0.0,"enemies":"Cultist","floor":3.0,"turns":3.0},{"damage":13.0,"enemies":"Lots of Slimes","floor":7.0,"turns":3.0},{"damage":4.0,"enemies":"Exordium Wildlife","floor":11.0,"turns":2.0},{"damage":12.0,"enemies":"Gremlin Nob","floor":12.0,"turns":3.0},{"damage":5.0,"enemies":"Large Slime","floor":14.0,"turns":4.0},{"damage":24.0,"enemies":"The Guardian","floor":16.0,"turns":10.0},{"damage":9.0,"enemies":"Shell Parasite","floor":18.0,"turns":4.0},{"damage":0.0,"enemies":"Chosen","floor":20.0,"turns":3.0},{"damage":22.0,"enemies":"Snake Plant","floor":24.0,"turns":3.0},{"damage":5,"enemies":"Shelled Parasite and Fungi","floor":29,"turns":3},{"damage":14,"enemies":"Colosseum Slavers","floor":30,"turns":4},{"damage":0,"enemies":"3 Cultists","floor":31,"turns":6},{"damage":57,"enemies":"Champ","floor":33,"turns":11},{"damage":0,"enemies":"3 Shapes","floor":35,"turns":5},{"damage":19,"enemies":"3 Darklings","floor":38,"turns":4},{"damage":8,"enemies":"Writhing Mass","floor":39,"turns":5},{"damage":40,"enemies":"Spire Growth","floor":40,"turns":4},{"damage":0,"enemies":"4 Shapes","floor":45,"turns":6},{"damage":0,"enemies":"Sphere and 2 Shapes","floor":47,"turns":3},{"damage":25,"enemies":"Awakened One","floor":50,"turns":10}],"seed_played":"6906307954837139840","potions_obtained":[{"floor":11.0,"key":"SneckoOil"},{"floor":12.0,"key":"Poison Potion"},{"floor":14.0,"key":"Fruit Juice"},{"floor":20.0,"key":"SpeedPotion"},{"floor":29,"key":"FocusPotion"},{"floor":33,"key":"Dexterity Potion"},{"floor":35,"key":"LiquidBronze"},{"floor":45,"key":"FearPotion"}],"is_trial":false,"path_per_floor":["M","M","M","?","?","R","M","R","T","?","M","E","$","M","R","B",null,"M","$","M","?","?","R","M","R","T","?","?","M","?","M","R","B",null,"M","?","$","M","M","M","$","R","T","R","M","R","M","?","R","B",null],"character_chosen":"DEFECT","items_purchased":["Coolheaded","Turbo","Gash","War Paint","Gash","Fire Potion"],"campfire_rested":5,"item_purchase_floors":[13,13,37,37,41,41],"current_hp_per_floor":[61,53,53,53,58,58,45,45,45,45,41,29,29,24,48,29,71,62,62,62,46,46,46,24,49,49,33,33,35,28,35,62,12,71,78,78,78,66,58,25,25,52,52,79,86,86,90,79,79,61],"gold":64,"neow_bonus":"UPGRADE_CARD","is_prod":false,"is_daily":false,"chose_seed":false,"campfire_upgraded":5,"win_rate":0,"timestamp":1562129734,"path_taken":["M","M","M","?","?","R","M","R","T","?","?","E","?","M","R","BOSS","M","$","M","?","?","R","M","R","T","?","?","?","?","M","R","BOSS","M","?","?","?","M","M","$","R","T","R","M","R","M","?","R","BOSS"],"build_version":"2019-07-01","purchased_purges":2,"victory":true,"max_hp_per_floor":[75,75,75,75,80,80,80,80,80,80,80,80,80,80,80,85,85,85,85,85,85,85,85,85,85,85,90,90,90,90,90,90,90,90,90,90,90,90,90,90,90,90,90,90,90,90,90,90,90,90],"card_choices":[{"not_picked":["Gash","Blizzard"],"picked":"Go for the Eyes","floor":1.0},{"not_picked":["Skim","Steam Power"],"picked":"FTL","floor":2.0},{"not_picked":["Scrape","Coolheaded"],"picked":"Sunder","floor":3.0},{"not_picked":["Ball Lightning","Self Repair"],"picked":"Melter","floor":7.0},{"not_picked":["Sweeping Beam","Recycle"],"picked":"Gash","floor":11.0},{"not_picked":["Conserve Battery","Storm"],"picked":"Hologram","floor":12.0},{"not_picked":["Aggregate","Sweeping Beam"],"picked":"Skim","floor":14.0},{"not_picked":["Creative AI","Fission"],"picked":"All For One","floor":16.0},{"not_picked":["Go for the Eyes","Ball Lightning+1"],"picked":"Conserve Battery","floor":18.0},{"not_picked":["Hello World","Force Field"],"picked":"Undo","floor":20.0},{"not_picked":["Redo","Barrage"],"picked":"Self Repair","floor":24.0},{"not_picked":["Sweeping Beam","Cold Snap"],"picked":"Streamline+1","floor":29},{"not_picked":["Darkness","Melter+1","Beam Cell"],"picked":"SKIP","floor":31},{"not_picked":["Machine Learning","Buffer"],"picked":"Seek","floor":33},{"not_picked":["Ball Lightning+1","Self Repair"],"picked":"Coolheaded+1","floor":35},{"not_picked":["White Noise+1","Turbo+1","Coolheaded"],"picked":"SKIP","floor":38},{"not_picked":["Genetic Algorithm+1","Compile Driver+1","Conserve Battery+1"],"picked":"SKIP","floor":39},{"not_picked":["Compile Driver+1","Conserve Battery","Barrage"],"picked":"SKIP","floor":40},{"not_picked":["Consume","Sweeping Beam+1"],"picked":"Hologram+1","floor":45},{"not_picked":["Consume","Gash+1","Self Repair"],"picked":"SKIP","floor":47}],"player_experience":509677,"relics_obtained":[{"floor":9.0,"key":"Blue Candle"},{"floor":12.0,"key":"Nunchaku"},{"floor":21.0,"key":"Enchiridion"},{"floor":26,"key":"Centennial Puzzle"},{"floor":43,"key":"Molten Egg 2"}],"event_choices":[{"cards_removed":["Strike_B"],"damage_healed":0.0,"max_hp_gain":0.0,"max_hp_loss":0.0,"gold_gain":0.0,"event_name":"Living Wall","player_choice":"Forget","floor":4.0,"gold_loss":0.0,"damage_taken":0.0},{"damage_healed":0.0,"max_hp_gain":5.0,"max_hp_loss":0.0,"gold_gain":0.0,"event_name":"Big Fish","player_choice":"Donut","floor":5.0,"gold_loss":0.0,"damage_taken":0.0},{"cards_removed":["Strike_B"],"damage_healed":0.0,"max_hp_gain":0.0,"max_hp_loss":0.0,"gold_gain":0.0,"event_name":"Bonfire Elementals","player_choice":"Offered Basic","floor":10.0,"gold_loss":0.0,"damage_taken":0.0},{"damage_healed":0.0,"max_hp_gain":0.0,"max_hp_loss":0.0,"gold_gain":0.0,"event_name":"Cursed Tome","player_choice":"Obtained Book","floor":21.0,"gold_loss":0.0,"damage_taken":16.0},{"damage_healed":0,"gold_gain":0,"player_choice":"Shed Blood","damage_taken":21,"max_hp_gain":5,"max_hp_loss":0,"event_name":"Forgotten Altar","floor":27,"gold_loss":0},{"damage_healed":0,"gold_gain":0,"player_choice":"Ignored","damage_taken":0,"max_hp_gain":0,"max_hp_loss":0,"event_name":"Vampires","floor":28,"gold_loss":0},{"damage_healed":0,"gold_gain":0,"player_choice":"Fight","damage_taken":0,"max_hp_gain":0,"max_hp_loss":0,"event_name":"Colosseum","floor":30,"gold_loss":0},{"damage_healed":0,"gold_gain":0,"player_choice":"Fled From Nobs","damage_taken":0,"max_hp_gain":0,"max_hp_loss":0,"event_name":"Colosseum","floor":30,"gold_loss":0},{"damage_healed":0,"gold_gain":0,"player_choice":"0 cards matched","damage_taken":0,"max_hp_gain":0,"max_hp_loss":0,"event_name":"Match and Keep!","floor":36,"gold_loss":0,"cards_obtained":[]},{"damage_healed":0,"gold_gain":0,"player_choice":"Embrace Madness","damage_taken":11,"max_hp_gain":0,"max_hp_loss":0,"event_name":"Winding Halls","floor":48,"gold_loss":0,"cards_obtained":["Madness","Madness"]}],"is_beta":false,"boss_relics":[{"not_picked":["Snecko Eye","Runic Dome"],"picked":"Astrolabe"},{"not_picked":["Tiny House","Calling Bell"],"picked":"Empty Cage"}],"items_purged_floors":[13,19],"is_endless":false,"potions_floor_spawned":[11,12,14,20,29,30,33,35,45],"ascension_level":10}