{"gold_per_floor":[115,115,129,129,54,87,87,87,87,119,132,148,148,166,166,240,240,252,262,42,56,70,70,103,66,89,89],"floor_reached":27,"playtime":1322,"items_purged":["Strike_B"],"score":456,"play_id":"c834ea0e-5628-49e4-949f-8d3e726a2854","local_time":"20190701205659","is_ascension_mode":true,"campfire_choices":[{"data":"Zap","floor":7,"key":"SMITH"},{"data":"Zap","floor":13,"key":"SMITH"},{"floor":15,"key":"REST"},{"floor":23,"key":"REST"}],"neow_cost":"NONE","seed_source_timestamp":206626666707703,"circlet_count":0,"master_deck":["AscendersBane","Strike_B","Strike_B+1","Strike_B","Defend_B+1","Defend_B","Defend_B","Defend_B","Zap+1","Dualcast","Ball Lightning","Zap+1","Seek","Go for the Eyes","Steam","Reboot","Double Energy","Darkness","Self Repair","Coolheaded","Coolheaded","Self Repair"],"relics":["Cracked Core","NeowsBlessing","PreservedInsect","Turnip","Pear","Fusion Hammer","Membership Card","Anchor","Strawberry"],"potions_floor_usage":[16,16,18,22,22],"damage_taken":[{"damage":0,"enemies":"Jaw Worm","floor":1,"turns":1},{"damage":0,"enemies":"Cultist","floor":3,"turns":1},{"damage":0,"enemies":"Gremlin Nob","floor":6,"turns":1},{"damage":27,"enemies":"Lagavulin","floor":10,"turns":4},{"damage":0,"enemies":"2 Louse","floor":11,"turns":2},{"damage":4,"enemies":"Exordium Thugs","floor":12,"turns":4},{"damage":4,"enemies":"2 Fungi Beasts","floor":14,"turns":3},{"damage":17,"enemies":"Slime Boss","floor":16,"turns":8},{"damage":3,"enemies":"Shell Parasite","floor":18,"turns":5},{"damage":19,"enemies":"3 Byrds","floor":19,"turns":4},{"damage":27,"enemies":"Sentry and Sphere","floor":21,"turns":7},{"damage":12,"enemies":"Cultist and Chosen","floor":22,"turns":6},{"damage":34,"enemies":"Slavers","floor":24,"turns":6},{"damage":31,"enemies":"Chosen and Byrds","floor":27,"turns":4}],"seed_played":"7129174717505667621","potions_obtained":[{"floor":6,"key":"SneckoOil"},{"floor":10,"key":"Strength Potion"},{"floor":12,"key":"PowerPotion"},{"floor":14,"key":"Block Potion"},{"floor":16,"key":"AttackPotion"},{"floor":18,"key":"Poison Potion"},{"floor":19,"key":"Swift Potion"}],"is_trial":false,"path_per_floor":["M","?","M","?","$","E","R","?","T","E","M","M","R","M","R","B",null,"M","M","$","M","M","R","E","$","T","M"],"character_chosen":"DEFECT","items_purchased":["Membership Card","Self Repair","Self Repair"],"campfire_rested":2,"item_purchase_floors":[20,20,25],"current_hp_per_floor":[64,64,64,64,64,64,64,50,50,33,33,29,29,25,49,32,69,66,47,47,27,22,46,19,19,26,0],"gold":89,"neow_bonus":"THREE_ENEMY_KILL","is_prod":false,"is_daily":false,"chose_seed":false,"campfire_upgraded":2,"win_rate":0,"timestamp":1561985819,"path_taken":["M","?","?","?","?","E","R","?","T","E","?","M","R","M","R","BOSS","M","M","$","M","M","R","E","?","T","M"],"build_version":"2019-01-23","purchased_purges":1,"victory":false,"max_hp_per_floor":[71,71,71,71,71,71,71,71,71,81,81,81,81,81,81,81,81,81,81,81,81,81,81,81,81,88,88],"card_choices":[{"not_picked":["Melter","Coolheaded"],"picked":"Ball Lightning","floor":1},{"not_picked":["Storm","Scrape","Hologram"],"picked":"SKIP","floor":3},{"not_picked":["Hyperbeam","Meteor Strike"],"picked":"Seek","floor":6},{"not_picked":["Coolheaded","Recycle"],"picked":"Go for the Eyes","floor":10},{"not_picked":["Undo","Leap"],"picked":"Steam","floor":11},{"not_picked":["Static Discharge","Beam Cell"],"picked":"Reboot","floor":12},{"not_picked":["Consume","Gash","Undo"],"picked":"SKIP","floor":14},{"not_picked":["Leap","Storm"],"picked":"Double Energy","floor":18},{"not_picked":["Steam","Genetic Algorithm"],"picked":"Darkness","floor":19},{"not_picked":["Go for the Eyes","Compile Driver","Lockon"],"picked":"SKIP","floor":21},{"not_picked":["Rebound","Hologram"],"picked":"Coolheaded","floor":22},{"not_picked":["Recycle","Cold Snap"],"picked":"Coolheaded","floor":24}],"player_experience":1125214,"relics_obtained":[{"floor":6,"key":"PreservedInsect"},{"floor":9,"key":"Turnip"},{"floor":10,"key":"Pear"},{"floor":24,"key":"Anchor"},{"floor":26,"key":"Strawberry"}],"event_choices":[{"damage_healed":0,"gold_gain":0,"player_choice":"1 cards matched","damage_taken":0,"max_hp_gain":0,"max_hp_loss":0,"event_name":"Match and Keep!","floor":2,"gold_loss":0,"cards_obtained":["Zap"]},{"damage_healed":0,"gold_gain":0,"player_choice":"Ignored","damage_taken":0,"max_hp_gain":0,"max_hp_loss":0,"event_name":"Liars Game","floor":4,"gold_loss":0},{"damage_healed":0,"gold_gain":0,"player_choice":"Entered Light","damage_taken":14,"max_hp_gain":0,"max_hp_loss":0,"event_name":"Shining Light","floor":8,"gold_loss":0,"cards_upgraded":["Defend_B","Strike_B"]}],"is_beta":false,"boss_relics":[{"not_picked":["Busted Crown","Inserter"],"picked":"Fusion Hammer"}],"items_purged_floors":[5],"is_endless":false,"potions_floor_spawned":[6,10,12,14,16,18,19],"killed_by":"Chosen and Byrds","ascension_level":14}