{"gold_per_floor":[118,137,137,137,97,97,130,130,130,140,152,172,172,197,197,271,271,251,4,4,20,30,30,30],"floor_reached":24,"playtime":1980,"items_purged":["Normality"],"score":340,"play_id":"5f75519d-20ee-4be8-a913-668fdb8d5d54","local_time":"20190505112853","is_ascension_mode":true,"campfire_choices":[{"data":"Armaments","floor":6,"key":"SMITH"},{"data":"Rampage","floor":8,"key":"SMITH"},{"data":"Uppercut","floor":13,"key":"SMITH"},{"data":"Body Slam","floor":15,"key":"SMITH"},{"floor":23,"key":"REST"}],"neow_cost":"NONE","seed_source_timestamp":4457133870100,"circlet_count":0,"master_deck":["AscendersBane","Strike_R","Strike_R","Strike_R","Strike_R","Strike_R","Defend_R","Defend_R","Defend_R","Defend_R","Bash","Armaments+1","Metallicize+1","Rampage+1","Thunderclap","Clothesline","Uppercut+1","Infernal Blade","Body Slam+1","Double Tap","Decay","Shame","Metallicize","Brutality","Bandage Up+1","Whirlwind","Shrug It Off+1","Rupture","True Grit+1"],"relics":["Burning Blood","Smiling Mask","The Courier","Dodecahedron","Calling Bell","Anchor","Darkstone Periapt","Prayer Wheel","Toxic Egg 2"],"potions_floor_usage":[7,22,22,24],"damage_taken":[{"damage":13,"enemies":"Small Slimes","floor":1,"turns":5},{"damage":6,"enemies":"Cultist","floor":2,"turns":4},{"damage":35,"enemies":"Gremlin Nob","floor":7,"turns":5},{"damage":0,"enemies":"2 Louse","floor":10,"turns":3},{"damage":7,"enemies":"Looter","floor":11,"turns":4},{"damage":13,"enemies":"Exordium Wildlife","floor":12,"turns":6},{"damage":18,"enemies":"3 Sentries","floor":14,"turns":9},{"damage":20,"enemies":"Hexaghost","floor":16,"turns":11},{"damage":20,"enemies":"2 Thieves","floor":18,"turns":4},{"damage":23,"enemies":"Chosen","floor":21,"turns":8},{"damage":25,"enemies":"Snecko","floor":22,"turns":8},{"damage":65,"enemies":"Slavers","floor":24,"turns":3}],"seed_played":"7881149791096052614","potions_obtained":[{"floor":1,"key":"SpeedPotion"},{"floor":4,"key":"Explosive Potion"},{"floor":12,"key":"Ancient Potion"},{"floor":22,"key":"EssenceOfSteel"}],"is_trial":false,"path_per_floor":["M","M","?","?","$","R","E","R","T","M","M","M","R","E","R","B",null,"M","$","?","M","M","R","E"],"character_chosen":"IRONCLAD","items_purchased":["Rampage","Toxic Egg 2"],"campfire_rested":1,"item_purchase_floors":[5,19],"current_hp_per_floor":[73,73,73,73,73,73,44,44,44,50,49,42,42,30,30,16,70,56,56,56,45,32,58,0],"gold":30,"neow_bonus":"TEN_PERCENT_HP_BONUS","is_prod":false,"is_daily":false,"chose_seed":false,"campfire_upgraded":4,"win_rate":0,"timestamp":1557048533,"path_taken":["M","M","?","?","$","R","E","R","T","M","M","?","R","E","R","BOSS","M","$","?","M","M","R","E"],"build_version":"2019-01-23","purchased_purges":1,"victory":false,"max_hp_per_floor":[88,88,88,88,88,88,88,88,88,88,88,88,88,88,88,88,88,88,88,88,88,88,88,88],"card_choices":[{"not_picked":["Rupture","Wild Strike"],"picked":"Armaments","floor":1},{"not_picked":["Rage","True Grit"],"picked":"Metallicize","floor":2},{"not_picked":["Reckless Charge","Perfected Strike"],"picked":"Thunderclap","floor":7},{"not_picked":["Anger","Heavy Blade"],"picked":"Clothesline","floor":10},{"not_picked":["Iron Wave","Clash"],"picked":"Uppercut","floor":11},{"not_picked":["Bloodletting","Twin Strike"],"picked":"Infernal Blade","floor":12},{"not_picked":["Headbutt","Anger"],"picked":"Body Slam","floor":14},{"not_picked":["Dark Embrace","Offering"],"picked":"Double Tap","floor":16},{"not_picked":["Warcry","Wild Strike"],"picked":"Metallicize","floor":18},{"not_picked":["Perfected Strike","Havoc","Sword Boomerang"],"picked":"SKIP","floor":18},{"not_picked":["Sword Boomerang","Headbutt"],"picked":"Whirlwind","floor":21},{"not_picked":["Immolate","Havoc+1"],"picked":"Shrug It Off+1","floor":21},{"not_picked":["Reckless Charge","Carnage"],"picked":"Rupture","floor":22},{"not_picked":["Thunderclap","Corruption+1"],"picked":"True Grit+1","floor":22}],"player_experience":732115,"relics_obtained":[{"floor":7,"key":"Smiling Mask"},{"floor":9,"key":"The Courier"},{"floor":14,"key":"Dodecahedron"},{"floor":17,"key":"Anchor"},{"floor":17,"key":"Darkstone Periapt"},{"floor":17,"key":"Prayer Wheel"}],"event_choices":[{"damage_healed":0,"gold_gain":0,"player_choice":"Grow","damage_taken":0,"max_hp_gain":0,"max_hp_loss":0,"event_name":"Living Wall","floor":3,"gold_loss":0,"cards_upgraded":["Metallicize"]},{"damage_healed":0,"gold_gain":0,"player_choice":"Got Potions","damage_taken":0,"max_hp_gain":0,"max_hp_loss":0,"event_name":"Lab","floor":4,"gold_loss":0},{"damage_healed":0,"gold_gain":0,"player_choice":"2 cards matched","damage_taken":0,"max_hp_gain":0,"max_hp_loss":0,"event_name":"Match and Keep!","floor":20,"gold_loss":0,"cards_obtained":["Brutality","Bandage Up"]}],"is_beta":false,"boss_relics":[{"not_picked":["White Beast Statue","Ectoplasm"],"picked":"Calling Bell"}],"items_purged_floors":[19],"is_endless":false,"potions_floor_spawned":[1,12,16,22],"killed_by":"Slavers","ascension_level":13}