{"gold_per_floor":[119,136,153,170,187,220,220,249,296,308,308,308,323,303,303,380,380,400,49,65,83,98,98],"floor_reached":23,"playtime":1135,"items_purged":["Strike_B"],"score":373,"play_id":"ef7db377-17b0-4732-a0bf-a0dab0a05792","local_time":"20190703202803","is_ascension_mode":true,"campfire_choices":[{"floor":7,"key":"REST"},{"data":"Go for the Eyes","floor":12,"key":"SMITH"},{"floor":15,"key":"REST"}],"neow_cost":"NONE","seed_source_timestamp":377894509303331,"circlet_count":0,"master_deck":["AscendersBane","Strike_B","Strike_B","Strike_B","Defend_B","Defend_B","Defend_B","Defend_B","Zap+1","Dualcast+1","Turbo","Cold Snap","Go for the Eyes+1","Cold Snap","FTL","Core Surge","Cold Snap","Conserve Battery","Go for the Eyes","Seek","Beam Cell","Mayhem+1","Bandage Up","Rebound","Turbo+1","Leap+1"],"relics":["Cracked Core","Orichalcum","Frozen Egg 2","Smiling Mask","Inserter"],"potions_floor_usage":[6,6,16,16,23],"damage_taken":[{"damage":0,"enemies":"Cultist","floor":1,"turns":4},{"damage":0,"enemies":"2 Louse","floor":2,"turns":3},{"damage":5,"enemies":"Jaw Worm","floor":3,"turns":3},{"damage":38,"enemies":"Gremlin Gang","floor":4,"turns":6},{"damage":8,"enemies":"Exordium Thugs","floor":5,"turns":4},{"damage":12,"enemies":"3 Sentries","floor":6,"turns":7},{"damage":6,"enemies":"Gremlin Nob","floor":8,"turns":5},{"damage":0,"enemies":"Large Slime","floor":10,"turns":5},{"damage":0,"enemies":"2 Fungi Beasts","floor":13,"turns":3},{"damage":6,"enemies":"Slime Boss","floor":16,"turns":8},{"damage":17,"enemies":"Spheric Guardian","floor":18,"turns":4},{"damage":11,"enemies":"Chosen","floor":20,"turns":5},{"damage":9,"enemies":"Snecko","floor":21,"turns":6},{"damage":14,"enemies":"Centurion and Healer","floor":22,"turns":7},{"damage":29,"enemies":"Book of Stabbing","floor":23,"turns":6}],"seed_played":"9077032390778277291","potions_obtained":[{"floor":1,"key":"FocusPotion"},{"floor":3,"key":"FearPotion"},{"floor":8,"key":"Poison Potion"},{"floor":14,"key":"Poison Potion"},{"floor":20,"key":"SpeedPotion"}],"is_trial":false,"path_per_floor":["M","M","M","M","M","E","R","E","T","M","?","R","M","?","R","B",null,"M","$","M","M","M","E"],"character_chosen":"DEFECT","items_purchased":["Mayhem+1","Bandage Up"],"campfire_rested":2,"item_purchase_floors":[19,19],"current_hp_per_floor":[64,64,59,21,13,1,22,16,16,16,16,16,16,16,37,31,61,44,44,37,32,22,0],"gold":98,"neow_bonus":"UPGRADE_CARD","is_prod":false,"is_daily":false,"chose_seed":false,"campfire_upgraded":1,"win_rate":0,"timestamp":1562156883,"path_taken":["M","M","?","M","M","E","R","E","T","M","?","R","M","?","R","BOSS","M","$","M","M","?","E"],"build_version":"2019-07-01","purchased_purges":1,"victory":false,"max_hp_per_floor":[71,71,71,71,71,71,71,71,71,71,71,71,71,71,71,71,71,71,71,71,71,71,71],"card_choices":[{"not_picked":["Sunder","Leap"],"picked":"Turbo","floor":1},{"not_picked":["Gash","Barrage"],"picked":"Cold Snap","floor":2},{"not_picked":["Steam Power","Conserve Battery"],"picked":"Go for the Eyes","floor":3},{"not_picked":["Stack","Hologram"],"picked":"Cold Snap","floor":4},{"not_picked":["Blizzard","Streamline"],"picked":"FTL","floor":5},{"not_picked":["Thunder Strike","Compile Driver"],"picked":"Core Surge","floor":6},{"not_picked":["Go for the Eyes","Heatsinks"],"picked":"Cold Snap","floor":8},{"not_picked":["Beam Cell","Ball Lightning"],"picked":"Conserve Battery","floor":10},{"not_picked":["Chaos","Sunder"],"picked":"Go for the Eyes","floor":13},{"not_picked":["Fission","Thunder Strike"],"picked":"Seek","floor":16},{"not_picked":["Ball Lightning+1","Hologram"],"picked":"Beam Cell","floor":18},{"not_picked":["Melter","Stack"],"picked":"Rebound","floor":20},{"not_picked":["Hologram","Beam Cell"],"picked":"Turbo+1","floor":21},{"not_picked":["Beam Cell","Steam"],"picked":"Leap+1","floor":22}],"player_experience":1160554,"relics_obtained":[{"floor":6,"key":"Orichalcum"},{"floor":8,"key":"Frozen Egg 2"},{"floor":9,"key":"Smiling Mask"}],"event_choices":[{"damage_healed":0,"gold_gain":0,"player_choice":"Grow","damage_taken":0,"max_hp_gain":0,"max_hp_loss":0,"event_name":"Living Wall","floor":11,"gold_loss":0,"cards_upgraded":["Dualcast"]},{"damage_healed":0,"gold_gain":0,"player_choice":"Bought 1 Potion","damage_taken":0,"max_hp_gain":0,"max_hp_loss":0,"event_name":"The Woman in Blue","floor":14,"gold_loss":0}],"is_beta":false,"boss_relics":[{"not_picked":["Lizard Tail","Orrery"],"picked":"Inserter"}],"items_purged_floors":[19],"is_endless":false,"potions_floor_spawned":[1,3,5,8,20],"killed_by":"Book of Stabbing","ascension_level":16}