{"gold_per_floor":[110,120,135,135,149,482,495,495,520,530,530,559,559,559,559,559],"floor_reached":16,"playtime":1082,"items_purged":[],"score":112,"play_id":"7ef95ee1-4bd6-43fd-bdeb-37d2e7af8009","local_time":"20190629032340","is_ascension_mode":false,"campfire_choices":[{"floor":8,"key":"REST"},{"data":"Sever Soul","floor":11,"key":"SMITH"},{"data":"Intimidate","floor":15,"key":"SMITH"}],"neow_cost":"NONE","seed_source_timestamp":565255030010693,"circlet_count":0,"master_deck":["Strike_R","Strike_R","Strike_R","Strike_R","Strike_R","Defend_R+1","Defend_R","Defend_R","Defend_R+1","Bash","Twin Strike","Sever Soul+1","Armaments+1","Evolve","Dropkick","Perfected Strike","Shrug It Off","Intimidate+1"],"relics":["Burning Blood","Regal Pillow","Old Coin","Happy Flower","War Paint"],"potions_floor_usage":[12,12,12],"damage_taken":[{"damage":8,"enemies":"2 Louse","floor":1,"turns":3},{"damage":8,"enemies":"Small Slimes","floor":2,"turns":3},{"damage":1,"enemies":"Jaw Worm","floor":3,"turns":3},{"damage":16,"enemies":"Blue Slaver","floor":5,"turns":4},{"damage":24,"enemies":"Gremlin Nob","floor":6,"turns":5},{"damage":15,"enemies":"Looter","floor":7,"turns":3},{"damage":11,"enemies":"Gremlin Gang","floor":10,"turns":6},{"damage":19,"enemies":"3 Sentries","floor":12,"turns":6},{"damage":78,"enemies":"Hexaghost","floor":16,"turns":11}],"seed_played":"-7391387452543446840","potions_obtained":[{"floor":2,"key":"Ancient Potion"},{"floor":3,"key":"EssenceOfSteel"},{"floor":7,"key":"Regen Potion"}],"is_trial":false,"path_per_floor":["M","M","M","?","M","E","M","R","T","M","R","E","?","?","R","B"],"character_chosen":"IRONCLAD","items_purchased":[],"campfire_rested":1,"item_purchase_floors":[],"current_hp_per_floor":[78,76,80,80,70,52,43,80,80,75,75,76,76,76,76,0],"gold":559,"neow_bonus":"RANDOM_COMMON_RELIC","is_prod":false,"is_daily":false,"chose_seed":false,"campfire_upgraded":2,"win_rate":0.0,"timestamp":1561803820,"path_taken":["M","M","M","?","M","E","M","R","T","M","R","E","?","?","R","BOSS"],"build_version":"2019-01-23","purchased_purges":0,"victory":false,"max_hp_per_floor":[80,80,80,80,80,80,80,80,80,80,80,80,80,80,80,80],"card_choices":[{"not_picked":["Clothesline","Shrug It Off"],"picked":"Twin Strike","floor":1},{"not_picked":["Warcry","Clash"],"picked":"Sever Soul","floor":2},{"not_picked":["Clothesline","Wild Strike"],"picked":"Armaments","floor":3},{"not_picked":["Shrug It Off","Reaper"],"picked":"Evolve","floor":5},{"not_picked":["Pummel","Whirlwind"],"picked":"Dropkick","floor":6},{"not_picked":["Evolve","Sword Boomerang"],"picked":"Perfected Strike","floor":7},{"not_picked":["Power Through","True Grit"],"picked":"Shrug It Off","floor":10},{"not_picked":["Sword Boomerang","Disarm"],"picked":"Intimidate","floor":12}],"player_experience":23202,"relics_obtained":[{"floor":6,"key":"Old Coin"},{"floor":9,"key":"Happy Flower"},{"floor":12,"key":"War Paint"}],"event_choices":[{"damage_healed":0,"gold_gain":0,"player_choice":"Grow","damage_taken":0,"max_hp_gain":0,"max_hp_loss":0,"event_name":"Living Wall","floor":4,"gold_loss":0,"cards_upgraded":["Armaments"]},{"damage_healed":0,"gold_gain":0,"player_choice":"Leave","damage_taken":0,"max_hp_gain":0,"max_hp_loss":0,"event_name":"The Cleric","floor":13,"gold_loss":0},{"damage_healed":0,"gold_gain":0,"player_choice":"Ignored","damage_taken":0,"max_hp_gain":0,"max_hp_loss":0,"event_name":"Liars Game","floor":14,"gold_loss":0}],"is_beta":false,"boss_relics":[],"items_purged_floors":[],"is_endless":false,"potions_floor_spawned":[2,3,7],"killed_by":"Hexaghost","ascension_level":0}