{"gold_per_floor":[113,133,133,149,163,190,203,217,241,241,251,267,267,277,277,378,378,388,174,174,194,204,221,221,221,246,246,246,262,262,278,278,278],"floor_reached":33,"playtime":4937,"items_purged":["Strike_B"],"score":255,"play_id":"49eadb1d-fecf-48f8-86d7-2feb92bc2578","local_time":"20190611151748","is_ascension_mode":false,"campfire_choices":[{"floor":13,"key":"REST"},{"data":"Redo","floor":15,"key":"SMITH"},{"data":"Creative AI","floor":25,"key":"SMITH"},{"data":"Dualcast","floor":28,"key":"SMITH"},{"data":"Zap","floor":30,"key":"SMITH"},{"data":"Skim","floor":32,"key":"SMITH"}],"neow_cost":"NONE","seed_source_timestamp":339815033542873,"circlet_count":0,"master_deck":["Strike_B","Defend_B","Defend_B","Defend_B","Defend_B+1","Zap+1","Dualcast+1","Go for the Eyes","Go for the Eyes","FTL","Steam","Beam Cell","Glacier+1","Redo+1","BootSequence","Biased Cognition","Steam+1","Creative AI+1","Coolheaded+1","Go for the Eyes+1","RitualDagger","FTL","Skim+1"],"relics":["Cracked Core","NeowsBlessing","Blue Candle","Vajra","CultistMask","Coffee Dripper","War Paint"],"potions_floor_usage":[16,18,18,29,33,33,33],"damage_taken":[{"damage":0,"enemies":"Jaw Worm","floor":1,"turns":1},{"damage":0,"enemies":"2 Louse","floor":2,"turns":1},{"damage":0,"enemies":"Cultist","floor":4,"turns":1},{"damage":5,"enemies":"2 Fungi Beasts","floor":5,"turns":3},{"damage":26,"enemies":"Lagavulin","floor":6,"turns":7},{"damage":0,"enemies":"Red Slaver","floor":7,"turns":3},{"damage":0,"enemies":"Large Slime","floor":8,"turns":5},{"damage":9,"enemies":"2 Fungi Beasts","floor":11,"turns":3},{"damage":5,"enemies":"Lots of Slimes","floor":12,"turns":3},{"damage":2,"enemies":"Looter","floor":14,"turns":3},{"damage":19,"enemies":"The Guardian","floor":16,"turns":16},{"damage":0,"enemies":"2 Thieves","floor":18,"turns":3},{"damage":5,"enemies":"Spheric Guardian","floor":21,"turns":6},{"damage":11,"enemies":"Shelled Parasite and Fungi","floor":22,"turns":7},{"damage":0,"enemies":"Centurion and Healer","floor":23,"turns":12},{"damage":0,"enemies":"Snake Plant","floor":29,"turns":4},{"damage":11,"enemies":"Snecko","floor":31,"turns":7},{"damage":36,"enemies":"Automaton","floor":33,"turns":6}],"seed_played":"2280594022630653108","potions_obtained":[{"floor":2,"key":"SpeedPotion"},{"floor":6,"key":"AttackPotion"},{"floor":8,"key":"EntropicBrew"},{"floor":11,"key":"AttackPotion"},{"floor":12,"key":"Explosive Potion"},{"floor":16,"key":"AttackPotion"},{"floor":18,"key":"GamblersBrew"},{"floor":22,"key":"Swift Potion"},{"floor":31,"key":"Poison Potion"}],"is_trial":false,"path_per_floor":["M","M","?","M","M","E","M","M","T","?","M","M","R","M","R","B",null,"M","$","?","M","M","M","?","R","T","?","R","M","R","M","R","B"],"character_chosen":"DEFECT","items_purchased":["Creative AI"],"campfire_rested":1,"item_purchase_floors":[19],"current_hp_per_floor":[75,75,68,68,63,37,37,37,37,37,28,23,45,43,43,24,75,75,75,75,70,59,59,53,53,53,46,46,46,46,35,35,0],"gold":278,"neow_bonus":"THREE_ENEMY_KILL","is_prod":false,"is_daily":false,"chose_seed":false,"campfire_upgraded":5,"win_rate":0.0,"timestamp":1560280668,"path_taken":["M","M","?","M","M","E","M","M","T","?","?","M","R","M","R","BOSS","M","$","?","?","M","M","?","R","T","?","R","?","R","M","R","BOSS"],"build_version":"2019-01-23","purchased_purges":1,"victory":false,"max_hp_per_floor":[75,75,75,75,75,75,75,75,75,75,75,75,75,75,75,75,75,75,75,75,75,75,75,75,75,75,75,75,75,75,75,75,75],"card_choices":[{"not_picked":["Gash","Lockon"],"picked":"Go for the Eyes","floor":1},{"not_picked":["Compile Driver","Leap"],"picked":"Go for the Eyes","floor":2},{"not_picked":["Compile Driver","Doom and Gloom"],"picked":"FTL","floor":4},{"not_picked":["Darkness","Barrage"],"picked":"Steam","floor":5},{"not_picked":["Rainbow","Capacitor"],"picked":"Beam Cell","floor":6},{"not_picked":["Fusion","Melter","Rip and Tear"],"picked":"SKIP","floor":7},{"not_picked":["Gash","Compile Driver"],"picked":"Glacier","floor":8},{"not_picked":["Streamline","Compile Driver","Leap"],"picked":"SKIP","floor":11},{"not_picked":["Conserve Battery","Hologram"],"picked":"Redo","floor":12},{"not_picked":["Leap","Compile Driver"],"picked":"BootSequence","floor":14},{"not_picked":["Multi-Cast","Rainbow"],"picked":"Biased Cognition","floor":16},{"not_picked":["FTL","Storm+1"],"picked":"Steam+1","floor":18},{"not_picked":["Compile Driver+1","Scrape"],"picked":"Coolheaded+1","floor":21},{"not_picked":["Gash+1","Chaos","Compile Driver"],"picked":"SKIP","floor":22},{"not_picked":["Hologram","Cold Snap"],"picked":"Go for the Eyes+1","floor":23},{"not_picked":["Leap","Creative AI"],"picked":"FTL","floor":29},{"not_picked":["Steam+1","Conserve Battery"],"picked":"Skim","floor":31}],"player_experience":293650,"relics_obtained":[{"floor":6,"key":"Blue Candle"},{"floor":9,"key":"Vajra"},{"floor":26,"key":"War Paint"}],"event_choices":[{"cards_removed":["Strike_B"],"damage_healed":0,"gold_gain":0,"player_choice":"Card Removal","damage_taken":7,"max_hp_gain":0,"max_hp_loss":0,"event_name":"Golden Wing","floor":3,"gold_loss":0},{"damage_healed":0,"gold_gain":0,"player_choice":"Trade","damage_taken":0,"relics_obtained":["CultistMask"],"max_hp_gain":0,"max_hp_loss":0,"event_name":"FaceTrader","floor":10,"gold_loss":0},{"cards_removed":["Strike_B"],"damage_healed":0,"gold_gain":0,"player_choice":"Purged","damage_taken":0,"max_hp_gain":0,"max_hp_loss":0,"event_name":"Purifier","floor":20,"gold_loss":0},{"damage_healed":0,"gold_gain":0,"player_choice":"Joined the Cult","damage_taken":6,"max_hp_gain":0,"max_hp_loss":0,"event_name":"Nest","floor":24,"gold_loss":0,"cards_obtained":["RitualDagger"]},{"damage_healed":0,"gold_gain":0,"player_choice":"","damage_taken":7,"max_hp_gain":0,"max_hp_loss":0,"event_name":"Knowing Skull","floor":27,"potions_obtained":[],"gold_loss":0,"cards_obtained":[]}],"is_beta":false,"boss_relics":[{"not_picked":["Fusion Hammer","Runic Dome"],"picked":"Coffee Dripper"}],"items_purged_floors":[19],"is_endless":false,"potions_floor_spawned":[2,6,8,11,12,14,16,18,22,31],"killed_by":"Automaton","ascension_level":0}