{"gold_per_floor":[115,135,149,164,182,207,207,217,217,252,252,327,339,339,339,339],"floor_reached":16,"playtime":1282,"items_purged":[],"score":165,"play_id":"7c58a366-c9aa-4460-9311-4625b83df4bc","local_time":"20190625191730","is_ascension_mode":true,"campfire_choices":[{"data":"Zap","floor":7,"key":"SMITH"},{"data":"Coolheaded","floor":11,"key":"SMITH"},{"data":"Capacitor","floor":15,"key":"SMITH"}],"neow_cost":"NONE","seed_source_timestamp":954702162006665,"circlet_count":0,"master_deck":["Strike_B","Strike_B","Strike_B","Strike_B","Defend_B","Defend_B","Defend_B","Defend_B","Zap+1","Dualcast","Coolheaded+1","Cold Snap","Chill","Capacitor+1","Cold Snap"],"relics":["Philosopher\u0027s Stone","Ornamental Fan","Pear","Blue Candle"],"potions_floor_usage":[10,13,16,16,16],"damage_taken":[{"damage":3,"enemies":"Cultist","floor":1,"turns":4},{"damage":12,"enemies":"2 Louse","floor":2,"turns":3},{"damage":3,"enemies":"Small Slimes","floor":3,"turns":4},{"damage":8,"enemies":"Red Slaver","floor":4,"turns":4},{"damage":5,"enemies":"Exordium Thugs","floor":5,"turns":6},{"damage":7,"enemies":"3 Sentries","floor":6,"turns":10},{"damage":6,"enemies":"Exordium Wildlife","floor":8,"turns":3},{"damage":5,"enemies":"Lagavulin","floor":10,"turns":7},{"damage":16,"enemies":"3 Louse","floor":13,"turns":4},{"damage":30,"enemies":"Hexaghost","floor":16,"turns":11}],"seed_played":"-1105380003678018008","potions_obtained":[{"floor":3,"key":"SteroidPotion"},{"floor":6,"key":"GamblersBrew"},{"floor":8,"key":"Fire Potion"},{"floor":10,"key":"GamblersBrew"},{"floor":13,"key":"Poison Potion"}],"is_trial":false,"path_per_floor":["M","M","M","M","M","E","R","M","T","E","R","?","M","?","R","B"],"character_chosen":"DEFECT","items_purchased":[],"campfire_rested":0,"item_purchase_floors":[],"current_hp_per_floor":[65,53,50,42,37,30,30,24,34,29,29,18,2,30,30,0],"gold":339,"neow_bonus":"BOSS_RELIC","is_prod":false,"is_daily":false,"chose_seed":false,"campfire_upgraded":3,"win_rate":0,"timestamp":1561461450,"path_taken":["M","M","M","?","M","E","R","M","T","E","R","?","M","?","R","BOSS"],"build_version":"2019-01-23","purchased_purges":0,"victory":false,"max_hp_per_floor":[75,75,75,75,75,75,75,75,85,85,85,85,85,85,85,85],"card_choices":[{"not_picked":["Sweeping Beam","Redo"],"picked":"Coolheaded","floor":1},{"not_picked":["Steam Power","Storm"],"picked":"Cold Snap","floor":2},{"not_picked":["Undo","Beam Cell","Rebound"],"picked":"SKIP","floor":3},{"not_picked":["Gash","Hyperbeam"],"picked":"Chill","floor":4},{"not_picked":["Rebound","BootSequence","Aggregate"],"picked":"SKIP","floor":5},{"not_picked":["Lockon","Undo","Turbo"],"picked":"SKIP","floor":6},{"not_picked":["Sweeping Beam","Heatsinks"],"picked":"Capacitor","floor":8},{"not_picked":["Sweeping Beam","Turbo","Steam"],"picked":"SKIP","floor":10},{"not_picked":["Streamline","Sweeping Beam"],"picked":"Cold Snap","floor":13}],"player_experience":1041503,"relics_obtained":[{"floor":6,"key":"Ornamental Fan"},{"floor":9,"key":"Pear"},{"floor":10,"key":"Blue Candle"}],"event_choices":[{"damage_healed":0,"gold_gain":75,"player_choice":"Gather Gold","damage_taken":11,"max_hp_gain":0,"max_hp_loss":0,"event_name":"World of Goop","floor":12,"gold_loss":0},{"damage_healed":28,"gold_gain":0,"player_choice":"Banana","damage_taken":0,"max_hp_gain":0,"max_hp_loss":0,"event_name":"Big Fish","floor":14,"gold_loss":0}],"is_beta":false,"boss_relics":[],"items_purged_floors":[],"is_endless":false,"potions_floor_spawned":[3,6,8,10,13],"killed_by":"Hexaghost","ascension_level":9}