{"gold_per_floor":[118,130,144,162,162,162,197,197,197,197,197,228,240,220,220,316,316,329,346,356,356,356,381,399,399,444,444,463,463,475,502,502,600,600,610,621,634,651,751,751,786,786,786,821,834,864,883,910,910,910,910,910,67,101,101],"floor_reached":55,"playtime":9643,"items_purged":["Defend_B"],"score":1259,"play_id":"c158a541-5cf8-461e-ba4b-a314a8361193","local_time":"20190627151215","is_ascension_mode":true,"campfire_choices":[{"data":"Zap","floor":6.0,"key":"SMITH"},{"data":"Defragment","floor":8.0,"key":"SMITH"},{"data":"Defend_B","floor":11.0,"key":"SMITH"},{"data":"Defend_B","floor":15.0,"key":"SMITH"},{"data":"Self Repair","floor":25,"key":"SMITH"},{"data":"Glacier","floor":27,"key":"SMITH"},{"data":"Double Energy","floor":29,"key":"SMITH"},{"floor":32,"key":"REST"},{"floor":40,"key":"RECALL"},{"data":"Echo Form","floor":49,"key":"SMITH"},{"data":"Capacitor","floor":52,"key":"SMITH"}],"neow_cost":"NONE","seed_source_timestamp":1102576422605609,"circlet_count":0,"master_deck":["AscendersBane","Defend_B","Defend_B+1","Defend_B+1","Zap+1","Dualcast+1","Chaos+1","Seek+1","Electrodynamics+1","Tempest+1","Defragment+1","Ball Lightning","Self Repair+1","Echo Form+1","Rebound+1","Capacitor+1","Go for the Eyes+1","BootSequence","Glacier+1","Double Energy+1","Sweeping Beam+1","Core Surge","Loop","Sweeping Beam+1","Self Repair+1","Glacier+1","Turbo+1","Capacitor"],"special_seed":0,"relics":["Astrolabe","Pen Nib","Orichalcum","Pantograph","Philosopher\u0027s Stone","Enchiridion","Blood Vial","Juzu Bracelet","Blue Candle","Runic Pyramid","Thread and Needle","Vajra","Darkstone Periapt","Shuriken","Oddly Smooth Stone","Molten Egg 2","DataDisk","Letter Opener","HandDrill","Bag of Preparation"],"potions_floor_usage":[19,20,23,33,33,44,44,50,50,54,55,55],"damage_taken":[{"damage":10.0,"enemies":"2 Louse","floor":1.0,"turns":2.0},{"damage":4.0,"enemies":"Jaw Worm","floor":2.0,"turns":3.0},{"damage":8.0,"enemies":"Small Slimes","floor":3.0,"turns":3.0},{"damage":2.0,"enemies":"Exordium Thugs","floor":4.0,"turns":3.0},{"damage":5.0,"enemies":"Lagavulin","floor":7.0,"turns":5.0},{"damage":0.0,"enemies":"Gremlin Nob","floor":12.0,"turns":2.0},{"damage":13.0,"enemies":"Large Slime","floor":13.0,"turns":2.0},{"damage":4.0,"enemies":"Hexaghost","floor":16.0,"turns":8.0},{"damage":13,"enemies":"Shell Parasite","floor":18,"turns":4},{"damage":0,"enemies":"3 Byrds","floor":19,"turns":2},{"damage":24,"enemies":"Centurion and Healer","floor":20,"turns":4},{"damage":29,"enemies":"Slavers","floor":23,"turns":2},{"damage":12,"enemies":"Shelled Parasite and Fungi","floor":24,"turns":3},{"damage":26,"enemies":"Sentry and Sphere","floor":28,"turns":5},{"damage":3,"enemies":"Snake Plant","floor":30,"turns":4},{"damage":43,"enemies":"Gremlin Leader","floor":31,"turns":5},{"damage":30,"enemies":"Automaton","floor":33,"turns":7},{"damage":2,"enemies":"3 Shapes","floor":35,"turns":3},{"damage":35,"enemies":"3 Darklings","floor":36,"turns":3},{"damage":10,"enemies":"4 Shapes","floor":37,"turns":3},{"damage":6,"enemies":"Spire Growth","floor":38,"turns":5},{"damage":0,"enemies":"Mind Bloom Boss Battle","floor":39,"turns":3},{"damage":0,"enemies":"Giant Head","floor":41,"turns":8},{"damage":24,"enemies":"Nemesis","floor":44,"turns":9},{"damage":0,"enemies":"Jaw Worm Horde","floor":45,"turns":3},{"damage":31,"enemies":"Reptomancer","floor":46,"turns":5},{"damage":1,"enemies":"Maw","floor":47,"turns":5},{"damage":38,"enemies":"Nemesis","floor":48,"turns":8},{"damage":11,"enemies":"Donu and Deca","floor":50,"turns":5},{"damage":65,"enemies":"Shield and Spear","floor":54,"turns":5},{"damage":62,"enemies":"The Heart","floor":55,"turns":8}],"seed_played":"4746444296623266258","potions_obtained":[{"floor":1.0,"key":"Regen Potion"},{"floor":3.0,"key":"Dexterity Potion"},{"floor":4.0,"key":"Regen Potion"},{"floor":7.0,"key":"SkillPotion"},{"floor":14.0,"key":"EntropicBrew"},{"floor":18,"key":"Energy Potion"},{"floor":24,"key":"Strength Potion"},{"floor":31,"key":"SpeedPotion"},{"floor":35,"key":"LiquidBronze"},{"floor":37,"key":"EntropicBrew"},{"floor":47,"key":"Fire Potion"}],"is_trial":false,"path_per_floor":["M","M","M","M","?","R","E","R","T","?","R","E","M","?","R","B",null,"M","M","M","?","?","E","M","R","T","R","M","R","M","E","R","B",null,"M","M","M","M","?","R","E","T","T","E","M","E","M","E","R","B",null,"R","$","E","B"],"character_chosen":"DEFECT","items_purchased":["DataDisk","Letter Opener","HandDrill","Capacitor","LiquidBronze","SkillPotion"],"campfire_rested":1,"item_purchase_floors":[53,53,53,53,53,53],"current_hp_per_floor":[58,54,46,44,29,29,51,51,51,44,44,44,31,31,31,59,71,72,72,60,44,69,40,44,44,44,44,30,30,49,18,40,47,68,68,45,47,63,75,75,75,75,75,75,75,74,75,67,67,74,75,75,75,30,0],"gold":101,"neow_bonus":"BOSS_RELIC","is_prod":false,"is_daily":false,"chose_seed":false,"campfire_upgraded":9,"win_rate":0,"timestamp":1561619535,"path_taken":["M","M","M","M","?","R","E","R","T","?","R","E","M","?","R","BOSS","M","M","M","?","?","E","M","R","T","R","M","R","M","E","R","BOSS","M","M","M","M","?","R","E","?","T","E","M","E","M","E","R","BOSS","R","$","E","BOSS"],"build_version":"2019-01-23","purchased_purges":1,"victory":false,"max_hp_per_floor":[75,75,75,75,75,75,75,75,75,75,75,75,75,75,75,75,75,75,75,75,75,75,75,75,75,75,75,75,75,75,75,75,75,75,75,75,75,75,75,75,75,75,75,75,75,75,75,75,75,75,75,75,75,75,75],"card_choices":[{"not_picked":["Recycle","Go for the Eyes"],"picked":"Tempest","floor":1.0},{"not_picked":["Tempest","Stack"],"picked":"Defragment","floor":2.0},{"not_picked":["FTL","Static Discharge"],"picked":"Ball Lightning","floor":3.0},{"not_picked":["Streamline","Coolheaded","Doom and Gloom"],"picked":"SKIP","floor":4.0},{"not_picked":["Rainbow","Coolheaded","Gash"],"picked":"SKIP","floor":7.0},{"not_picked":["Melter","Coolheaded","Stack"],"picked":"SKIP","floor":12.0},{"not_picked":["Aggregate","Force Field"],"picked":"Self Repair","floor":13.0},{"not_picked":["Amplify","Core Surge"],"picked":"Echo Form","floor":16.0},{"not_picked":["Coolheaded","Leap"],"picked":"Rebound+1","floor":18},{"not_picked":["Conserve Battery","Streamline+1"],"picked":"Capacitor","floor":19},{"not_picked":["Gash+1","Turbo"],"picked":"Go for the Eyes+1","floor":20},{"not_picked":["Redo","Rebound"],"picked":"BootSequence","floor":23},{"not_picked":["Redo","Tempest"],"picked":"Glacier","floor":24},{"not_picked":["Lockon+1","Turbo"],"picked":"Double Energy","floor":28},{"not_picked":["Beam Cell","Electrodynamics"],"picked":"Sweeping Beam+1","floor":30},{"not_picked":["Conserve Battery","Redo","Consume"],"picked":"SKIP","floor":31},{"not_picked":["Machine Learning","Echo Form"],"picked":"Core Surge","floor":33},{"not_picked":["Steam","Conserve Battery"],"picked":"Loop","floor":35},{"not_picked":["Ball Lightning","Gash","Fusion"],"picked":"SKIP","floor":36},{"not_picked":["Compile Driver","Darkness+1"],"picked":"Sweeping Beam+1","floor":37},{"not_picked":["Conserve Battery","Sweeping Beam"],"picked":"Self Repair+1","floor":38},{"not_picked":["Storm","Electrodynamics","Streamline"],"picked":"SKIP","floor":41},{"not_picked":["Leap","Stack+1","Machine Learning"],"picked":"SKIP","floor":44},{"not_picked":["Self Repair+1","Ball Lightning"],"picked":"Glacier+1","floor":45},{"not_picked":["Meteor Strike","Sunder+1"],"picked":"Turbo+1","floor":46},{"not_picked":["Sweeping Beam","Streamline","Go for the Eyes"],"picked":"SKIP","floor":47},{"not_picked":["Redo","Biased Cognition","Rebound+1"],"picked":"SKIP","floor":48},{"not_picked":["Turbo","Redo","Conserve Battery"],"picked":"SKIP","floor":54}],"player_experience":1075061,"relics_obtained":[{"floor":7.0,"key":"Pen Nib"},{"floor":9.0,"key":"Orichalcum"},{"floor":12.0,"key":"Pantograph"},{"floor":21,"key":"Enchiridion"},{"floor":23,"key":"Blood Vial"},{"floor":26,"key":"Juzu Bracelet"},{"floor":31,"key":"Blue Candle"},{"floor":39,"key":"Thread and Needle"},{"floor":41,"key":"Vajra"},{"floor":43,"key":"Darkstone Periapt"},{"floor":44,"key":"Shuriken"},{"floor":46,"key":"Oddly Smooth Stone"},{"floor":48,"key":"Molten Egg 2"},{"floor":54,"key":"Bag of Preparation"}],"event_choices":[{"damage_healed":0.0,"max_hp_gain":0.0,"max_hp_loss":0.0,"gold_gain":0.0,"event_name":"Shining Light","player_choice":"Entered Light","floor":5.0,"gold_loss":0.0,"damage_taken":15.0,"cards_upgraded":["Tempest","Dualcast"]},{"cards_removed":["Strike_B"],"damage_healed":0.0,"max_hp_gain":0.0,"max_hp_loss":0.0,"gold_gain":0.0,"event_name":"Golden Wing","player_choice":"Card Removal","floor":10.0,"gold_loss":0.0,"damage_taken":7.0},{"damage_healed":0.0,"max_hp_gain":0.0,"max_hp_loss":0.0,"gold_gain":0.0,"event_name":"The Woman in Blue","player_choice":"Bought 1 Potion","floor":14.0,"gold_loss":0.0,"damage_taken":0.0},{"damage_healed":0,"gold_gain":0,"player_choice":"Obtained Book","damage_taken":16,"max_hp_gain":0,"max_hp_loss":0,"event_name":"Cursed Tome","floor":21,"gold_loss":0},{"damage_healed":25,"gold_gain":0,"player_choice":"Heal","damage_taken":0,"max_hp_gain":0,"max_hp_loss":0,"event_name":"The Library","floor":22,"gold_loss":0},{"damage_healed":0,"gold_gain":0,"player_choice":"Fight","damage_taken":0,"max_hp_gain":0,"max_hp_loss":0,"event_name":"MindBloom","floor":39,"gold_loss":0}],"is_beta":false,"boss_relics":[{"not_picked":["Calling Bell","Lizard Tail"],"picked":"Philosopher\u0027s Stone"},{"not_picked":["Snecko Eye","Orrery"],"picked":"Runic Pyramid"}],"items_purged_floors":[53],"is_endless":false,"potions_floor_spawned":[1,3,4,7,18,24,31,35,37,44,47,48],"killed_by":"The Heart","ascension_level":10}