{"gold_per_floor":[119,130,150,161,174,174,199,199,226,226,241,261,261,148,148,247,247,267,192,24,124,39,51],"floor_reached":23,"playtime":1214,"items_purged":["Strike_B"],"score":287,"play_id":"6ef6ba76-e220-4f86-803e-d6854b915cfc","local_time":"20190627093950","is_ascension_mode":true,"campfire_choices":[{"data":"Zap","floor":6,"key":"SMITH"},{"floor":8,"key":"DIG"},{"floor":15,"key":"REST"}],"neow_cost":"NONE","seed_source_timestamp":1092926632731680,"circlet_count":0,"master_deck":["AscendersBane","Defend_B","Defend_B","Defend_B","Defend_B+1","Zap+1","Dualcast+1","Trip","Ball Lightning+1","Static Discharge","FTL+1","BootSequence","FTL","Doom and Gloom","Capacitor","Core Surge","Defragment","Electrodynamics","Consume","Ball Lightning"],"relics":["Cracked Core","Shovel","Whetstone","Bag of Preparation","Empty Cage","DataDisk","Peace Pipe","Shuriken","MawBank"],"potions_floor_usage":[16,16,16],"damage_taken":[{"damage":1,"enemies":"Cultist","floor":1,"turns":3},{"damage":7,"enemies":"Jaw Worm","floor":2,"turns":2},{"damage":10,"enemies":"2 Louse","floor":3,"turns":2},{"damage":8,"enemies":"Exordium Wildlife","floor":4,"turns":3},{"damage":1,"enemies":"Looter","floor":5,"turns":3},{"damage":20,"enemies":"3 Sentries","floor":7,"turns":6},{"damage":0,"enemies":"Lots of Slimes","floor":11,"turns":3},{"damage":2,"enemies":"3 Louse","floor":12,"turns":2},{"damage":14,"enemies":"Hexaghost","floor":16,"turns":7},{"damage":0,"enemies":"3 Byrds","floor":18,"turns":2},{"damage":15,"enemies":"Colosseum Slavers","floor":21,"turns":3},{"damage":35,"enemies":"Colosseum Nobs","floor":21,"turns":4},{"damage":13,"enemies":"Book of Stabbing","floor":23,"turns":2}],"seed_played":"6445746538758138462","potions_obtained":[{"floor":1,"key":"GamblersBrew"},{"floor":3,"key":"GamblersBrew"},{"floor":4,"key":"Block Potion"},{"floor":7,"key":"Swift Potion"},{"floor":12,"key":"PowerPotion"},{"floor":18,"key":"SpeedPotion"},{"floor":21,"key":"Explosive Potion"}],"is_trial":false,"path_per_floor":["M","M","M","M","M","R","E","R","T","?","M","M","?","$","R","B",null,"M","?","$","?","?","E"],"character_chosen":"DEFECT","items_purchased":["Defragment","DataDisk","Ball Lightning"],"campfire_rested":1,"item_purchase_floors":[14,20,20],"current_hp_per_floor":[67,60,50,42,41,41,21,21,21,6,6,4,4,4,26,12,59,59,59,59,9,9,0],"gold":51,"neow_bonus":"RANDOM_COLORLESS","is_prod":false,"is_daily":false,"chose_seed":false,"campfire_upgraded":1,"win_rate":0,"timestamp":1561599590,"path_taken":["M","M","M","M","M","R","E","R","T","?","M","M","?","$","R","BOSS","M","?","$","?","?","E"],"build_version":"2019-01-23","purchased_purges":1,"victory":false,"max_hp_per_floor":[75,75,75,75,75,75,75,75,75,75,75,75,75,75,75,75,75,75,75,75,75,75,75],"card_choices":[{"not_picked":["Leap","Gash"],"picked":"Ball Lightning","floor":1},{"not_picked":["Go for the Eyes","Darkness"],"picked":"Static Discharge","floor":2},{"not_picked":["Scrape","Aggregate"],"picked":"FTL","floor":3},{"not_picked":["Compile Driver","Stack"],"picked":"BootSequence","floor":4},{"not_picked":["Reinforced Body","Leap"],"picked":"FTL","floor":5},{"not_picked":["Steam Power","Aggregate"],"picked":"Doom and Gloom","floor":7},{"not_picked":["Ball Lightning","Cold Snap"],"picked":"Capacitor","floor":11},{"not_picked":["Aggregate","Force Field"],"picked":"Core Surge","floor":12},{"not_picked":["Core Surge","Biased Cognition"],"picked":"Electrodynamics","floor":16},{"not_picked":["Storm+1","Cold Snap"],"picked":"Consume","floor":18}],"player_experience":1065457,"relics_obtained":[{"floor":7,"key":"Shovel"},{"floor":8,"key":"Whetstone"},{"floor":9,"key":"Bag of Preparation"},{"floor":21,"key":"Peace Pipe"},{"floor":21,"key":"Shuriken"}],"event_choices":[{"damage_healed":0,"gold_gain":0,"player_choice":"Entered Light","damage_taken":15,"max_hp_gain":0,"max_hp_loss":0,"event_name":"Shining Light","floor":10,"gold_loss":0,"cards_upgraded":["Dualcast","Defend_B"]},{"damage_healed":0,"gold_gain":0,"cards_transformed":["Strike_B"],"player_choice":"Transformed","damage_taken":0,"max_hp_gain":0,"max_hp_loss":0,"event_name":"Transmorgrifier","floor":13,"gold_loss":0,"cards_obtained":["Lockon"]},{"cards_removed":["Lockon"],"damage_healed":0,"gold_gain":0,"player_choice":"Gave Gold","damage_taken":0,"max_hp_gain":0,"max_hp_loss":0,"event_name":"Beggar","floor":19,"gold_loss":75},{"damage_healed":0,"gold_gain":0,"player_choice":"Fight","damage_taken":0,"max_hp_gain":0,"max_hp_loss":0,"event_name":"Colosseum","floor":21,"gold_loss":0},{"damage_healed":0,"gold_gain":0,"player_choice":"Fought Nobs","damage_taken":0,"max_hp_gain":0,"max_hp_loss":0,"event_name":"Colosseum","floor":21,"gold_loss":0},{"damage_healed":0,"gold_gain":0,"player_choice":"Obtained Relic","damage_taken":0,"relics_obtained":["MawBank"],"max_hp_gain":0,"max_hp_loss":0,"event_name":"Addict","floor":22,"gold_loss":85}],"is_beta":false,"boss_relics":[{"not_picked":["Eternal Feather","Pandora\u0027s Box"],"picked":"Empty Cage"}],"items_purged_floors":[14],"is_endless":false,"potions_floor_spawned":[1,3,4,7,12,18,21],"killed_by":"Book of Stabbing","ascension_level":10}