{"gold_per_floor":[115,115,126,106,121,156,173,173,221,251,283,311,423,460,472,484],"floor_reached":16,"playtime":2553,"items_purged":[],"score":114,"play_id":"13ec1dd2-c42a-4401-9249-ee84e2be32a8","local_time":"20190705114101","is_ascension_mode":false,"campfire_choices":[{"data":"Hello World","floor":15,"key":"SMITH"}],"neow_cost":"NONE","seed_source_timestamp":152878566648405,"circlet_count":0,"master_deck":["Strike_B","Strike_B","Strike_B+1","Strike_B","Defend_B","Defend_B","Defend_B","Defend_B","Zap","Dualcast","Blind+1","Ball Lightning","Self Repair+1","Hologram","Hello World+1","Leap","Hologram","Consume","Storm"],"relics":["Cracked Core","Matryoshka","MawBank","Blood Vial","Smiling Mask"],"potions_floor_usage":[5,6,6,11,16],"damage_taken":[{"damage":1,"enemies":"Small Slimes","floor":1,"turns":4},{"damage":0,"enemies":"Jaw Worm","floor":3,"turns":3},{"damage":6,"enemies":"Cultist","floor":5,"turns":4},{"damage":19,"enemies":"3 Sentries","floor":6,"turns":6},{"damage":11,"enemies":"Blue Slaver","floor":7,"turns":3},{"damage":9,"enemies":"3 Louse","floor":10,"turns":3},{"damage":7,"enemies":"Exordium Thugs","floor":11,"turns":3},{"damage":3,"enemies":"Large Slime","floor":12,"turns":5},{"damage":10,"enemies":"Gremlin Nob","floor":14,"turns":4},{"damage":64,"enemies":"Slime Boss","floor":16,"turns":9}],"seed_played":"-551571648578594256","potions_obtained":[{"floor":1,"key":"Regen Potion"},{"floor":3,"key":"SpeedPotion"},{"floor":4,"key":"GamblersBrew"},{"floor":5,"key":"Fire Potion"},{"floor":6,"key":"Fire Potion"}],"is_trial":false,"path_per_floor":["M","?","M","?","M","E","M","?","T","M","M","M","?","E","R","B"],"character_chosen":"DEFECT","items_purchased":[],"campfire_rested":0,"item_purchase_floors":[],"current_hp_per_floor":[74,74,74,74,68,70,59,44,44,37,42,51,51,53,53,0],"gold":484,"neow_bonus":"RANDOM_COLORLESS","is_prod":false,"is_daily":false,"chose_seed":false,"campfire_upgraded":1,"win_rate":0.0,"timestamp":1562290861,"path_taken":["M","?","M","?","M","E","?","?","T","M","M","M","?","E","R","BOSS"],"build_version":"2019-07-01","purchased_purges":0,"victory":false,"max_hp_per_floor":[75,75,75,75,75,75,75,75,75,75,75,75,75,75,75,75],"card_choices":[{"not_picked":["Leap","Fusion"],"picked":"Ball Lightning","floor":1},{"not_picked":["Reprogram","Rip and Tear"],"picked":"Self Repair","floor":3},{"not_picked":["Redo","Ball Lightning"],"picked":"Hologram","floor":5},{"not_picked":["Reinforced Body","Rebound"],"picked":"Hello World","floor":6},{"not_picked":["Turbo","Cold Snap"],"picked":"Leap","floor":7},{"not_picked":["Glacier","Redo"],"picked":"Hologram","floor":10},{"not_picked":["Turbo","Streamline","Beam Cell"],"picked":"SKIP","floor":11},{"not_picked":["Leap","Darkness"],"picked":"Consume","floor":12},{"not_picked":["Compile Driver","Coolheaded"],"picked":"Storm","floor":14}],"player_experience":37529,"relics_obtained":[{"floor":6,"key":"Matryoshka"},{"floor":9,"key":"MawBank"},{"floor":9,"key":"Blood Vial"},{"floor":14,"key":"Smiling Mask"}],"event_choices":[{"damage_healed":0,"gold_gain":0,"player_choice":"Grow","damage_taken":0,"max_hp_gain":0,"max_hp_loss":0,"event_name":"Living Wall","floor":2,"gold_loss":0,"cards_upgraded":["Blind"]},{"damage_healed":0,"gold_gain":0,"player_choice":"Bought 1 Potion","damage_taken":0,"max_hp_gain":0,"max_hp_loss":0,"event_name":"The Woman in Blue","floor":4,"gold_loss":0},{"damage_healed":0,"gold_gain":0,"player_choice":"Entered Light","damage_taken":15,"max_hp_gain":0,"max_hp_loss":0,"event_name":"Shining Light","floor":8,"gold_loss":0,"cards_upgraded":["Strike_B","Self Repair"]},{"damage_healed":0,"gold_gain":100,"player_choice":"Pray","damage_taken":0,"max_hp_gain":0,"max_hp_loss":0,"event_name":"Golden Shrine","floor":13,"gold_loss":0}],"is_beta":false,"boss_relics":[],"items_purged_floors":[],"is_endless":false,"potions_floor_spawned":[1,3,5,6],"killed_by":"Slime Boss","ascension_level":0}