{"gold_per_floor":[12,22,33,47,66,95,95,115,139,155,169,169,187,207,207,308,308,325,344,90,5,5,5,5],"floor_reached":24,"playtime":1470,"items_purged":["Defend_B"],"score":286,"play_id":"685f1808-2400-4f54-ac1d-bf34b9481fa4","local_time":"20181213184853","is_ascension_mode":true,"campfire_choices":[{"floor":7,"key":"REST"},{"data":"Zap","floor":12,"key":"SMITH"},{"floor":15,"key":"REST"},{"data":"Dualcast","floor":23,"key":"SMITH"}],"neow_cost":"NO_GOLD","seed_source_timestamp":2538862903854,"circlet_count":0,"master_deck":["Strike_B","Strike_B","Defend_B","Defend_B","Defend_B","Zap+1","Dualcast+1","Skim","Tempest","Chill","FTL","Rip and Tear","Auto Shields","BootSequence","Buffer","Steam","Core Surge","Defragment"],"relics":["Cracked Core","The Courier","Bag of Marbles","Velvet Choker","Meat on the Bone","Blue Candle","Dream Catcher"],"potions_floor_usage":[13,16,18,24],"damage_taken":[{"damage":0,"enemies":"2 Louse","floor":1,"turns":1},{"damage":0,"enemies":"Small Slimes","floor":2,"turns":3},{"damage":0,"enemies":"Cultist","floor":3,"turns":3},{"damage":9,"enemies":"Blue Slaver","floor":4,"turns":4},{"damage":12,"enemies":"Exordium Thugs","floor":5,"turns":6},{"damage":34,"enemies":"Gremlin Nob","floor":6,"turns":4},{"damage":11,"enemies":"2 Fungi Beasts","floor":8,"turns":3},{"damage":0,"enemies":"Blue Slaver","floor":10,"turns":1},{"damage":0,"enemies":"Lots of Slimes","floor":11,"turns":3},{"damage":5,"enemies":"Exordium Thugs","floor":13,"turns":4},{"damage":6,"enemies":"Exordium Wildlife","floor":14,"turns":5},{"damage":18,"enemies":"Slime Boss","floor":16,"turns":9},{"damage":7,"enemies":"Shell Parasite","floor":18,"turns":8},{"damage":0,"enemies":"Chosen","floor":19,"turns":5},{"damage":76,"enemies":"Gremlin Leader","floor":24,"turns":8}],"seed_played":"-1335062529278179196","potions_obtained":[{"floor":1,"key":"PowerPotion"},{"floor":6,"key":"Energy Potion"},{"floor":8,"key":"SkillPotion"},{"floor":11,"key":"LiquidBronze"},{"floor":13,"key":"SpeedPotion"},{"floor":16,"key":"Fruit Juice"}],"is_trial":false,"path_per_floor":["M","M","M","M","M","E","R","M","T","M","M","R","M","M","R","B",null,"M","M","$","?","?","R","E"],"character_chosen":"DEFECT","items_purchased":["Meat on the Bone"],"campfire_rested":2,"item_purchase_floors":[20],"current_hp_per_floor":[68,68,68,59,47,13,35,24,24,24,24,24,19,13,35,17,61,59,59,59,59,59,59,0],"gold":5,"neow_bonus":"TRANSFORM_TWO_CARDS","is_prod":false,"is_daily":false,"chose_seed":false,"campfire_upgraded":2,"win_rate":0,"timestamp":1544698133,"path_taken":["M","M","M","M","M","E","R","M","T","M","M","R","M","M","R","BOSS","M","M","$","?","?","R","E"],"build_version":"2018-12-06","purchased_purges":1,"victory":false,"max_hp_per_floor":[75,75,75,75,75,75,75,75,75,75,75,75,75,75,75,75,75,80,80,80,80,80,80,80],"card_choices":[{"not_picked":["Compile Driver","Go for the Eyes"],"picked":"Chill","floor":1},{"not_picked":["Redo","Reprogram","Cold Snap"],"picked":"SKIP","floor":2},{"not_picked":["Chaos","Streamline"],"picked":"FTL","floor":3},{"not_picked":["Darkness","Barrage","Chaos"],"picked":"SKIP","floor":4},{"not_picked":["Sweeping Beam","Rebound","Steam Power"],"picked":"SKIP","floor":5},{"not_picked":["Chaos","Sweeping Beam"],"picked":"Rip and Tear","floor":6},{"not_picked":["Coolheaded","Turbo"],"picked":"Auto Shields","floor":8},{"not_picked":["Sweeping Beam","Aggregate"],"picked":"BootSequence","floor":10},{"not_picked":["Rebound","Recycle"],"picked":"Buffer","floor":11},{"not_picked":["Sweeping Beam","Ball Lightning"],"picked":"Steam","floor":13},{"not_picked":["Coolheaded","Fusion","Go for the Eyes"],"picked":"SKIP","floor":14},{"not_picked":["Machine Learning","Fission"],"picked":"Core Surge","floor":16},{"not_picked":["Leap","Cold Snap+1"],"picked":"Defragment","floor":18},{"not_picked":["Stack","Cold Snap","Heatsinks"],"picked":"SKIP","floor":19}],"player_experience":557684,"relics_obtained":[{"floor":6,"key":"The Courier"},{"floor":9,"key":"Bag of Marbles"}],"event_choices":[{"damage_healed":0,"gold_gain":0,"player_choice":"Obtained Relic","damage_taken":0,"relics_obtained":["Blue Candle"],"max_hp_gain":0,"max_hp_loss":0,"event_name":"Addict","floor":21,"gold_loss":85},{"damage_healed":0,"gold_gain":0,"player_choice":"Opened","damage_taken":0,"relics_obtained":["Dream Catcher"],"max_hp_gain":0,"max_hp_loss":0,"event_name":"The Mausoleum","floor":22,"gold_loss":0}],"is_beta":false,"boss_relics":[{"not_picked":["Lizard Tail","Coffee Dripper"],"picked":"Velvet Choker"}],"items_purged_floors":[20],"is_endless":false,"potions_floor_spawned":[1,6,8,11,13,16],"killed_by":"Gremlin Leader","ascension_level":8}