{"gold_per_floor":[12,23,36,54,70,70,87,87,160,4,14,31,46,61,61,157,157,175,188,188],"floor_reached":20,"playtime":1400,"items_purged":[],"score":174,"play_id":"28ca810c-8436-447f-bc77-a8f7aba102cb","local_time":"20190630072912","is_ascension_mode":false,"campfire_choices":[{"data":"Armaments","floor":6,"key":"SMITH"},{"floor":15,"key":"REST"}],"neow_cost":"NO_GOLD","seed_source_timestamp":666072989227887,"circlet_count":0,"master_deck":["Strike_R","Strike_R","Strike_R","Strike_R","Strike_R","Defend_R","Defend_R","Defend_R","Defend_R","Bash","Demon Form","Armaments+1","Perfected Strike","Sentinel","Feel No Pain","Cleave","Anger","Decay","Double Tap","Heavy Blade","Iron Wave","Twin Strike","Cleave","Brutality","Clothesline","Flame Barrier"],"relics":["Burning Blood","Darkstone Periapt","Fusion Hammer"],"potions_floor_usage":[11,16,16,16,19,19,20],"damage_taken":[{"damage":10,"enemies":"Cultist","floor":1,"turns":4},{"damage":8,"enemies":"Small Slimes","floor":2,"turns":3},{"damage":9,"enemies":"2 Louse","floor":3,"turns":3},{"damage":17,"enemies":"2 Fungi Beasts","floor":4,"turns":4},{"damage":19,"enemies":"Blue Slaver","floor":5,"turns":4},{"damage":22,"enemies":"Exordium Thugs","floor":7,"turns":4},{"damage":5,"enemies":"Looter","floor":11,"turns":3},{"damage":5,"enemies":"Exordium Wildlife","floor":12,"turns":3},{"damage":8,"enemies":"Lots of Slimes","floor":13,"turns":4},{"damage":1,"enemies":"Exordium Thugs","floor":14,"turns":3},{"damage":34,"enemies":"The Guardian","floor":16,"turns":10},{"damage":31,"enemies":"Chosen","floor":18,"turns":7},{"damage":53,"enemies":"3 Byrds","floor":19,"turns":7},{"damage":16,"enemies":"Snake Plant","floor":20,"turns":1}],"seed_played":"-2587895703227725340","potions_obtained":[{"floor":4,"key":"PowerPotion"},{"floor":7,"key":"BloodPotion"},{"floor":12,"key":"Dexterity Potion"},{"floor":14,"key":"Explosive Potion"},{"floor":16,"key":"Energy Potion"},{"floor":18,"key":"BloodPotion"},{"floor":19,"key":"Energy Potion"}],"is_trial":false,"path_per_floor":["M","M","M","M","M","R","M","?","T","$","M","M","M","M","R","B",null,"M","M","M"],"character_chosen":"IRONCLAD","items_purchased":["Double Tap"],"campfire_rested":1,"item_purchase_floors":[10],"current_hp_per_floor":[76,74,71,60,47,47,31,31,31,31,40,41,39,44,68,40,80,55,16,0],"gold":188,"neow_bonus":"THREE_RARE_CARDS","is_prod":false,"is_daily":false,"chose_seed":false,"campfire_upgraded":1,"win_rate":0.0,"timestamp":1561904952,"path_taken":["M","M","M","M","M","R","?","?","T","$","M","M","M","?","R","BOSS","M","M","M"],"build_version":"2019-01-23","purchased_purges":0,"victory":false,"max_hp_per_floor":[80,80,80,80,80,80,80,80,80,80,80,80,80,80,80,80,80,80,80,80],"card_choices":[{"not_picked":["Dark Embrace","Exhume"],"picked":"Demon Form","floor":0},{"not_picked":["Sword Boomerang","Wild Strike"],"picked":"Armaments","floor":1},{"not_picked":["True Grit","Thunderclap"],"picked":"Perfected Strike","floor":2},{"not_picked":["Clothesline","Armaments"],"picked":"Sentinel","floor":3},{"not_picked":["Inflame","Sword Boomerang"],"picked":"Feel No Pain","floor":4},{"not_picked":["Sword Boomerang","Shockwave"],"picked":"Cleave","floor":5},{"not_picked":["Havoc","Headbutt"],"picked":"Anger","floor":7},{"not_picked":["Thunderclap","Fiend Fire"],"picked":"Heavy Blade","floor":11},{"not_picked":["Warcry","Wild Strike"],"picked":"Iron Wave","floor":12},{"not_picked":["Armaments","Battle Trance"],"picked":"Twin Strike","floor":13},{"not_picked":["Offering","Headbutt"],"picked":"Cleave","floor":14},{"not_picked":["Double Tap","Immolate"],"picked":"Brutality","floor":16},{"not_picked":["Wild Strike","Sentinel"],"picked":"Clothesline","floor":18},{"not_picked":["Armaments","Anger"],"picked":"Flame Barrier","floor":19}],"player_experience":36708,"relics_obtained":[{"floor":9,"key":"Darkstone Periapt"}],"event_choices":[{"damage_healed":0,"gold_gain":0,"player_choice":"Cursed","damage_taken":0,"max_hp_gain":0,"max_hp_loss":0,"event_name":"Wheel of Change","floor":8,"gold_loss":0,"cards_obtained":["Decay"]}],"is_beta":false,"boss_relics":[{"not_picked":["Astrolabe","Coffee Dripper"],"picked":"Fusion Hammer"}],"items_purged_floors":[],"is_endless":false,"potions_floor_spawned":[4,7,12,14,16,18,19],"killed_by":"Snake Plant","ascension_level":0}