{"gold_per_floor":[118,135,135,60,160,186,205,105,105,124,124,124,39,55,55,144,144,168,168,187,187,102,135,135,173,197,228,278,294,325,350,350,444,444,458,527,527,527,540,584,584,617,642,642,116,116,141,175,175,175],"floor_reached":51,"playtime":2472,"items_purged":["Strike_R","Strike_R","Strike_R"],"score":1646,"play_id":"2454775d-2cb1-4cbf-8785-75b1a5353284","local_time":"20190112142916","is_ascension_mode":true,"campfire_choices":[{"data":"Whirlwind","floor":12,"key":"SMITH"},{"data":"Ghostly Armor","floor":15,"key":"SMITH"},{"data":"Demon Form","floor":24,"key":"SMITH"},{"floor":32,"key":"REST"},{"data":"Limit Break","floor":41,"key":"SMITH"},{"data":"Writhe","floor":44,"key":"PURGE"},{"floor":49,"key":"REST"}],"neow_cost":"NONE","seed_source_timestamp":15712160250879,"circlet_count":0,"master_deck":["AscendersBane","Defend_R","Defend_R","Defend_R","Bash","Flex","Infernal Blade","Whirlwind+1","Headbutt","Ghostly Armor+1","Dropkick","Feed+1","Demon Form+1","Flex+1","Heavy Blade+1","Limit Break+1","Thunderclap+1","Warcry+1","Havoc"],"relics":["Burning Blood","NeowsBlessing","Meat on the Bone","Ornamental Fan","Golden Idol","Cursed Key","PreservedInsect","Boot","Anchor","Bag of Preparation","Shuriken","Paper Frog","Busted Crown","Peace Pipe","Champion Belt","Omamori","Happy Flower","Whetstone","HandDrill","Orichalcum"],"potions_floor_usage":[10,16,23,25,33,36,40,47],"damage_taken":[{"damage":0,"enemies":"2 Louse","floor":1,"turns":1},{"damage":0,"enemies":"Cultist","floor":2,"turns":1},{"damage":0,"enemies":"Gremlin Nob","floor":6,"turns":1},{"damage":9,"enemies":"Jaw Worm","floor":7,"turns":3},{"damage":10,"enemies":"Exordium Thugs","floor":10,"turns":4},{"damage":10,"enemies":"Red Slaver","floor":14,"turns":3},{"damage":40,"enemies":"Hexaghost","floor":16,"turns":8},{"damage":4,"enemies":"2 Thieves","floor":18,"turns":3},{"damage":19,"enemies":"Spheric Guardian","floor":20,"turns":5},{"damage":22,"enemies":"Slavers","floor":23,"turns":3},{"damage":37,"enemies":"Gremlin Leader","floor":25,"turns":4},{"damage":16,"enemies":"Book of Stabbing","floor":27,"turns":3},{"damage":36,"enemies":"Centurion and Healer","floor":29,"turns":7},{"damage":0,"enemies":"Slavers","floor":30,"turns":2},{"damage":0,"enemies":"Snecko","floor":31,"turns":3},{"damage":40,"enemies":"Champ","floor":33,"turns":9},{"damage":16,"enemies":"3 Shapes","floor":35,"turns":4},{"damage":56,"enemies":"2 Orb Walkers","floor":36,"turns":4},{"damage":14,"enemies":"Orb Walker","floor":39,"turns":4},{"damage":8,"enemies":"Giant Head","floor":40,"turns":5},{"damage":46,"enemies":"Reptomancer","floor":42,"turns":5},{"damage":12,"enemies":"Sphere and 2 Shapes","floor":47,"turns":3},{"damage":0,"enemies":"Giant Head","floor":48,"turns":4},{"damage":46,"enemies":"Time Eater","floor":50,"turns":5}],"seed_played":"-669120962061774478","potions_obtained":[{"floor":2,"key":"Energy Potion"},{"floor":14,"key":"PowerPotion"},{"floor":18,"key":"SkillPotion"},{"floor":23,"key":"Swift Potion"},{"floor":29,"key":"Dexterity Potion"},{"floor":35,"key":"BloodPotion"},{"floor":39,"key":"BloodPotion"},{"floor":42,"key":"Fire Potion"}],"is_trial":false,"path_per_floor":["M","M","?","$","?","E","M","$","T","M","?","R","$","M","R","B",null,"M","?","M","?","?","E","R","E","T","E","?","M","E","M","R","B",null,"M","?","?","?","M","E","R","E","T","R","$","?","M","E","R","B",null],"character_chosen":"IRONCLAD","items_purchased":["Dropkick","Whetstone","HandDrill"],"campfire_rested":2,"item_purchase_floors":[13,45,45],"current_hp_per_floor":[74,75,75,75,75,75,72,72,72,68,68,68,68,64,64,42,62,67,67,57,57,57,53,53,37,37,39,39,24,42,48,72,50,73,66,36,36,36,40,58,58,30,30,30,30,30,36,54,78,50],"gold":175,"neow_bonus":"THREE_ENEMY_KILL","is_prod":false,"is_daily":false,"chose_seed":false,"campfire_upgraded":4,"win_rate":0,"timestamp":1547274556,"path_taken":["M","M","?","?","?","E","?","?","T","M","?","R","$","M","R","BOSS","M","?","?","?","?","E","R","E","T","E","?","M","E","M","R","BOSS","M","?","?","?","?","E","R","E","T","R","$","?","M","E","R","BOSS"],"build_version":"2019-01-10","purchased_purges":3,"victory":true,"max_hp_per_floor":[75,75,75,75,75,75,75,75,75,75,68,68,68,68,68,68,68,71,71,74,74,74,74,74,77,77,77,77,80,80,80,80,80,80,83,83,83,83,83,83,83,83,83,83,83,83,83,83,83,83],"card_choices":[{"not_picked":["Thunderclap","Perfected Strike"],"picked":"Flex","floor":1},{"not_picked":["Havoc","Perfected Strike"],"picked":"Infernal Blade","floor":2},{"not_picked":["Metallicize","Clash","Heavy Blade"],"picked":"SKIP","floor":6},{"not_picked":["Sentinel","Clash"],"picked":"Headbutt","floor":7},{"not_picked":["Spot Weakness","Infernal Blade"],"picked":"Ghostly Armor","floor":10},{"not_picked":["Clothesline","Shrug It Off"],"picked":"Feed","floor":14},{"not_picked":["Feed","Impervious"],"picked":"Demon Form","floor":16},{"not_picked":["Warcry","Anger","Havoc"],"picked":"SKIP","floor":18},{"not_picked":["Uppercut","Hemokinesis+1"],"picked":"Flex+1","floor":20},{"not_picked":["Reckless Charge","Metallicize","Entrench+1"],"picked":"SKIP","floor":23},{"not_picked":["Feel No Pain","Rampage"],"picked":"Heavy Blade+1","floor":25},{"not_picked":["Heavy Blade","Disarm","Warcry"],"picked":"SKIP","floor":27},{"not_picked":["Sever Soul+1","Spot Weakness","Entrench"],"picked":"SKIP","floor":29},{"not_picked":["Exhume","Anger","Flame Barrier"],"picked":"SKIP","floor":30},{"not_picked":["Headbutt","True Grit","Shrug It Off"],"picked":"SKIP","floor":31},{"not_picked":["Reaper","Berserk"],"picked":"Limit Break","floor":33},{"not_picked":["Burning Pact"],"picked":"SKIP","floor":35},{"not_picked":[],"picked":"Thunderclap","floor":36},{"not_picked":[],"picked":"Warcry+1","floor":39},{"not_picked":["Havoc"],"picked":"SKIP","floor":40},{"not_picked":["Whirlwind"],"picked":"SKIP","floor":42},{"not_picked":["Twin Strike+1"],"picked":"SKIP","floor":47},{"not_picked":["Armaments"],"picked":"SKIP","floor":48}],"player_experience":661879,"relics_obtained":[{"floor":6,"key":"Meat on the Bone"},{"floor":9,"key":"Ornamental Fan"},{"floor":23,"key":"Boot"},{"floor":25,"key":"Anchor"},{"floor":26,"key":"Bag of Preparation"},{"floor":27,"key":"Shuriken"},{"floor":30,"key":"Paper Frog"},{"floor":36,"key":"Peace Pipe"},{"floor":40,"key":"Champion Belt"},{"floor":42,"key":"Omamori"},{"floor":43,"key":"Happy Flower"},{"floor":48,"key":"Orichalcum"}],"event_choices":[{"damage_healed":0,"gold_gain":0,"cards_transformed":["Strike_R"],"player_choice":"Transformed","damage_taken":0,"max_hp_gain":0,"max_hp_loss":0,"event_name":"Transmorgrifier","floor":3,"gold_loss":0,"cards_obtained":["Whirlwind"]},{"damage_healed":0,"gold_gain":100,"player_choice":"Gold","damage_taken":0,"max_hp_gain":0,"max_hp_loss":0,"event_name":"Wheel of Change","floor":5,"gold_loss":0},{"damage_healed":0,"gold_gain":0,"player_choice":"Lose Max HP","damage_taken":0,"relics_obtained":["Golden Idol"],"max_hp_gain":0,"max_hp_loss":7,"event_name":"Golden Idol","floor":11,"gold_loss":0},{"damage_healed":0,"gold_gain":0,"player_choice":"Leave","damage_taken":0,"max_hp_gain":0,"max_hp_loss":0,"event_name":"FaceTrader","floor":19,"gold_loss":0},{"damage_healed":0,"gold_gain":0,"player_choice":"Ignored","damage_taken":0,"max_hp_gain":0,"max_hp_loss":0,"event_name":"The Mausoleum","floor":21,"gold_loss":0},{"damage_healed":0,"gold_gain":0,"player_choice":"Obtained Relic","damage_taken":0,"relics_obtained":["PreservedInsect"],"max_hp_gain":0,"max_hp_loss":0,"event_name":"Addict","floor":22,"gold_loss":85},{"damage_healed":0,"gold_gain":100,"player_choice":"Bet on Murderer","damage_taken":0,"max_hp_gain":0,"max_hp_loss":0,"event_name":"The Joust","floor":28,"gold_loss":50},{"damage_healed":0,"gold_gain":0,"player_choice":"Fight","damage_taken":0,"max_hp_gain":0,"max_hp_loss":0,"event_name":"Mysterious Sphere","floor":36,"gold_loss":0},{"damage_healed":0,"gold_gain":0,"player_choice":"Ignored","damage_taken":0,"max_hp_gain":0,"max_hp_loss":0,"event_name":"Tomb of Lord Red Mask","floor":37,"gold_loss":0},{"cards_removed":["Strike_R"],"damage_healed":0,"gold_gain":0,"player_choice":"Removed Attack","damage_taken":0,"max_hp_gain":0,"max_hp_loss":0,"event_name":"Falling","floor":38,"gold_loss":0},{"damage_healed":0,"gold_gain":0,"cards_transformed":["Defend_R"],"player_choice":"Transformed","damage_taken":0,"max_hp_gain":0,"max_hp_loss":0,"event_name":"Transmorgrifier","floor":46,"gold_loss":0,"cards_obtained":["Havoc"]}],"is_beta":false,"boss_relics":[{"not_picked":["Runic Dome","Orrery"],"picked":"Cursed Key"},{"not_picked":["Sozu","Mark of Pain"],"picked":"Busted Crown"}],"items_purged_floors":[4,8,45],"is_endless":false,"potions_floor_spawned":[2,14,18,23,29,35,39,42],"ascension_level":16}