{"gold_per_floor":[110,125,139,152,152,152,172,206,253,267,267,267,282,292,292,365,365,378,378,391,391],"floor_reached":21,"playtime":947,"items_purged":[],"score":400,"play_id":"40cbf0cf-ec3f-484d-bcde-7120c3b42cbd","local_time":"20190701201117","is_ascension_mode":true,"campfire_choices":[{"data":"1","floor":6,"key":"LIFT"},{"floor":12,"key":"REST"},{"floor":15,"key":"REST"}],"neow_cost":"TEN_PERCENT_HP_LOSS","seed_source_timestamp":204257412171967,"circlet_count":0,"master_deck":["AscendersBane","Strike_B","Strike_B","Strike_B","Strike_B+1","Defend_B","Defend_B","Defend_B","Defend_B","Zap+1","Dualcast","Turbo","Melter","Auto Shields","Ball Lightning","Buffer","Capacitor","Beam Cell","FTL","Coolheaded","Seek","Chill","Finesse","Zap","Steam"],"relics":["Cracked Core","Girya","Vajra","Bag of Marbles","Velvet Choker"],"potions_floor_usage":[7,8,10,16,18],"damage_taken":[{"damage":10,"enemies":"2 Louse","floor":1,"turns":3},{"damage":6,"enemies":"Cultist","floor":2,"turns":4},{"damage":0,"enemies":"Small Slimes","floor":3,"turns":3},{"damage":11,"enemies":"Looter","floor":4,"turns":3},{"damage":4,"enemies":"Lots of Slimes","floor":7,"turns":3},{"damage":8,"enemies":"Gremlin Nob","floor":8,"turns":4},{"damage":3,"enemies":"Blue Slaver","floor":10,"turns":2},{"damage":8,"enemies":"Exordium Thugs","floor":13,"turns":4},{"damage":6,"enemies":"Looter","floor":14,"turns":3},{"damage":0,"enemies":"Slime Boss","floor":16,"turns":7},{"damage":10,"enemies":"3 Byrds","floor":18,"turns":4},{"damage":11,"enemies":"2 Thieves","floor":20,"turns":4},{"damage":47,"enemies":"Snecko","floor":21,"turns":5}],"seed_played":"-4421287627847859122","potions_obtained":[{"floor":1,"key":"FocusPotion"},{"floor":4,"key":"Fire Potion"},{"floor":7,"key":"Block Potion"},{"floor":8,"key":"Ancient Potion"},{"floor":16,"key":"Fire Potion"}],"is_trial":false,"path_per_floor":["M","M","M","M","?","R","M","E","T","M","?","R","M","M","R","B",null,"M","?","M","M"],"character_chosen":"DEFECT","items_purchased":[],"campfire_rested":2,"item_purchase_floors":[],"current_hp_per_floor":[54,48,48,37,37,37,33,25,25,22,9,28,20,14,33,33,56,46,46,35,0],"gold":391,"neow_bonus":"ONE_RARE_RELIC","is_prod":false,"is_daily":false,"chose_seed":false,"campfire_upgraded":0,"win_rate":0,"timestamp":1561983077,"path_taken":["M","M","M","M","?","R","?","E","T","M","?","R","M","M","R","BOSS","M","?","M","M"],"build_version":"2019-01-23","purchased_purges":0,"victory":false,"max_hp_per_floor":[64,64,64,64,64,64,64,64,64,64,64,64,64,64,64,64,64,64,64,64,64],"card_choices":[{"not_picked":["Fusion","Rebound"],"picked":"Turbo","floor":1},{"not_picked":["Undo","Rebound"],"picked":"Melter","floor":2},{"not_picked":["Storm","Compile Driver"],"picked":"Auto Shields","floor":3},{"not_picked":["Leap","Hello World"],"picked":"Ball Lightning","floor":4},{"not_picked":["Beam Cell","Gash"],"picked":"Capacitor","floor":7},{"not_picked":["Hologram","Fusion","Recycle"],"picked":"SKIP","floor":8},{"not_picked":["Turbo","Compile Driver"],"picked":"Beam Cell","floor":10},{"not_picked":["Reprogram","Hologram"],"picked":"FTL","floor":13},{"not_picked":["Conserve Battery","Beam Cell"],"picked":"Coolheaded","floor":14},{"not_picked":["Fission","Creative AI"],"picked":"Seek","floor":16},{"not_picked":["Steam","Compile Driver"],"picked":"Chill","floor":18},{"not_picked":["Gash","Beam Cell+1"],"picked":"Steam","floor":20}],"player_experience":1122931,"relics_obtained":[{"floor":8,"key":"Vajra"},{"floor":9,"key":"Bag of Marbles"}],"event_choices":[{"damage_healed":0,"gold_gain":0,"player_choice":"1 cards matched","damage_taken":0,"max_hp_gain":0,"max_hp_loss":0,"event_name":"Match and Keep!","floor":5,"gold_loss":0,"cards_obtained":["Buffer"]},{"damage_healed":0,"gold_gain":0,"player_choice":"Entered Light","damage_taken":13,"max_hp_gain":0,"max_hp_loss":0,"event_name":"Shining Light","floor":11,"gold_loss":0,"cards_upgraded":["Zap","Strike_B"]},{"damage_healed":0,"gold_gain":0,"player_choice":"2 cards matched","damage_taken":0,"max_hp_gain":0,"max_hp_loss":0,"event_name":"Match and Keep!","floor":19,"gold_loss":0,"cards_obtained":["Finesse","Zap"]}],"is_beta":false,"boss_relics":[{"not_picked":["Inserter","Lizard Tail"],"picked":"Velvet Choker"}],"items_purged_floors":[],"is_endless":false,"potions_floor_spawned":[1,4,7,8,16],"killed_by":"Snecko","ascension_level":14}