{"gold_per_floor":[117,129,129,149,324,355,368,368,394,414,97,97,127,145,145,242,242,261,281,18,18,18,18,18,38,38,38,55,55,55,72,72,170,170,180,55,72,72,84,84,102,102,102,102,116,116,148,161,161,161],"floor_reached":51,"playtime":7435,"items_purged":["Doubt","Strike_B","Defend_B"],"score":975,"play_id":"8fada61d-8581-4211-96f5-7a46dcc914c7","local_time":"20190704005652","is_ascension_mode":true,"campfire_choices":[{"data":"Zap","floor":8.0,"key":"SMITH"},{"floor":12.0,"key":"REST"},{"floor":15.0,"key":"REST"},{"data":"Hologram","floor":23.0,"key":"SMITH"},{"floor":29.0,"key":"REST"},{"floor":32.0,"key":"REST"},{"data":"Dualcast","floor":40.0,"key":"SMITH"},{"floor":42.0,"key":"REST"},{"data":"Defragment","floor":44.0,"key":"SMITH"},{"floor":49.0,"key":"REST"}],"neow_cost":"NONE","seed_source_timestamp":209481200190139,"circlet_count":0,"master_deck":["AscendersBane","Defend_B","Defend_B","Defend_B","Zap+1","Dualcast+1","Glacier","Defragment+1","Streamline","Echo Form","Loop","Chill","Coolheaded+1","Skim","Compile Driver","Capacitor","Hologram+1","Doom and Gloom","Undo","Madness","Ball Lightning","Chill+1","Machine Learning","FTL+1","Redo+1","Defragment+1","Turbo"],"special_seed":0,"relics":["Cracked Core","Bag of Preparation","Blood Vial","Regal Pillow","Odd Mushroom","Cursed Key","Inserter","Potion Belt"],"potions_floor_usage":[50,50],"damage_taken":[{"damage":2.0,"enemies":"2 Louse","floor":1.0,"turns":3.0},{"damage":2.0,"enemies":"Small Slimes","floor":2.0,"turns":3.0},{"damage":8.0,"enemies":"Jaw Worm","floor":4.0,"turns":4.0},{"damage":10.0,"enemies":"Lagavulin","floor":6.0,"turns":8.0},{"damage":4.0,"enemies":"Blue Slaver","floor":7.0,"turns":4.0},{"damage":0.0,"enemies":"Large Slime","floor":10.0,"turns":5.0},{"damage":27.0,"enemies":"The Mushroom Lair","floor":13.0,"turns":6.0},{"damage":13.0,"enemies":"Exordium Thugs","floor":14.0,"turns":5.0},{"damage":48.0,"enemies":"Hexaghost","floor":16.0,"turns":10.0},{"damage":10.0,"enemies":"Chosen","floor":18.0,"turns":6.0},{"damage":16.0,"enemies":"2 Thieves","floor":19.0,"turns":5.0},{"damage":18.0,"enemies":"Snake Plant","floor":25.0,"turns":4.0},{"damage":7.0,"enemies":"3 Cultists","floor":28.0,"turns":6.0},{"damage":31.0,"enemies":"Snecko","floor":31.0,"turns":5.0},{"damage":42.0,"enemies":"Automaton","floor":33.0,"turns":11.0},{"damage":8.0,"enemies":"Orb Walker","floor":35.0,"turns":5.0},{"damage":4.0,"enemies":"3 Darklings","floor":37.0,"turns":6.0},{"damage":8.0,"enemies":"Jaw Worm Horde","floor":39.0,"turns":6.0},{"damage":35.0,"enemies":"Transient","floor":41.0,"turns":5.0},{"damage":6.0,"enemies":"Maw","floor":45.0,"turns":7.0},{"damage":16.0,"enemies":"Reptomancer","floor":47.0,"turns":7.0},{"damage":11.0,"enemies":"Jaw Worm Horde","floor":48.0,"turns":5.0},{"damage":14,"enemies":"Awakened One","floor":50,"turns":11}],"seed_played":"-5661600361718467701","potions_obtained":[{"floor":1.0,"key":"GamblersBrew"},{"floor":2.0,"key":"FearPotion"},{"floor":7.0,"key":"Energy Potion"},{"floor":16.0,"key":"Weak Potion"},{"floor":28.0,"key":"Explosive Potion"},{"floor":41.0,"key":"FocusPotion"},{"floor":45.0,"key":"FocusPotion"},{"floor":47.0,"key":"SpeedPotion"},{"floor":48.0,"key":"Ancient Potion"}],"is_trial":false,"path_per_floor":["M","M","?","M","?","E","M","R","T","M","$","R","?","M","R","B",null,"M","M","$","?","?","R","?","M","T","?","M","R","?","M","R","B",null,"M","$","M","?","M","R","M","R","T","R","M","$","E","M","R","B",null],"character_chosen":"DEFECT","items_purchased":["Chill","Coolheaded","Regal Pillow","Capacitor","Hologram","Doom and Gloom"],"campfire_rested":6,"item_purchase_floors":[11,11,11,20,20,20],"current_hp_per_floor":[66,64,57,49,49,39,35,35,35,37,37,74,48,37,74,27,63,55,41,41,41,41,41,41,25,25,25,20,57,57,28,65,25,63,57,57,55,55,49,49,16,53,53,53,49,49,35,26,63,51],"gold":161,"neow_bonus":"REMOVE_CARD","is_prod":false,"is_daily":false,"chose_seed":false,"campfire_upgraded":4,"win_rate":0,"timestamp":1562216212,"path_taken":["M","M","?","M","?","E","M","R","T","M","$","R","?","M","R","BOSS","M","M","$","?","?","R","?","?","T","?","M","R","?","M","R","BOSS","M","?","M","?","M","R","M","R","T","R","M","$","E","?","R","BOSS"],"build_version":"2019-07-01","purchased_purges":3,"victory":true,"max_hp_per_floor":[75,75,75,75,75,75,75,75,75,75,75,75,75,75,75,75,75,75,75,75,75,75,75,75,75,75,75,75,75,75,75,75,75,75,75,75,75,75,75,75,75,75,75,75,75,75,75,75,75,75],"card_choices":[{"not_picked":["Cold Snap","Gash"],"picked":"Glacier","floor":1.0},{"not_picked":["Consume","Rebound"],"picked":"Defragment","floor":2.0},{"not_picked":["Defragment","Recycle"],"picked":"Streamline","floor":4.0},{"not_picked":["Compile Driver","Ball Lightning"],"picked":"Echo Form","floor":6.0},{"not_picked":["Conserve Battery","Leap"],"picked":"Loop","floor":7.0},{"not_picked":["Barrage","Rebound","Stack"],"picked":"SKIP","floor":10.0},{"not_picked":["Double Energy","Redo"],"picked":"Skim","floor":13.0},{"not_picked":["Rip and Tear","Chaos","Lockon"],"picked":"SKIP","floor":14.0},{"not_picked":["Stack","Beam Cell"],"picked":"Compile Driver","floor":18.0},{"not_picked":["Tempest+1","Gash","Cold Snap"],"picked":"SKIP","floor":19.0},{"not_picked":["Rip and Tear","Hologram"],"picked":"Undo","floor":25.0},{"not_picked":["Stack","Sweeping Beam","Conserve Battery"],"picked":"SKIP","floor":28.0},{"not_picked":["Conserve Battery","Genetic Algorithm"],"picked":"Chill+1","floor":31.0},{"not_picked":["Rainbow","Fission"],"picked":"Machine Learning","floor":33.0},{"not_picked":["Leap","Beam Cell+1","Conserve Battery+1"],"picked":"SKIP","floor":35.0},{"not_picked":["Ball Lightning+1","Sweeping Beam"],"picked":"FTL+1","floor":37.0},{"not_picked":["Streamline+1","Rebound"],"picked":"Redo+1","floor":39.0},{"not_picked":["Gash+1","Streamline"],"picked":"Defragment","floor":41.0},{"not_picked":["Coolheaded","Creative AI","Beam Cell+1"],"picked":"SKIP","floor":45.0},{"not_picked":["Compile Driver+1","Cold Snap","Reprogram"],"picked":"SKIP","floor":47.0},{"not_picked":["Blizzard+1","Storm+1"],"picked":"Turbo","floor":48.0}],"player_experience":518218,"relics_obtained":[{"floor":6.0,"key":"Bag of Preparation"},{"floor":9.0,"key":"Blood Vial"},{"floor":13.0,"key":"Odd Mushroom"},{"floor":47.0,"key":"Potion Belt"}],"event_choices":[{"cards_removed":["Strike_B"],"damage_healed":0.0,"max_hp_gain":0.0,"max_hp_loss":0.0,"gold_gain":0.0,"event_name":"Golden Wing","player_choice":"Card Removal","floor":3.0,"gold_loss":0.0,"damage_taken":7.0},{"damage_healed":0.0,"max_hp_gain":0.0,"max_hp_loss":0.0,"gold_gain":175.0,"event_name":"Liars Game","player_choice":"AGREE","floor":5.0,"gold_loss":0.0,"damage_taken":0.0,"cards_obtained":["Doubt"]},{"damage_healed":0.0,"max_hp_gain":0.0,"max_hp_loss":0.0,"gold_gain":0.0,"event_name":"Mushrooms","player_choice":"Fought Mushrooms","floor":13.0,"gold_loss":0.0,"damage_taken":0.0},{"cards_removed":["Strike_B"],"damage_healed":0.0,"max_hp_gain":0.0,"max_hp_loss":0.0,"gold_gain":0.0,"event_name":"Back to Basics","player_choice":"Elegance","floor":21.0,"gold_loss":0.0,"damage_taken":0.0},{"damage_healed":0.0,"max_hp_gain":0.0,"max_hp_loss":0.0,"gold_gain":0.0,"event_name":"Vampires","player_choice":"Ignored","floor":22.0,"gold_loss":0.0,"damage_taken":0.0},{"damage_healed":0.0,"max_hp_gain":0.0,"max_hp_loss":0.0,"gold_gain":0.0,"event_name":"Upgrade Shrine","player_choice":"Upgraded","floor":24.0,"gold_loss":0.0,"damage_taken":0.0,"cards_upgraded":["Coolheaded"]},{"damage_healed":0.0,"max_hp_gain":0.0,"max_hp_loss":0.0,"gold_gain":0.0,"event_name":"Match and Keep!","player_choice":"2 cards matched","floor":30.0,"gold_loss":0.0,"damage_taken":0.0,"cards_obtained":["Madness","Ball Lightning"]},{"damage_healed":0.0,"max_hp_gain":0.0,"max_hp_loss":0.0,"gold_gain":0.0,"event_name":"Upgrade Shrine","player_choice":"Upgraded","floor":38.0,"gold_loss":0.0,"damage_taken":0.0,"cards_upgraded":["Defragment"]}],"is_beta":false,"boss_relics":[{"not_picked":["Orrery","Coffee Dripper"],"picked":"Cursed Key"},{"not_picked":["White Beast Statue","Calling Bell"],"picked":"Inserter"}],"items_purged_floors":[11,20,36],"is_endless":false,"potions_floor_spawned":[1,2,7,10,16,28,31,41,45,47,48],"ascension_level":11}