{"gold_per_floor":[117,127,227,146,161,195,195,40,65,79,93,109,125,125,125,223,223,233,250,250,53,72,72],"floor_reached":23,"playtime":2221,"items_purged":[],"score":195,"play_id":"103a189f-284d-4ec5-b367-389028ca3c67","local_time":"20190702032053","is_ascension_mode":false,"campfire_choices":[{"data":"Metallicize","floor":7,"key":"SMITH"},{"floor":15,"key":"REST"}],"neow_cost":"NONE","seed_source_timestamp":823153475002873,"circlet_count":0,"master_deck":["Strike_R","Strike_R","Strike_R","Strike_R","Strike_R","Defend_R","Defend_R","Defend_R","Defend_R","Bash","Combust","Sentinel","Metallicize+1","Iron Wave","Iron Wave","Blood for Blood","Armaments","Body Slam","Feel No Pain","Thunderclap","Juggernaut","Flex","Cleave","Necronomicurse","Metallicize","Dramatic Entrance","Rampage","Headbutt+1"],"relics":["Black Blood","Centennial Puzzle","Potion Belt","Boot","Bronze Scales","Necronomicon"],"potions_floor_usage":[16,16,16,16],"damage_taken":[{"damage":8,"enemies":"Small Slimes","floor":1,"turns":4},{"damage":3,"enemies":"Cultist","floor":2,"turns":3},{"damage":8,"enemies":"Jaw Worm","floor":5,"turns":3},{"damage":17,"enemies":"3 Sentries","floor":6,"turns":6},{"damage":7,"enemies":"Gremlin Gang","floor":10,"turns":4},{"damage":3,"enemies":"Blue Slaver","floor":11,"turns":4},{"damage":2,"enemies":"3 Louse","floor":12,"turns":4},{"damage":22,"enemies":"Gremlin Gang","floor":13,"turns":4},{"damage":41,"enemies":"Hexaghost","floor":16,"turns":7},{"damage":28,"enemies":"Shell Parasite","floor":18,"turns":5},{"damage":20,"enemies":"3 Byrds","floor":19,"turns":3},{"damage":24,"enemies":"Centurion and Healer","floor":22,"turns":8},{"damage":31,"enemies":"Book of Stabbing","floor":23,"turns":3}],"seed_played":"-844157376107112075","potions_obtained":[{"floor":5,"key":"SpeedPotion"},{"floor":6,"key":"FearPotion"},{"floor":10,"key":"Energy Potion"},{"floor":11,"key":"PowerPotion"},{"floor":19,"key":"SpeedPotion"}],"is_trial":false,"path_per_floor":["M","M","?","$","M","E","R","$","T","M","M","M","M","?","R","B",null,"M","M","?","$","M","E"],"character_chosen":"IRONCLAD","items_purchased":["Metallicize","Iron Wave","Boot","Metallicize","Dramatic Entrance","Rampage"],"campfire_rested":1,"item_purchase_floors":[4,4,8,21,21,21],"current_hp_per_floor":[78,80,80,80,78,67,67,67,67,66,69,73,57,57,80,45,80,62,52,36,36,22,0],"gold":72,"neow_bonus":"RANDOM_COMMON_RELIC","is_prod":false,"is_daily":false,"chose_seed":false,"campfire_upgraded":1,"win_rate":0.0,"timestamp":1562062853,"path_taken":["M","M","?","$","M","E","R","$","T","M","M","M","?","?","R","BOSS","M","?","?","$","M","E"],"build_version":"2019-07-01","purchased_purges":0,"victory":false,"max_hp_per_floor":[80,80,80,80,80,80,80,80,80,80,80,80,80,80,80,80,80,80,80,80,80,80,80],"card_choices":[{"not_picked":["Twin Strike","Body Slam"],"picked":"Combust","floor":1},{"not_picked":["Pommel Strike","Wild Strike"],"picked":"Sentinel","floor":2},{"not_picked":["Headbutt","Shrug It Off"],"picked":"Iron Wave","floor":5},{"not_picked":["Thunderclap","Feed"],"picked":"Blood for Blood","floor":6},{"not_picked":["Warcry","Shrug It Off"],"picked":"Armaments","floor":10},{"not_picked":["Headbutt","True Grit"],"picked":"Body Slam","floor":11},{"not_picked":["Thunderclap","Headbutt"],"picked":"Feel No Pain","floor":12},{"not_picked":["Headbutt","Clash"],"picked":"Thunderclap","floor":13},{"not_picked":["Impervious","Demon Form"],"picked":"Juggernaut","floor":16},{"not_picked":["Body Slam","Pommel Strike"],"picked":"Flex","floor":18},{"not_picked":["Heavy Blade","Anger"],"picked":"Cleave","floor":19},{"not_picked":["Sword Boomerang","Dark Embrace"],"picked":"Headbutt+1","floor":22}],"player_experience":77748,"relics_obtained":[{"floor":6,"key":"Potion Belt"},{"floor":9,"key":"Bronze Scales"},{"floor":20,"key":"Necronomicon"}],"event_choices":[{"damage_healed":0,"gold_gain":100,"player_choice":"Gold","damage_taken":0,"max_hp_gain":0,"max_hp_loss":0,"event_name":"Wheel of Change","floor":3,"gold_loss":0},{"damage_healed":0,"gold_gain":0,"player_choice":"0 cards matched","damage_taken":0,"max_hp_gain":0,"max_hp_loss":0,"event_name":"Match and Keep!","floor":14,"gold_loss":0,"cards_obtained":[]},{"damage_healed":0,"gold_gain":0,"player_choice":"Obtained Book","damage_taken":16,"max_hp_gain":0,"max_hp_loss":0,"event_name":"Cursed Tome","floor":20,"gold_loss":0}],"is_beta":false,"boss_relics":[{"not_picked":["Calling Bell","Lizard Tail"],"picked":"Black Blood"}],"items_purged_floors":[],"is_endless":false,"potions_floor_spawned":[5,6,10,11,19],"killed_by":"Book of Stabbing","ascension_level":0}