{"gold_per_floor":[119,119,129,140,40,40,72,72,72,88,98,98,115,115,115,192,192,206,206,216,39,49,59,59,72,72,101,150,183,183,197,197,270,270,287,305,265,122,139,164,164,179,206,206,221,233,247,259,259,259],"floor_reached":50,"playtime":4653,"items_purged":["Strike_B","Force Field"],"score":908,"play_id":"5736d349-f294-4404-ad78-5d58036d90c7","local_time":"20190629093540","is_ascension_mode":true,"campfire_choices":[{"data":"Zap","floor":6,"key":"SMITH"},{"data":"Sweeping Beam","floor":8,"key":"SMITH"},{"data":"Go for the Eyes","floor":12,"key":"SMITH"},{"data":"Dualcast","floor":15,"key":"SMITH"},{"data":"Zap","floor":24,"key":"SMITH"},{"data":"Blizzard","floor":30,"key":"SMITH"},{"floor":32,"key":"REST"},{"floor":41,"key":"REST"},{"data":"Defragment","floor":44,"key":"SMITH"},{"floor":49,"key":"REST"}],"neow_cost":"NONE","seed_source_timestamp":43529158845632,"circlet_count":0,"master_deck":["AscendersBane","Strike_B+1","Strike_B+1","Defend_B+1","Zap+1","Dualcast+1","Self Repair","Go for the Eyes+1","Sweeping Beam+1","Coolheaded+1","Chill","Turbo+1","Coolheaded","Machine Learning","Buffer","Fission+1","Recycle+1","Glacier+1","Blizzard+1","Zap+1","Dramatic Entrance","Cold Snap","Defragment+1","Defragment+1","Sweeping Beam+1","Beam Cell","Compile Driver","Beam Cell+1","Conserve Battery","Core Surge","Redo+1","Defragment","Double Energy","Coolheaded+1","Sweeping Beam+1","Cold Snap+1","Defragment","Glacier+1"],"relics":["Cracked Core","Whetstone","Mercury Hourglass","Bag of Preparation","Astrolabe","Blue Candle","Girya","Boot","Orichalcum","Sozu","Smiling Mask","War Paint"],"potions_floor_usage":[16,18,22,27,29,50],"damage_taken":[{"damage":10,"enemies":"Small Slimes","floor":1,"turns":3},{"damage":1,"enemies":"Cultist","floor":3,"turns":3},{"damage":1,"enemies":"2 Louse","floor":4,"turns":4},{"damage":22,"enemies":"3 Sentries","floor":7,"turns":6},{"damage":0,"enemies":"Large Slime","floor":10,"turns":4},{"damage":1,"enemies":"Gremlin Gang","floor":11,"turns":2},{"damage":0,"enemies":"Exordium Wildlife","floor":13,"turns":3},{"damage":24,"enemies":"Hexaghost","floor":16,"turns":9},{"damage":0,"enemies":"3 Byrds","floor":18,"turns":3},{"damage":0,"enemies":"Chosen","floor":20,"turns":5},{"damage":31,"enemies":"Snake Plant","floor":22,"turns":4},{"damage":1,"enemies":"Snecko","floor":23,"turns":5},{"damage":14,"enemies":"Chosen and Byrds","floor":25,"turns":5},{"damage":3,"enemies":"Book of Stabbing","floor":27,"turns":5},{"damage":13,"enemies":"Gremlin Leader","floor":29,"turns":7},{"damage":34,"enemies":"Snake Plant","floor":31,"turns":4},{"damage":32,"enemies":"Automaton","floor":33,"turns":10},{"damage":1,"enemies":"Orb Walker","floor":35,"turns":3},{"damage":8,"enemies":"3 Darklings","floor":36,"turns":4},{"damage":39,"enemies":"Jaw Worm Horde","floor":39,"turns":4},{"damage":28,"enemies":"Reptomancer","floor":40,"turns":6},{"damage":2,"enemies":"Writhing Mass","floor":42,"turns":6},{"damage":0,"enemies":"3 Darklings","floor":45,"turns":3},{"damage":18,"enemies":"Jaw Worm Horde","floor":46,"turns":4},{"damage":12,"enemies":"Spire Growth","floor":47,"turns":5},{"damage":20,"enemies":"Transient","floor":48,"turns":5},{"damage":42,"enemies":"Time Eater","floor":50,"turns":14}],"seed_played":"6777584811662250341","potions_obtained":[{"floor":1,"key":"LiquidBronze"},{"floor":11,"key":"Explosive Potion"},{"floor":20,"key":"LiquidBronze"},{"floor":22,"key":"AttackPotion"},{"floor":23,"key":"SneckoOil"},{"floor":27,"key":"EssenceOfSteel"}],"is_trial":false,"path_per_floor":["M","?","M","M","$","R","E","R","T","M","M","R","M","?","R","B",null,"M","?","M","$","M","M","R","M","T","E","T","E","R","M","R","B",null,"M","M","?","$","M","E","R","M","T","R","M","M","M","M","R","B"],"character_chosen":"DEFECT","items_purchased":["Coolheaded","Defragment","Defragment","Double Energy"],"campfire_rested":3,"item_purchase_floors":[5,21,38,38],"current_hp_per_floor":[58,58,64,70,70,70,55,55,55,62,68,68,75,75,75,58,71,75,75,75,75,51,50,50,43,43,47,47,41,41,14,36,11,59,65,64,64,64,32,11,33,38,38,38,45,34,29,16,38,0],"gold":259,"neow_bonus":"RANDOM_COMMON_RELIC","is_prod":false,"is_daily":false,"chose_seed":false,"campfire_upgraded":7,"win_rate":0,"timestamp":1561772140,"path_taken":["M","?","M","M","$","R","E","R","T","M","M","R","?","?","R","BOSS","M","?","?","$","?","M","R","M","T","E","?","E","R","M","R","BOSS","M","M","?","?","?","E","R","M","T","R","M","M","M","M","R","BOSS"],"build_version":"2019-01-23","purchased_purges":2,"victory":false,"max_hp_per_floor":[75,75,75,75,75,75,75,75,75,75,75,75,75,75,75,75,75,75,75,75,75,75,75,75,75,75,75,75,75,75,75,75,75,75,75,75,75,75,75,75,75,75,75,75,75,75,75,75,75,75],"card_choices":[{"not_picked":["Scrape","Turbo"],"picked":"Self Repair","floor":1},{"not_picked":["Sunder","Conserve Battery"],"picked":"Go for the Eyes","floor":3},{"not_picked":["Scrape","Go for the Eyes"],"picked":"Sweeping Beam","floor":4},{"not_picked":["Scrape","Stack"],"picked":"Chill","floor":7},{"not_picked":["Streamline","Stack"],"picked":"Turbo","floor":10},{"not_picked":["Hologram","Cold Snap"],"picked":"Coolheaded","floor":11},{"not_picked":["Force Field","Auto Shields"],"picked":"Machine Learning","floor":13},{"not_picked":["Reboot","Fission"],"picked":"Buffer","floor":16},{"not_picked":["Force Field","Coolheaded"],"picked":"Blizzard","floor":18},{"not_picked":["Conserve Battery","Beam Cell"],"picked":"Defragment+1","floor":20},{"not_picked":["Rebound","Stack"],"picked":"Sweeping Beam","floor":22},{"not_picked":["Gash+1","Coolheaded"],"picked":"Beam Cell","floor":23},{"not_picked":["Darkness","Stack"],"picked":"Compile Driver","floor":25},{"not_picked":["Steam","Thunder Strike","Reinforced Body"],"picked":"SKIP","floor":27},{"not_picked":["Rebound","Chill"],"picked":"Beam Cell+1","floor":29},{"not_picked":["Steam","Sunder"],"picked":"Conserve Battery","floor":31},{"not_picked":["Multi-Cast","Electrodynamics"],"picked":"Core Surge","floor":33},{"not_picked":["Leap","Streamline"],"picked":"Redo+1","floor":35},{"not_picked":["Turbo","Chaos","Hello World"],"picked":"SKIP","floor":36},{"not_picked":["Gash","Sweeping Beam"],"picked":"Coolheaded+1","floor":39},{"not_picked":["Compile Driver","Double Energy"],"picked":"Sweeping Beam+1","floor":40},{"not_picked":["Hello World","Leap","Darkness"],"picked":"SKIP","floor":42},{"not_picked":["Go for the Eyes","Undo+1"],"picked":"Cold Snap+1","floor":45},{"not_picked":["Go for the Eyes","Chaos"],"picked":"Defragment","floor":46},{"not_picked":["Cold Snap","Steam Power","Redo"],"picked":"SKIP","floor":47},{"not_picked":["Stack+1","Melter+1"],"picked":"Glacier+1","floor":48}],"player_experience":1096712,"relics_obtained":[{"floor":7,"key":"Mercury Hourglass"},{"floor":9,"key":"Bag of Preparation"},{"floor":26,"key":"Blue Candle"},{"floor":27,"key":"Girya"},{"floor":28,"key":"Boot"},{"floor":29,"key":"Orichalcum"},{"floor":40,"key":"Smiling Mask"},{"floor":43,"key":"War Paint"}],"event_choices":[{"cards_removed":["Strike_B"],"damage_healed":0,"gold_gain":0,"player_choice":"Offered Basic","damage_taken":0,"max_hp_gain":0,"max_hp_loss":0,"event_name":"Bonfire Elementals","floor":2,"gold_loss":0},{"damage_healed":0,"gold_gain":0,"player_choice":"Ignored","damage_taken":0,"max_hp_gain":0,"max_hp_loss":0,"event_name":"Liars Game","floor":14,"gold_loss":0},{"damage_healed":0,"gold_gain":0,"player_choice":"4 cards matched","damage_taken":0,"max_hp_gain":0,"max_hp_loss":0,"event_name":"Match and Keep!","floor":19,"gold_loss":0,"cards_obtained":["Force Field","Zap","Dramatic Entrance","Cold Snap"]},{"damage_healed":0,"gold_gain":0,"player_choice":"4 cards matched","damage_taken":0,"max_hp_gain":0,"max_hp_loss":0,"event_name":"Match and Keep!","floor":19,"gold_loss":0,"cards_obtained":["Force Field","Zap","Dramatic Entrance","Cold Snap"]},{"damage_healed":0,"gold_gain":0,"player_choice":"Upgraded Two","damage_taken":0,"max_hp_gain":0,"max_hp_loss":0,"event_name":"Designer","floor":37,"gold_loss":40,"cards_upgraded":["Sweeping Beam","Coolheaded"]}],"is_beta":false,"boss_relics":[{"not_picked":["Orrery","Snecko Eye"],"picked":"Astrolabe"},{"not_picked":["FrozenCore","Eternal Feather"],"picked":"Sozu"}],"items_purged_floors":[5,21],"is_endless":false,"potions_floor_spawned":[1,11,13,20,22,23,27,42,45,47],"killed_by":"Time Eater","ascension_level":13}