{"gold_per_floor":[110,125,75,91,106,133,133,144,223,223,253,53,53,69,69,172,172,183,183,133,150,30,30,30,30,99,114,114,114,133,150,150,253,253,263,275,290,17,0,0,11,24,78,98,98,115,115,129,129,129],"floor_reached":51,"playtime":9752,"items_purged":["Strike_B","Strike_B","Defend_B"],"score":939,"play_id":"9ce20e1a-d6c2-4ca8-9057-9e1742321b3e","local_time":"20190629081625","is_ascension_mode":true,"campfire_choices":[{"data":"Zap","floor":7.0,"key":"SMITH"},{"floor":15.0,"key":"REST"},{"data":"Redo","floor":23.0,"key":"SMITH"},{"data":"Coolheaded","floor":25.0,"key":"SMITH"},{"data":"Coolheaded","floor":29.0,"key":"SMITH"},{"floor":32.0,"key":"REST"},{"data":"Dualcast","floor":40,"key":"SMITH"},{"floor":49,"key":"RECALL"}],"neow_cost":"NONE","seed_source_timestamp":0,"circlet_count":0,"master_deck":["Zap+1","Dualcast+1","Coolheaded+1","Glacier+1","Go for the Eyes+1","Blizzard+1","Redo+1","Turbo+1","Capacitor+1","Chill+1","Seek+1","Hologram+1","Self Repair+1","Coolheaded+1","Reboot+1","Lockon+1","Reboot+1","Consume+1"],"special_seed":0,"relics":["Cracked Core","Anchor","Smiling Mask","Singing Bowl","Odd Mushroom","Inserter","Letter Opener","Astrolabe","Happy Flower","Red Mask","Vajra","Mark of the Bloom","Emotion Chip"],"potions_floor_usage":[41,50],"damage_taken":[{"damage":0.0,"enemies":"Small Slimes","floor":1.0,"turns":4.0},{"damage":0.0,"enemies":"Jaw Worm","floor":2.0,"turns":4.0},{"damage":0.0,"enemies":"2 Louse","floor":4.0,"turns":5.0},{"damage":0.0,"enemies":"Blue Slaver","floor":5.0,"turns":4.0},{"damage":45.0,"enemies":"Gremlin Nob","floor":6.0,"turns":6.0},{"damage":2.0,"enemies":"Exordium Thugs","floor":8.0,"turns":5.0},{"damage":0.0,"enemies":"The Mushroom Lair","floor":11.0,"turns":5.0},{"damage":0.0,"enemies":"3 Louse","floor":14.0,"turns":3.0},{"damage":17.0,"enemies":"Hexaghost","floor":16.0,"turns":16.0},{"damage":4.0,"enemies":"3 Byrds","floor":18.0,"turns":5.0},{"damage":2.0,"enemies":"Spheric Guardian","floor":21.0,"turns":8.0},{"damage":0.0,"enemies":"Shelled Parasite and Fungi","floor":27.0,"turns":9.0},{"damage":4.0,"enemies":"Snake Plant","floor":30.0,"turns":5.0},{"damage":56.0,"enemies":"Cultist and Chosen","floor":31.0,"turns":11.0},{"damage":42.0,"enemies":"Automaton","floor":33.0,"turns":11.0},{"damage":0,"enemies":"Orb Walker","floor":35,"turns":5},{"damage":0,"enemies":"3 Darklings","floor":36,"turns":6},{"damage":0,"enemies":"Spire Growth","floor":37,"turns":6},{"damage":1,"enemies":"Transient","floor":41,"turns":5},{"damage":0,"enemies":"Maw","floor":42,"turns":8},{"damage":2,"enemies":"3 Darklings","floor":44,"turns":4},{"damage":0,"enemies":"Transient","floor":46,"turns":5},{"damage":0,"enemies":"Writhing Mass","floor":48,"turns":5},{"damage":0,"enemies":"Awakened One","floor":50,"turns":11}],"seed_played":"9192511944236178933","potions_obtained":[{"floor":2.0,"key":"FairyPotion"},{"floor":4.0,"key":"EssenceOfSteel"},{"floor":8.0,"key":"Strength Potion"},{"floor":18.0,"key":"Swift Potion"},{"floor":21.0,"key":"Dexterity Potion"},{"floor":37,"key":"EssenceOfSteel"},{"floor":41,"key":"SteroidPotion"},{"floor":46,"key":"FearPotion"}],"is_trial":false,"path_per_floor":["M","M","?","M","M","E","R","M","T","?","?","$","?","M","R","B",null,"M","?","$","M","$","R","?","R","T","M","?","R","M","M","R","B",null,"M","M","M","$","?","R","M","M","T","M","?","M","T","M","R","B",null],"character_chosen":"DEFECT","items_purchased":["Capacitor","Chill","Self Repair","Happy Flower","FocusPotion","Block Potion"],"campfire_rested":2,"item_purchase_floors":[12,12,22,38,38,38],"current_hp_per_floor":[68,68,68,68,68,23,23,21,21,14,14,14,14,16,39,22,63,61,61,61,59,59,59,59,59,59,66,51,51,56,17,43,8,68,77,86,94,94,94,94,96,98,98,100,100,100,100,100,100,100],"gold":129,"neow_bonus":"RANDOM_COMMON_RELIC","is_prod":false,"is_daily":false,"chose_seed":false,"campfire_upgraded":5,"win_rate":0,"timestamp":1561810585,"path_taken":["M","M","?","M","M","E","R","M","T","?","?","?","?","M","R","BOSS","M","?","$","M","?","R","?","R","T","M","?","R","M","?","R","BOSS","M","M","M","$","?","R","M","M","T","M","?","M","?","M","R","BOSS"],"build_version":"2019-01-23","purchased_purges":3,"victory":true,"max_hp_per_floor":[75,75,75,75,75,75,75,75,75,75,75,75,75,77,77,77,77,79,79,79,79,79,79,79,79,79,79,84,84,86,88,88,88,88,90,92,94,94,94,94,96,98,98,100,100,102,102,104,104,104],"card_choices":[{"not_picked":["Beam Cell","Go for the Eyes"],"picked":"Coolheaded","floor":1.0},{"not_picked":["Stack","Defragment"],"picked":"Glacier","floor":2.0},{"not_picked":["Doom and Gloom","Gash","Heatsinks"],"picked":"SKIP","floor":4.0},{"not_picked":["Barrage","Rebound"],"picked":"Go for the Eyes","floor":5.0},{"not_picked":["Tempest","Reprogram"],"picked":"Blizzard","floor":6.0},{"not_picked":["Conserve Battery","Stack"],"picked":"Redo","floor":8.0},{"not_picked":["Compile Driver","Rip and Tear"],"picked":"Turbo","floor":11.0},{"not_picked":["Cold Snap","Sweeping Beam","Leap"],"picked":"Singing Bowl","floor":14.0},{"not_picked":["Core Surge","Meteor Strike"],"picked":"Seek","floor":16.0},{"not_picked":["Double Energy+1","Auto Shields","Beam Cell"],"picked":"Singing Bowl","floor":18.0},{"not_picked":["Heatsinks","Turbo"],"picked":"Hologram+1","floor":21.0},{"not_picked":["Turbo","Leap+1"],"picked":"Coolheaded","floor":27.0},{"not_picked":["Beam Cell","Compile Driver","Cold Snap"],"picked":"Singing Bowl","floor":30.0},{"not_picked":["Sweeping Beam","Go for the Eyes","Turbo"],"picked":"Singing Bowl","floor":31.0},{"not_picked":["Core Surge","All For One"],"picked":"Reboot","floor":33.0},{"not_picked":["Ball Lightning","Conserve Battery+1","Undo"],"picked":"Singing Bowl","floor":35},{"not_picked":["Recycle","Conserve Battery","Sweeping Beam"],"picked":"Singing Bowl","floor":36},{"not_picked":["Blizzard+1","Consume","Leap"],"picked":"Singing Bowl","floor":37},{"not_picked":["Leap","White Noise","Capacitor+1"],"picked":"Singing Bowl","floor":41},{"not_picked":["Stack","Blizzard","Leap"],"picked":"Singing Bowl","floor":42},{"not_picked":["Undo+1","Steam Power","Coolheaded"],"picked":"Singing Bowl","floor":44},{"not_picked":["Conserve Battery","Leap","Redo"],"picked":"Singing Bowl","floor":46},{"not_picked":["Sweeping Beam+1","All For One","Streamline"],"picked":"Singing Bowl","floor":48}],"player_experience":473318,"relics_obtained":[{"floor":6.0,"key":"Smiling Mask"},{"floor":9.0,"key":"Singing Bowl"},{"floor":11.0,"key":"Odd Mushroom"},{"floor":26.0,"key":"Letter Opener"},{"floor":43,"key":"Vajra"},{"floor":47,"key":"Emotion Chip"}],"event_choices":[{"cards_removed":["Strike_B"],"damage_healed":0.0,"max_hp_gain":0.0,"max_hp_loss":0.0,"gold_gain":0.0,"event_name":"The Cleric","player_choice":"Card Removal","floor":3.0,"gold_loss":50.0,"damage_taken":0.0},{"cards_removed":["Strike_B"],"damage_healed":0.0,"max_hp_gain":0.0,"max_hp_loss":0.0,"gold_gain":0.0,"event_name":"Golden Wing","player_choice":"Card Removal","floor":10.0,"gold_loss":0.0,"damage_taken":7.0},{"damage_healed":0.0,"max_hp_gain":0.0,"max_hp_loss":0.0,"gold_gain":0.0,"event_name":"Mushrooms","player_choice":"Fought Mushrooms","floor":11.0,"gold_loss":0.0,"damage_taken":0.0},{"damage_healed":0.0,"max_hp_gain":0.0,"max_hp_loss":0.0,"gold_gain":0.0,"event_name":"Shining Light","player_choice":"Ignored","floor":13.0,"gold_loss":0.0,"damage_taken":0.0},{"damage_healed":0.0,"max_hp_gain":0.0,"max_hp_loss":0.0,"gold_gain":0.0,"event_name":"Match and Keep!","player_choice":"0 cards matched","floor":19.0,"gold_loss":0.0,"damage_taken":0.0,"cards_obtained":[]},{"damage_healed":0.0,"max_hp_gain":0.0,"max_hp_loss":0.0,"gold_gain":0.0,"event_name":"The Mausoleum","player_choice":"Ignored","floor":24.0,"gold_loss":0.0,"damage_taken":0.0},{"damage_healed":0.0,"max_hp_gain":5.0,"max_hp_loss":0.0,"gold_gain":0.0,"event_name":"Forgotten Altar","player_choice":"Shed Blood","floor":28.0,"gold_loss":0.0,"damage_taken":20.0},{"damage_healed":0,"gold_gain":0,"player_choice":"Paid","damage_taken":0,"relics_obtained":["Red Mask"],"max_hp_gain":0,"max_hp_loss":0,"event_name":"Tomb of Lord Red Mask","floor":39,"gold_loss":17},{"damage_healed":0,"gold_gain":0,"player_choice":"Upgrade","damage_taken":0,"relics_obtained":["Mark of the Bloom"],"max_hp_gain":0,"max_hp_loss":0,"event_name":"MindBloom","floor":45,"gold_loss":0,"cards_upgraded":["Glacier","Go for the Eyes","Blizzard","Turbo","Capacitor","Chill","Seek","Self Repair","Reboot"]}],"is_beta":false,"boss_relics":[{"not_picked":["Runic Pyramid","Busted Crown"],"picked":"Inserter"},{"not_picked":["Nuclear Battery","Runic Dome"],"picked":"Astrolabe"}],"items_purged_floors":[12,20,22],"is_endless":false,"potions_floor_spawned":[2,4,8,11,18,21,37,41,46],"ascension_level":8}