{"gold_per_floor":[115,134,134,61,80,113,113,124,177,177,177,177,177,195,195,291,291,306,327,327,367,382,382,425,119,119,119,135,154,154,154,154,154],"floor_reached":33,"playtime":2094,"items_purged":["Strike_B"],"score":451,"play_id":"68602ff0-dcd7-4808-84ee-238e0786b310","local_time":"20190702135829","is_ascension_mode":true,"campfire_choices":[{"data":"Sunder","floor":7,"key":"SMITH"},{"data":"Zap","floor":10,"key":"SMITH"},{"data":"Go for the Eyes","floor":13,"key":"SMITH"},{"data":"Dualcast","floor":15,"key":"SMITH"},{"floor":23,"key":"REST"},{"data":"Recycle","floor":27,"key":"SMITH"},{"floor":30,"key":"REST"},{"data":"Sweeping Beam","floor":32,"key":"SMITH"}],"neow_cost":"NONE","seed_source_timestamp":267153546515117,"circlet_count":0,"master_deck":["AscendersBane","Strike_B","Strike_B","Defend_B","Defend_B","Defend_B","Defend_B","Zap+1","Dualcast+1","Go for the Eyes+1","Sunder+1","Self Repair","FTL","Chill","Ball Lightning","Seek","Hologram","Recycle+1","Sweeping Beam+1","Doom and Gloom","Turbo+1","Bandage Up","Leap+1","Cold Snap+1"],"relics":["Sozu","Ornamental Fan","Potion Belt","Question Card","Golden Idol","Runic Pyramid","MutagenicStrength","Red Mask","DataDisk","Vajra","Lantern"],"potions_floor_usage":[],"damage_taken":[{"damage":0,"enemies":"Cultist","floor":1,"turns":4},{"damage":3,"enemies":"Jaw Worm","floor":2,"turns":4},{"damage":4,"enemies":"Small Slimes","floor":5,"turns":4},{"damage":30,"enemies":"3 Sentries","floor":6,"turns":8},{"damage":2,"enemies":"3 Louse","floor":8,"turns":3},{"damage":0,"enemies":"Blue Slaver","floor":14,"turns":3},{"damage":45,"enemies":"The Guardian","floor":16,"turns":10},{"damage":14,"enemies":"2 Thieves","floor":18,"turns":4},{"damage":17,"enemies":"3 Byrds","floor":19,"turns":5},{"damage":17,"enemies":"Masked Bandits","floor":21,"turns":4},{"damage":19,"enemies":"Sentry and Sphere","floor":22,"turns":5},{"damage":24,"enemies":"Book of Stabbing","floor":24,"turns":5},{"damage":13,"enemies":"Snake Plant","floor":28,"turns":2},{"damage":0,"enemies":"3 Cultists","floor":29,"turns":2},{"damage":48,"enemies":"Champ","floor":33,"turns":8}],"seed_played":"4002100623274814191","potions_obtained":[],"is_trial":false,"path_per_floor":["M","M","?","$","M","E","R","M","T","R","T","?","R","M","R","B",null,"M","M","?","?","M","R","E","$","T","R","M","M","R","?","R","B"],"character_chosen":"DEFECT","items_purchased":["Self Repair","Bandage Up","Vajra"],"campfire_rested":2,"item_purchase_floors":[4,25,25],"current_hp_per_floor":[64,61,54,54,57,34,34,39,39,39,39,39,39,46,46,8,52,45,35,35,25,13,32,15,15,15,15,2,2,21,43,43,0],"gold":154,"neow_bonus":"BOSS_RELIC","is_prod":false,"is_daily":false,"chose_seed":false,"campfire_upgraded":6,"win_rate":0,"timestamp":1562047109,"path_taken":["M","M","?","$","M","E","R","M","T","R","?","?","R","M","R","BOSS","M","M","?","?","M","R","E","$","T","R","M","M","R","?","R","BOSS"],"build_version":"2019-01-23","purchased_purges":1,"victory":false,"max_hp_per_floor":[71,71,71,71,71,71,71,71,71,71,71,66,66,66,66,66,66,66,66,66,66,66,66,66,66,66,66,66,66,66,66,66,66],"card_choices":[{"not_picked":["Blizzard","Redo"],"picked":"Go for the Eyes","floor":1},{"not_picked":["Ball Lightning","Turbo"],"picked":"Sunder","floor":2},{"not_picked":["Consume","Barrage","Gash"],"picked":"SKIP","floor":5},{"not_picked":["Sweeping Beam","Heatsinks"],"picked":"FTL","floor":6},{"not_picked":["Turbo","Lockon"],"picked":"Chill","floor":8},{"not_picked":["Thunder Strike","Redo","Loop"],"picked":"Ball Lightning","floor":14},{"not_picked":["Machine Learning","Creative AI","Biased Cognition"],"picked":"Seek","floor":16},{"not_picked":["Stack","Reinforced Body","Gash"],"picked":"Hologram","floor":18},{"not_picked":["Beam Cell","Gash","Redo"],"picked":"Recycle","floor":19},{"not_picked":["Redo","Reprogram","Hologram"],"picked":"Sweeping Beam","floor":21},{"not_picked":["Rebound","Multi-Cast","Sunder"],"picked":"Doom and Gloom","floor":22},{"not_picked":["Hologram","Beam Cell","Heatsinks"],"picked":"Turbo+1","floor":24},{"not_picked":["Beam Cell","Barrage","Meteor Strike"],"picked":"Leap+1","floor":28},{"not_picked":["Stack","Barrage","Redo"],"picked":"Cold Snap+1","floor":29}],"player_experience":1135194,"relics_obtained":[{"floor":6,"key":"Ornamental Fan"},{"floor":9,"key":"Potion Belt"},{"floor":11,"key":"Question Card"},{"floor":21,"key":"Red Mask"},{"floor":24,"key":"DataDisk"},{"floor":26,"key":"Lantern"}],"event_choices":[{"cards_removed":["Strike_B"],"damage_healed":0,"gold_gain":0,"player_choice":"Card Removal","damage_taken":7,"max_hp_gain":0,"max_hp_loss":0,"event_name":"Golden Wing","floor":3,"gold_loss":0},{"damage_healed":0,"gold_gain":0,"player_choice":"Lose Max HP","damage_taken":0,"relics_obtained":["Golden Idol"],"max_hp_gain":0,"max_hp_loss":5,"event_name":"Golden Idol","floor":12,"gold_loss":0},{"damage_healed":0,"gold_gain":0,"player_choice":"Inject Mutagens","damage_taken":0,"relics_obtained":["MutagenicStrength"],"max_hp_gain":0,"max_hp_loss":0,"event_name":"Drug Dealer","floor":20,"gold_loss":0},{"damage_healed":0,"gold_gain":0,"player_choice":"Fought Bandits","damage_taken":0,"max_hp_gain":0,"max_hp_loss":0,"event_name":"Masked Bandits","floor":21,"gold_loss":0},{"damage_healed":22,"gold_gain":0,"player_choice":"Heal","damage_taken":0,"max_hp_gain":0,"max_hp_loss":0,"event_name":"The Library","floor":31,"gold_loss":0}],"is_beta":false,"boss_relics":[{"not_picked":["White Beast Statue","Ectoplasm"],"picked":"Runic Pyramid"}],"items_purged_floors":[25],"is_endless":false,"potions_floor_spawned":[1,5,6,16,18,19,21,22,29],"killed_by":"Champ","ascension_level":14}