{"gold_per_floor":[111,111,36,56,76,76,94,94,145,163,88,88,114,126,126,203,203,219,144,155,166,179,179,207,207,207,241,241,268,147,164,164,241,241,261,261,616,633,5,5],"floor_reached":40,"playtime":2414,"items_purged":["Strike_B"],"score":868,"play_id":"4d91c75e-0cd4-4b79-b865-25f07f0e8432","local_time":"20190702210040","is_ascension_mode":true,"campfire_choices":[{"data":"Dualcast","floor":6,"key":"SMITH"},{"data":"Glacier","floor":8,"key":"SMITH"},{"data":"Ball Lightning","floor":12,"key":"SMITH"},{"data":"Tempest","floor":15,"key":"SMITH"},{"floor":23,"key":"REST"},{"floor":32,"key":"REST"}],"neow_cost":"NONE","seed_source_timestamp":292161545114731,"circlet_count":0,"master_deck":["AscendersBane","Strike_B+1","Defend_B+1","Defend_B+1","Defend_B+1","Zap+1","Dualcast+1","Ball Lightning","FTL","Chill","Glacier+1","Ball Lightning+1","Hologram","Tempest+1","Electrodynamics","Self Repair","Turbo","Defragment","Go for the Eyes","Machine Learning","Turbo+1","Bandage Up","Leap+1"],"relics":["Cracked Core","Orichalcum","Potion Belt","Fusion Hammer","Centennial Puzzle","The Courier","DataDisk","Dream Catcher","Lantern","Philosopher\u0027s Stone","Old Coin","Toxic Egg 2","Pear","Turnip"],"potions_floor_usage":[13,13,24,24,33,33,37,40],"damage_taken":[{"damage":0,"enemies":"Small Slimes","floor":1,"turns":3},{"damage":1,"enemies":"Cultist","floor":4,"turns":3},{"damage":0,"enemies":"2 Louse","floor":5,"turns":1},{"damage":5,"enemies":"2 Fungi Beasts","floor":7,"turns":3},{"damage":1,"enemies":"Looter","floor":10,"turns":3},{"damage":0,"enemies":"Lagavulin","floor":13,"turns":3},{"damage":0,"enemies":"3 Louse","floor":14,"turns":2},{"damage":18,"enemies":"The Guardian","floor":16,"turns":8},{"damage":6,"enemies":"Spheric Guardian","floor":18,"turns":3},{"damage":0,"enemies":"Chosen","floor":20,"turns":4},{"damage":0,"enemies":"3 Cultists","floor":21,"turns":3},{"damage":14,"enemies":"Shelled Parasite and Fungi","floor":22,"turns":2},{"damage":12,"enemies":"Slavers","floor":24,"turns":4},{"damage":0,"enemies":"Gremlin Leader","floor":27,"turns":4},{"damage":13,"enemies":"Book of Stabbing","floor":29,"turns":5},{"damage":10,"enemies":"Snake Plant","floor":31,"turns":3},{"damage":39,"enemies":"Automaton","floor":33,"turns":11},{"damage":12,"enemies":"Orb Walker","floor":35,"turns":3},{"damage":18,"enemies":"2 Orb Walkers","floor":37,"turns":3},{"damage":5,"enemies":"3 Shapes","floor":38,"turns":3},{"damage":81,"enemies":"Giant Head","floor":40,"turns":8}],"seed_played":"-4664691767165759470","potions_obtained":[{"floor":4,"key":"FocusPotion"},{"floor":10,"key":"Poison Potion"},{"floor":16,"key":"Dexterity Potion"},{"floor":20,"key":"PowerPotion"},{"floor":22,"key":"Fire Potion"},{"floor":27,"key":"GamblersBrew"},{"floor":31,"key":"Fire Potion"},{"floor":35,"key":"SteroidPotion"},{"floor":38,"key":"LiquidBronze"}],"is_trial":false,"path_per_floor":["M","?","$","M","M","R","M","R","T","M","?","R","E","M","R","B",null,"M","?","M","M","M","R","E","?","T","E","?","E","$","M","R","B",null,"M","?","?","M","$","E"],"character_chosen":"DEFECT","items_purchased":["Lantern","Toxic Egg 2","Pear","Turnip"],"campfire_rested":2,"item_purchase_floors":[30,39,39,39],"current_hp_per_floor":[64,64,64,63,63,63,58,58,58,57,57,57,57,57,57,39,63,57,57,64,64,50,71,66,66,66,71,71,65,65,55,71,39,63,58,58,51,57,67,0],"gold":5,"neow_bonus":"UPGRADE_CARD","is_prod":false,"is_daily":false,"chose_seed":false,"campfire_upgraded":4,"win_rate":0,"timestamp":1562072440,"path_taken":["M","?","$","M","?","R","?","R","T","M","?","R","E","M","R","BOSS","M","?","M","M","M","R","E","?","T","E","?","E","$","M","R","BOSS","M","?","?","M","$","E"],"build_version":"2019-07-01","purchased_purges":1,"victory":false,"max_hp_per_floor":[71,71,71,71,71,71,71,71,71,71,71,71,71,71,71,71,71,71,71,71,71,71,71,71,71,71,71,71,71,71,71,71,71,71,71,71,71,71,81,81],"card_choices":[{"not_picked":["Leap","Rebound"],"picked":"Ball Lightning","floor":1},{"not_picked":["Turbo","Gash"],"picked":"FTL","floor":4},{"not_picked":["Coolheaded","FTL"],"picked":"Chill","floor":5},{"not_picked":["Coolheaded","Streamline"],"picked":"Glacier","floor":7},{"not_picked":["Coolheaded","Cold Snap"],"picked":"Ball Lightning","floor":10},{"not_picked":["Leap","Gash"],"picked":"Hologram","floor":13},{"not_picked":["Doom and Gloom","Hologram"],"picked":"Tempest","floor":14},{"not_picked":["Rainbow","Machine Learning"],"picked":"Electrodynamics","floor":16},{"not_picked":["Heatsinks","Compile Driver"],"picked":"Self Repair","floor":18},{"not_picked":["Ball Lightning","Compile Driver","Gash"],"picked":"SKIP","floor":20},{"not_picked":["Undo","Hello World"],"picked":"Turbo","floor":21},{"not_picked":["Reinforced Body","Hologram","Sweeping Beam"],"picked":"SKIP","floor":22},{"not_picked":["Redo","Consume","Fusion"],"picked":"SKIP","floor":24},{"not_picked":["Rip and Tear","Compile Driver"],"picked":"Go for the Eyes","floor":27},{"not_picked":["Coolheaded","Amplify","Conserve Battery"],"picked":"SKIP","floor":29},{"not_picked":["Redo","Stack","Barrage"],"picked":"SKIP","floor":31},{"not_picked":["Biased Cognition","Multi-Cast"],"picked":"Machine Learning","floor":33},{"not_picked":["Steam+1","Compile Driver"],"picked":"Turbo+1","floor":35},{"not_picked":["Chrysalis","The Bomb"],"picked":"Bandage Up","floor":36},{"not_picked":["Compile Driver","Fusion"],"picked":"Leap+1","floor":38}],"player_experience":1140662,"relics_obtained":[{"floor":9,"key":"Orichalcum"},{"floor":13,"key":"Potion Belt"},{"floor":24,"key":"Centennial Puzzle"},{"floor":26,"key":"The Courier"},{"floor":27,"key":"DataDisk"},{"floor":29,"key":"Dream Catcher"},{"floor":37,"key":"Old Coin"}],"event_choices":[{"cards_removed":["Strike_B"],"damage_healed":0,"gold_gain":0,"player_choice":"Offered Basic","damage_taken":0,"max_hp_gain":0,"max_hp_loss":0,"event_name":"Bonfire Elementals","floor":2,"gold_loss":0},{"cards_removed":["Defend_B"],"damage_healed":0,"gold_gain":0,"player_choice":"Card Removal","damage_taken":0,"max_hp_gain":0,"max_hp_loss":0,"event_name":"The Cleric","floor":11,"gold_loss":75},{"cards_removed":["Strike_B"],"damage_healed":0,"gold_gain":0,"player_choice":"Gave Gold","damage_taken":0,"max_hp_gain":0,"max_hp_loss":0,"event_name":"Beggar","floor":19,"gold_loss":75},{"damage_healed":0,"gold_gain":0,"player_choice":"Read","damage_taken":0,"max_hp_gain":0,"max_hp_loss":0,"event_name":"The Library","floor":25,"gold_loss":0,"cards_obtained":["Defragment"]},{"damage_healed":0,"gold_gain":0,"player_choice":"Simplicity","damage_taken":0,"max_hp_gain":0,"max_hp_loss":0,"event_name":"Back to Basics","floor":28,"gold_loss":0,"cards_upgraded":["Strike_B","Defend_B","Defend_B","Defend_B"]},{"damage_healed":0,"gold_gain":0,"player_choice":"Memory 1","damage_taken":0,"max_hp_gain":0,"max_hp_loss":0,"event_name":"SensoryStone","floor":36,"gold_loss":0},{"damage_healed":0,"gold_gain":0,"player_choice":"Fight","damage_taken":0,"max_hp_gain":0,"max_hp_loss":0,"event_name":"Mysterious Sphere","floor":37,"gold_loss":0}],"is_beta":false,"boss_relics":[{"not_picked":["Runic Pyramid","Astrolabe"],"picked":"Fusion Hammer"},{"not_picked":["Inserter","Eternal Feather"],"picked":"Philosopher\u0027s Stone"}],"items_purged_floors":[3],"is_endless":false,"potions_floor_spawned":[4,10,16,20,22,27,31,35,38],"killed_by":"Giant Head","ascension_level":15}