{"gold_per_floor":[118,131,131,131,131,131,145,145,145,145,180,180,192,206,206,310,310,310,310,310,310,55,55,55,55,55,55,55,55,55,55],"floor_reached":31,"playtime":3053,"items_purged":[],"score":332,"play_id":"cd90bbe6-66d7-4394-80a5-637b5863ccea","local_time":"20190624111255","is_ascension_mode":true,"campfire_choices":[{"data":"Zap","floor":6.0,"key":"SMITH"},{"data":"Dualcast","floor":8.0,"key":"SMITH"},{"data":"Coolheaded","floor":10.0,"key":"SMITH"},{"floor":12.0,"key":"REST"},{"data":"Darkness","floor":15.0,"key":"SMITH"},{"floor":23.0,"key":"REST"},{"data":"Recycle","floor":27.0,"key":"SMITH"}],"neow_cost":"NONE","seed_source_timestamp":0,"circlet_count":0,"master_deck":["Strike_B","Defend_B","Defend_B","Defend_B","Defend_B","Zap+1","Dualcast+1","Melter","Coolheaded+1","Compile Driver","Darkness+1","BootSequence","Steam","Machine Learning","Recycle+1","Core Surge","Chill","Beam Cell","Loop+1","Capacitor+1","Self Repair","Go for the Eyes+1"],"special_seed":0,"relics":["Cracked Core","Dream Catcher","Cables","Happy Flower","Oddly Smooth Stone","Ectoplasm","Gambling Chip","Darkstone Periapt","Symbiotic Virus","Bronze Scales","Toxic Egg 2"],"potions_floor_usage":[31,31,31],"damage_taken":[{"damage":1.0,"enemies":"Cultist","floor":1.0,"turns":4.0},{"damage":2.0,"enemies":"Jaw Worm","floor":2.0,"turns":3.0},{"damage":0.0,"enemies":"Small Slimes","floor":7.0,"turns":2.0},{"damage":30.0,"enemies":"Lagavulin","floor":11.0,"turns":7.0},{"damage":0.0,"enemies":"Exordium Wildlife","floor":13.0,"turns":2.0},{"damage":0.0,"enemies":"2 Fungi Beasts","floor":14.0,"turns":2.0},{"damage":8.0,"enemies":"Slime Boss","floor":16.0,"turns":8.0},{"damage":1.0,"enemies":"Chosen","floor":18.0,"turns":3.0},{"damage":6.0,"enemies":"Colosseum Slavers","floor":20.0,"turns":4.0},{"damage":33.0,"enemies":"Colosseum Nobs","floor":20.0,"turns":4.0},{"damage":0.0,"enemies":"Spheric Guardian","floor":21.0,"turns":1.0},{"damage":7.0,"enemies":"Snake Plant","floor":24.0,"turns":2.0},{"damage":0.0,"enemies":"Centurion and Healer","floor":25.0,"turns":6.0},{"damage":21.0,"enemies":"Slavers","floor":29.0,"turns":8.0},{"damage":16,"enemies":"Shelled Parasite and Fungi","floor":30,"turns":4},{"damage":19,"enemies":"Snake Plant","floor":31,"turns":2}],"seed_played":"745543166133756783","potions_obtained":[{"floor":1.0,"key":"Dexterity Potion"},{"floor":11.0,"key":"Strength Potion"},{"floor":14.0,"key":"LiquidBronze"},{"floor":16.0,"key":"SkillPotion"},{"floor":21.0,"key":"LiquidBronze"},{"floor":24.0,"key":"Strength Potion"},{"floor":25.0,"key":"Weak Potion"},{"floor":30,"key":"Dexterity Potion"}],"is_trial":false,"path_per_floor":["M","M","?","T","?","R","M","R","T","R","E","R","M","M","R","B",null,"M","?","?","M","$","R","M","M","T","R","?","E","M","M"],"character_chosen":"DEFECT","items_purchased":["Symbiotic Virus"],"campfire_rested":2,"item_purchase_floors":[22],"current_hp_per_floor":[67,65,65,65,65,65,65,65,65,65,35,57,57,57,57,49,69,68,68,29,29,29,51,44,44,44,44,44,23,14,0],"gold":55,"neow_bonus":"RANDOM_COMMON_RELIC","is_prod":false,"is_daily":false,"chose_seed":false,"campfire_upgraded":5,"win_rate":0,"timestamp":1561389175,"path_taken":["M","M","?","?","?","R","M","R","T","R","E","R","M","M","R","BOSS","M","?","?","M","$","R","M","M","T","R","?","E","M","?"],"build_version":"2019-01-23","purchased_purges":0,"victory":false,"max_hp_per_floor":[75,75,75,75,75,75,75,75,75,75,75,75,75,75,75,75,75,75,75,75,75,75,75,75,75,75,75,75,75,75,75],"card_choices":[{"not_picked":["Steam","Barrage"],"picked":"Melter","floor":1.0},{"not_picked":["Cold Snap","Defragment"],"picked":"Coolheaded","floor":2.0},{"not_picked":["Leap","Stack","Storm"],"picked":"SKIP","floor":7.0},{"not_picked":["Leap","Core Surge"],"picked":"Compile Driver","floor":11.0},{"not_picked":["Reinforced Body","Consume"],"picked":"Darkness","floor":12.0},{"not_picked":["Coolheaded","Redo"],"picked":"BootSequence","floor":13.0},{"not_picked":["Rip and Tear","Cold Snap"],"picked":"Steam","floor":14.0},{"not_picked":["Biased Cognition","Multi-Cast"],"picked":"Machine Learning","floor":16.0},{"not_picked":["Stack","Sweeping Beam","Cold Snap"],"picked":"SKIP","floor":18.0},{"not_picked":["BootSequence+1","Go for the Eyes+1"],"picked":"Chill","floor":20.0},{"not_picked":["Streamline+1","Leap+1","Recycle+1"],"picked":"SKIP","floor":21.0},{"not_picked":["Rebound","Ball Lightning+1"],"picked":"Beam Cell","floor":23.0},{"not_picked":["Lockon","Gash+1"],"picked":"Loop+1","floor":24.0},{"not_picked":["Conserve Battery","Hello World"],"picked":"Capacitor+1","floor":25.0},{"not_picked":["Thunder Strike","Loop"],"picked":"Self Repair","floor":29},{"not_picked":["Reinforced Body+1","Stack+1"],"picked":"Go for the Eyes+1","floor":30}],"player_experience":401606,"relics_obtained":[{"floor":4.0,"key":"Cables"},{"floor":9.0,"key":"Happy Flower"},{"floor":11.0,"key":"Oddly Smooth Stone"},{"floor":20.0,"key":"Gambling Chip"},{"floor":20.0,"key":"Darkstone Periapt"},{"floor":26.0,"key":"Bronze Scales"},{"floor":29,"key":"Toxic Egg 2"}],"event_choices":[{"cards_removed":["Strike_B"],"damage_healed":0.0,"max_hp_gain":0.0,"max_hp_loss":0.0,"gold_gain":0.0,"event_name":"Living Wall","player_choice":"Forget","floor":3.0,"gold_loss":0.0,"damage_taken":0.0},{"damage_healed":0.0,"max_hp_gain":0.0,"max_hp_loss":0.0,"gold_gain":0.0,"event_name":"Shining Light","player_choice":"Ignored","floor":5.0,"gold_loss":0.0,"damage_taken":0.0},{"damage_healed":0.0,"max_hp_gain":0.0,"max_hp_loss":0.0,"gold_gain":0.0,"cards_transformed":["Strike_B","Strike_B"],"event_name":"Drug Dealer","player_choice":"Became Test Subject","floor":19.0,"gold_loss":0.0,"damage_taken":0.0,"cards_obtained":["Recycle","Core Surge"]},{"damage_healed":0.0,"max_hp_gain":0.0,"max_hp_loss":0.0,"gold_gain":0.0,"event_name":"Colosseum","player_choice":"Fight","floor":20.0,"gold_loss":0.0,"damage_taken":0.0},{"damage_healed":0.0,"max_hp_gain":0.0,"max_hp_loss":0.0,"gold_gain":0.0,"event_name":"Colosseum","player_choice":"Fought Nobs","floor":20.0,"gold_loss":0.0,"damage_taken":0.0},{"damage_healed":0.0,"max_hp_gain":0.0,"max_hp_loss":0.0,"gold_gain":0.0,"event_name":"Vampires","player_choice":"Ignored","floor":28.0,"gold_loss":0.0,"damage_taken":0.0}],"is_beta":false,"boss_relics":[{"not_picked":["Tiny House","Fusion Hammer"],"picked":"Ectoplasm"}],"items_purged_floors":[],"is_endless":false,"potions_floor_spawned":[1,11,14,16,21,24,25,29,30],"killed_by":"Snake Plant","ascension_level":6}