{"gold_per_floor":[116,191,191,191,205,205,240,252,264,312,343,369,424,63,63,63],"floor_reached":16,"playtime":791,"items_purged":[],"score":118,"play_id":"fdfdb68f-f2e4-4384-9873-bf061aa42709","local_time":"20190705091125","is_ascension_mode":false,"campfire_choices":[{"data":"Demon Form","floor":6,"key":"SMITH"},{"data":"Cleave","floor":8,"key":"SMITH"},{"data":"Anger","floor":15,"key":"SMITH"}],"neow_cost":"NONE","seed_source_timestamp":145663491690115,"circlet_count":0,"master_deck":["Strike_R","Strike_R","Strike_R","Strike_R","Strike_R","Defend_R","Defend_R","Defend_R","Bash","Cleave+1","Demon Form+1","Sword Boomerang","Anger+1","Sever Soul","Power Through+1","Double Tap+1","Heavy Blade"],"relics":["Burning Blood","Centennial Puzzle","Golden Idol","MawBank","Paper Frog","Toxic Egg 2","Self Forming Clay","Sling","Bag of Marbles"],"potions_floor_usage":[7,13],"damage_taken":[{"damage":0,"enemies":"Jaw Worm","floor":1,"turns":5},{"damage":2,"enemies":"2 Louse","floor":5,"turns":3},{"damage":36,"enemies":"3 Sentries","floor":7,"turns":5},{"damage":26,"enemies":"Lagavulin","floor":10,"turns":7},{"damage":0,"enemies":"Small Slimes","floor":11,"turns":2},{"damage":18,"enemies":"Gremlin Gang","floor":12,"turns":3},{"damage":25,"enemies":"3 Sentries","floor":13,"turns":7},{"damage":10,"enemies":"The Guardian","floor":16,"turns":4}],"seed_played":"1254211393863694736","potions_obtained":[{"floor":5,"key":"Regen Potion"},{"floor":12,"key":"BloodPotion"}],"is_trial":false,"path_per_floor":["M","?","?","?","M","R","E","R","T","E","M","M","E","$","R","B"],"character_chosen":"IRONCLAD","items_purchased":["Sling","Bag of Marbles","Heavy Blade"],"campfire_rested":0,"item_purchase_floors":[14,14,14],"current_hp_per_floor":[80,69,49,49,53,53,35,35,35,15,21,9,10,10,10,0],"gold":63,"neow_bonus":"RANDOM_COMMON_RELIC","is_prod":false,"is_daily":false,"chose_seed":false,"campfire_upgraded":3,"win_rate":0.0,"timestamp":1562281885,"path_taken":["M","?","?","?","M","R","E","R","T","E","M","?","E","?","R","BOSS"],"build_version":"2019-07-01","purchased_purges":0,"victory":false,"max_hp_per_floor":[80,80,80,80,80,80,80,80,80,80,80,80,80,80,80,80],"card_choices":[{"not_picked":["Headbutt","Heavy Blade"],"picked":"Cleave","floor":1},{"not_picked":["Body Slam","Perfected Strike"],"picked":"Demon Form","floor":5},{"not_picked":["Fire Breathing","Dropkick"],"picked":"Sword Boomerang","floor":7},{"not_picked":["Dropkick","Shrug It Off"],"picked":"Anger","floor":10},{"not_picked":["Uppercut","Reckless Charge"],"picked":"Sever Soul","floor":11},{"not_picked":["Pommel Strike","Sword Boomerang"],"picked":"Power Through+1","floor":12},{"not_picked":["Pommel Strike","Anger"],"picked":"Double Tap+1","floor":13}],"player_experience":30392,"relics_obtained":[{"floor":7,"key":"MawBank"},{"floor":9,"key":"Paper Frog"},{"floor":10,"key":"Toxic Egg 2"},{"floor":13,"key":"Self Forming Clay"}],"event_choices":[{"damage_healed":0,"gold_gain":75,"player_choice":"Gather Gold","damage_taken":11,"max_hp_gain":0,"max_hp_loss":0,"event_name":"World of Goop","floor":2,"gold_loss":0},{"damage_healed":0,"gold_gain":0,"player_choice":"Take Damage","damage_taken":20,"relics_obtained":["Golden Idol"],"max_hp_gain":0,"max_hp_loss":0,"event_name":"Golden Idol","floor":3,"gold_loss":0},{"cards_removed":["Defend_R"],"damage_healed":0,"gold_gain":0,"player_choice":"Purged","damage_taken":0,"max_hp_gain":0,"max_hp_loss":0,"event_name":"Purifier","floor":4,"gold_loss":0}],"is_beta":false,"boss_relics":[],"items_purged_floors":[],"is_endless":false,"potions_floor_spawned":[5,12],"killed_by":"The Guardian","ascension_level":0}