{"gold_per_floor":[111,121,135,135,135,135,160,203,203,203,203,203,52,67,67,161,161,152,152,176,197,45,45],"floor_reached":23,"playtime":1541,"items_purged":[],"score":315,"play_id":"2e50e0d3-1cdd-4c97-8102-4c327752f9e1","local_time":"20190629103256","is_ascension_mode":true,"campfire_choices":[{"data":"Zap","floor":6,"key":"SMITH"},{"data":"Dualcast","floor":10,"key":"SMITH"},{"data":"Defragment","floor":11,"key":"SMITH"},{"data":"Sweeping Beam","floor":15,"key":"SMITH"}],"neow_cost":"NONE","seed_source_timestamp":50065902517357,"circlet_count":0,"master_deck":["AscendersBane","Strike_B","Strike_B","Strike_B","Strike_B+1","Defend_B","Defend_B","Defend_B","Defend_B","Zap+1","Dualcast+1","Chill","Defragment+1","Sweeping Beam+1","BootSequence","White Noise","Coolheaded","Seek","Self Repair+1","Undo"],"relics":["Sozu","Golden Idol","Pear","WingedGreaves","Anchor","Philosopher\u0027s Stone","Happy Flower"],"potions_floor_usage":[],"damage_taken":[{"damage":3,"enemies":"Jaw Worm","floor":1,"turns":4},{"damage":0,"enemies":"Small Slimes","floor":2,"turns":4},{"damage":1,"enemies":"2 Louse","floor":3,"turns":3},{"damage":11,"enemies":"Exordium Thugs","floor":7,"turns":5},{"damage":41,"enemies":"Lagavulin","floor":8,"turns":8},{"damage":2,"enemies":"2 Fungi Beasts","floor":14,"turns":3},{"damage":42,"enemies":"Hexaghost","floor":16,"turns":13},{"damage":6,"enemies":"2 Thieves","floor":18,"turns":4},{"damage":1,"enemies":"Shell Parasite","floor":20,"turns":7},{"damage":0,"enemies":"Centurion and Healer","floor":21,"turns":9},{"damage":72,"enemies":"Book of Stabbing","floor":23,"turns":8}],"seed_played":"-7208418836031843516","potions_obtained":[],"is_trial":false,"path_per_floor":["M","M","M","?","?","R","M","E","T","R","R","?","$","M","R","B",null,"M","?","M","M","$","E"],"character_chosen":"DEFECT","items_purchased":["Anchor","Happy Flower"],"campfire_rested":0,"item_purchase_floors":[13,22],"current_hp_per_floor":[65,65,64,64,64,64,53,22,22,22,22,48,48,46,46,4,60,54,54,53,63,63,0],"gold":45,"neow_bonus":"BOSS_RELIC","is_prod":false,"is_daily":false,"chose_seed":false,"campfire_upgraded":4,"win_rate":0,"timestamp":1561775576,"path_taken":["M","M","M","?","?","R","M","E","T","R","R","?","$","M","R","BOSS","M","?","M","M","?","E"],"build_version":"2019-01-23","purchased_purges":0,"victory":false,"max_hp_per_floor":[75,75,75,69,69,69,69,79,79,79,79,79,79,79,79,79,79,79,79,79,79,79,79],"card_choices":[{"not_picked":["Beam Cell","Conserve Battery"],"picked":"Chill","floor":1},{"not_picked":["Recycle","Barrage"],"picked":"Defragment","floor":2},{"not_picked":["Hologram","Steam"],"picked":"Sweeping Beam","floor":3},{"not_picked":["Chaos","Cold Snap"],"picked":"BootSequence","floor":7},{"not_picked":["Streamline","Sweeping Beam"],"picked":"White Noise","floor":8},{"not_picked":["Rebound","Gash"],"picked":"Coolheaded","floor":14},{"not_picked":["Biased Cognition","Hyperbeam"],"picked":"Seek","floor":16},{"not_picked":["Turbo","Barrage","Hologram"],"picked":"SKIP","floor":18},{"not_picked":["White Noise","Ball Lightning"],"picked":"Self Repair+1","floor":20},{"not_picked":["Gash","Recycle"],"picked":"Undo","floor":21}],"player_experience":1103142,"relics_obtained":[{"floor":8,"key":"Pear"},{"floor":9,"key":"WingedGreaves"}],"event_choices":[{"damage_healed":0,"gold_gain":0,"player_choice":"Lose Max HP","damage_taken":0,"relics_obtained":["Golden Idol"],"max_hp_gain":0,"max_hp_loss":6,"event_name":"Golden Idol","floor":4,"gold_loss":0},{"damage_healed":0,"gold_gain":0,"player_choice":"Ignored","damage_taken":0,"max_hp_gain":0,"max_hp_loss":0,"event_name":"Liars Game","floor":5,"gold_loss":0},{"damage_healed":26,"gold_gain":0,"player_choice":"Banana","damage_taken":0,"max_hp_gain":0,"max_hp_loss":0,"event_name":"Big Fish","floor":12,"gold_loss":0},{"damage_healed":0,"gold_gain":0,"player_choice":"Upgraded","damage_taken":0,"max_hp_gain":0,"max_hp_loss":0,"event_name":"Upgrade Shrine","floor":19,"gold_loss":0,"cards_upgraded":["Strike_B"]}],"is_beta":false,"boss_relics":[{"not_picked":["Coffee Dripper","Pandora\u0027s Box"],"picked":"Philosopher\u0027s Stone"}],"items_purged_floors":[],"is_endless":false,"potions_floor_spawned":[1,7,8,21],"killed_by":"Book of Stabbing","ascension_level":13}