{"gold_per_floor":[10,22,22,40,50,85,96,96,174,188,188,188,206,206,206,310,360,374,289,289,303,314,314,332,332,332,352,364,210,220,120,120,223,223,237,237,60,0,16,16,33,33,58,84,113,136,148,178,190,202],"floor_reached":51,"playtime":10044,"items_purged":["Strike_B","Strike_B","Defend_B"],"score":607,"play_id":"896ed001-cf23-4b22-a6a1-e0b6221e9621","local_time":"20190612034707","is_ascension_mode":false,"campfire_choices":[{"data":"Redo","floor":8,"key":"SMITH"},{"data":"Zap","floor":12,"key":"SMITH"},{"data":"Scrape","floor":15,"key":"SMITH"},{"data":"Dualcast","floor":23,"key":"SMITH"},{"data":"Coolheaded","floor":25,"key":"SMITH"},{"floor":32,"key":"REST"},{"data":"Seek","floor":40,"key":"SMITH"},{"data":"Reboot","floor":47,"key":"SMITH"},{"data":"Reprogram","floor":49,"key":"SMITH"}],"neow_cost":"NO_GOLD","seed_source_timestamp":0,"circlet_count":0,"master_deck":["Defend_B","Defend_B","Zap+1","Dualcast+1","Redo+1","Conserve Battery","Scrape+1","Gash","Steam+1","Sunder","Gash","All For One","Coolheaded+1","Reboot+1","Hologram+1","BootSequence","Go for the Eyes+1","Stack+1","Reprogram+1","Gash+1","Seek+1","Rip and Tear","Beam Cell"],"special_seed":0,"relics":["Cracked Core","Vajra","Mummified Hand","Gambling Chip","Tiny House","Juzu Bracelet","Bronze Scales","Lizard Tail","Red Mask","MawBank"],"potions_floor_usage":[6,16,35,35,50,50,50],"damage_taken":[{"damage":0.0,"enemies":"Small Slimes","floor":1.0,"turns":5.0},{"damage":1.0,"enemies":"Cultist","floor":2.0,"turns":4.0},{"damage":0,"enemies":"Jaw Worm","floor":4,"turns":3},{"damage":0,"enemies":"Blue Slaver","floor":5,"turns":2},{"damage":21,"enemies":"3 Sentries","floor":6,"turns":9},{"damage":4,"enemies":"Looter","floor":7,"turns":3},{"damage":0,"enemies":"Exordium Wildlife","floor":10,"turns":3},{"damage":2,"enemies":"2 Fungi Beasts","floor":13,"turns":3},{"damage":8,"enemies":"Slime Boss","floor":16,"turns":7},{"damage":12,"enemies":"2 Thieves","floor":18,"turns":3},{"damage":17,"enemies":"Shell Parasite","floor":21,"turns":5},{"damage":17,"enemies":"Centurion and Healer","floor":22,"turns":6},{"damage":0,"enemies":"Snecko","floor":24,"turns":4},{"damage":0,"enemies":"Snake Plant","floor":27,"turns":4},{"damage":0,"enemies":"Centurion and Healer","floor":28,"turns":4},{"damage":6,"enemies":"Snecko","floor":30,"turns":3},{"damage":12,"enemies":"Champ","floor":33,"turns":7},{"damage":0,"enemies":"3 Darklings","floor":35,"turns":4},{"damage":0,"enemies":"Orb Walker","floor":39,"turns":2},{"damage":0,"enemies":"3 Darklings","floor":41,"turns":4},{"damage":0,"enemies":"Transient","floor":44,"turns":5},{"damage":0,"enemies":"4 Shapes","floor":45,"turns":2},{"damage":0,"enemies":"Maw","floor":46,"turns":3},{"damage":0,"enemies":"3 Darklings","floor":48,"turns":3},{"damage":47,"enemies":"Time Eater","floor":50,"turns":9}],"seed_played":"8933745999126987692","potions_obtained":[{"floor":2,"key":"Block Potion"},{"floor":3,"key":"Ancient Potion"},{"floor":3,"key":"FocusPotion"},{"floor":7,"key":"FairyPotion"},{"floor":13,"key":"SkillPotion"},{"floor":17,"key":"SneckoOil"},{"floor":24,"key":"Dexterity Potion"},{"floor":27,"key":"Fire Potion"},{"floor":30,"key":"Explosive Potion"},{"floor":39,"key":"SkillPotion"},{"floor":44,"key":"SteroidPotion"}],"is_trial":false,"path_per_floor":["M","M","?","M","M","E","M","R","T","M","?","R","M","?","R","B",null,"M","?","?","M","M","R","M","R","T","M","M","$","M","$","R","B",null,"M","?","$","?","M","R","M","?","T","M","M","M","R","M","R","B",null],"character_chosen":"DEFECT","items_purchased":["Reprogram","PowerPotion"],"campfire_rested":1,"item_purchase_floors":[29,37],"current_hp_per_floor":[75,74,74,74,74,53,49,49,49,49,49,49,47,40,40,32,80,68,68,68,51,34,34,34,34,34,34,34,34,28,28,52,40,80,80,80,80,80,80,80,80,80,80,80,80,80,80,80,80,33],"gold":214,"neow_bonus":"REMOVE_TWO","is_prod":false,"is_daily":false,"chose_seed":false,"campfire_upgraded":8,"win_rate":0.0,"timestamp":1560325627,"path_taken":["M","M","?","?","M","E","M","R","T","M","?","R","M","?","R","BOSS","M","?","?","M","M","R","M","R","T","M","M","?","M","$","R","BOSS","M","?","$","?","M","R","M","?","T","M","M","M","R","M","R","BOSS"],"build_version":"2019-01-23","purchased_purges":3,"victory":true,"max_hp_per_floor":[75,75,75,75,75,75,75,75,75,75,75,75,75,75,75,75,80,80,80,80,80,80,80,80,80,80,80,80,80,80,80,80,80,80,80,80,80,80,80,80,80,80,80,80,80,80,80,80,80,80],"card_choices":[{"not_picked":["Static Discharge","Doom and Gloom"],"picked":"Redo","floor":1.0},{"not_picked":["Compile Driver","Redo"],"picked":"Conserve Battery","floor":2},{"not_picked":["Doom and Gloom","Cold Snap"],"picked":"Scrape","floor":4},{"not_picked":["Coolheaded","Storm"],"picked":"Gash","floor":5},{"not_picked":["Sweeping Beam","Cold Snap"],"picked":"Steam","floor":6},{"not_picked":["Melter","Biased Cognition"],"picked":"Sunder","floor":7},{"not_picked":["Cold Snap","Streamline","Tempest"],"picked":"SKIP","floor":10},{"not_picked":["Leap","Redo"],"picked":"Gash","floor":13},{"not_picked":["Echo Form","Thunder Strike"],"picked":"All For One","floor":16},{"not_picked":["Rebound","Cold Snap+1"],"picked":"Coolheaded","floor":18},{"not_picked":["Barrage+1","Rebound"],"picked":"Reboot","floor":21},{"not_picked":["White Noise+1","Redo"],"picked":"Hologram+1","floor":22},{"not_picked":["Cold Snap","FTL"],"picked":"BootSequence","floor":24},{"not_picked":["Streamline","Loop"],"picked":"Go for the Eyes+1","floor":27},{"not_picked":["Sweeping Beam","Ball Lightning"],"picked":"Stack+1","floor":28},{"not_picked":["Leap","Fusion"],"picked":"Gash+1","floor":30},{"not_picked":["Multi-Cast","Reboot"],"picked":"Seek","floor":33},{"not_picked":["Ball Lightning+1","Sweeping Beam+1","FTL"],"picked":"SKIP","floor":35},{"not_picked":["Go for the Eyes+1","FTL","Streamline+1"],"picked":"SKIP","floor":39},{"not_picked":["Compile Driver","Conserve Battery","Streamline+1"],"picked":"SKIP","floor":41},{"not_picked":["Hologram","Compile Driver","Redo+1"],"picked":"SKIP","floor":44},{"not_picked":["Scrape","Cold Snap"],"picked":"Beam Cell","floor":45},{"not_picked":["Fusion+1","Hello World+1","Auto Shields+1"],"picked":"SKIP","floor":46},{"not_picked":["Steam","Multi-Cast","Coolheaded+1"],"picked":"SKIP","floor":48}],"player_experience":298587,"relics_obtained":[{"floor":6,"key":"Vajra"},{"floor":9,"key":"Mummified Hand"},{"floor":26,"key":"Bronze Scales"},{"floor":43,"key":"MawBank"}],"event_choices":[{"damage_healed":0,"gold_gain":0,"player_choice":"Got Potions","damage_taken":0,"max_hp_gain":0,"max_hp_loss":0,"event_name":"Lab","floor":3,"gold_loss":0},{"damage_healed":0,"gold_gain":0,"player_choice":"Ignored","damage_taken":0,"max_hp_gain":0,"max_hp_loss":0,"event_name":"Shining Light","floor":11,"gold_loss":0},{"damage_healed":0,"gold_gain":0,"player_choice":"Success","damage_taken":7,"relics_obtained":["Gambling Chip"],"max_hp_gain":0,"max_hp_loss":0,"event_name":"Scrap Ooze","floor":14,"gold_loss":0},{"damage_healed":0,"gold_gain":0,"player_choice":"Obtained Relic","damage_taken":0,"relics_obtained":["Juzu Bracelet"],"max_hp_gain":0,"max_hp_loss":0,"event_name":"Addict","floor":19,"gold_loss":85},{"damage_healed":0,"gold_gain":0,"player_choice":"Ignored","damage_taken":0,"max_hp_gain":0,"max_hp_loss":0,"event_name":"Ghosts","floor":20,"gold_loss":0},{"damage_healed":0,"gold_gain":0,"player_choice":"Ignored","damage_taken":0,"max_hp_gain":0,"max_hp_loss":0,"event_name":"Mysterious Sphere","floor":36,"gold_loss":0},{"damage_healed":0,"gold_gain":0,"player_choice":"Paid","damage_taken":0,"relics_obtained":["Red Mask"],"max_hp_gain":0,"max_hp_loss":0,"event_name":"Tomb of Lord Red Mask","floor":38,"gold_loss":60},{"damage_healed":0,"gold_gain":0,"cards_transformed":["Defend_B"],"player_choice":"Transformed","damage_taken":0,"max_hp_gain":0,"max_hp_loss":0,"event_name":"Transmorgrifier","floor":42,"gold_loss":0,"cards_obtained":["Rip and Tear"]}],"is_beta":false,"boss_relics":[{"not_picked":["Velvet Choker","Busted Crown"],"picked":"Tiny House"},{"not_picked":["Orrery","Astrolabe"],"picked":"Lizard Tail"}],"items_purged_floors":[29,31,37],"is_endless":false,"potions_floor_spawned":[2,7,13,24,27,30,39,44,46],"ascension_level":0}