{"gold_per_floor":[119,136,1,21,32,61,74,74,97,97,115,115,115,69,69,171,171,187,207,219,235,246,246,258,258],"floor_reached":25,"playtime":2041,"items_purged":[],"score":209,"play_id":"934e7952-ee08-40ad-bae5-1f8c25bd9753","local_time":"20190630083105","is_ascension_mode":false,"campfire_choices":[{"floor":13,"key":"REST"},{"floor":15,"key":"REST"},{"floor":23,"key":"REST"}],"neow_cost":"CURSE","seed_source_timestamp":669144675631592,"circlet_count":0,"master_deck":["Strike_R","Strike_R","Strike_R","Strike_R","Strike_R","Defend_R+1","Defend_R","Defend_R","Defend_R","Bash+1","Body Slam","Rupture","Juggernaut+1","Infernal Blade","Warcry","Iron Wave","Anger","Dark Embrace","Armaments","Feed","Blood for Blood","Pummel","Body Slam","Entrench","Sentinel+1","Entrench"],"relics":["Burning Blood","Shovel","Pocketwatch","Anchor","Velvet Choker"],"potions_floor_usage":[11,16,16,21,22,25],"damage_taken":[{"damage":0,"enemies":"Small Slimes","floor":1,"turns":3},{"damage":10,"enemies":"2 Louse","floor":2,"turns":3},{"damage":0,"enemies":"Cultist","floor":4,"turns":4},{"damage":24,"enemies":"3 Louse","floor":5,"turns":5},{"damage":39,"enemies":"3 Sentries","floor":6,"turns":9},{"damage":11,"enemies":"Gremlin Gang","floor":7,"turns":7},{"damage":0,"enemies":"2 Fungi Beasts","floor":11,"turns":2},{"damage":56,"enemies":"The Guardian","floor":16,"turns":11},{"damage":14,"enemies":"Spheric Guardian","floor":18,"turns":4},{"damage":17,"enemies":"3 Byrds","floor":19,"turns":4},{"damage":27,"enemies":"Shelled Parasite and Fungi","floor":20,"turns":6},{"damage":24,"enemies":"Cultist and Chosen","floor":21,"turns":6},{"damage":14,"enemies":"Snake Plant","floor":22,"turns":4},{"damage":35,"enemies":"Centurion and Healer","floor":24,"turns":8},{"damage":12,"enemies":"Shelled Parasite and Fungi","floor":25,"turns":3}],"seed_played":"-3342326051711232404","potions_obtained":[{"floor":5,"key":"SpeedPotion"},{"floor":7,"key":"Ancient Potion"},{"floor":11,"key":"Swift Potion"},{"floor":18,"key":"GamblersBrew"},{"floor":20,"key":"Weak Potion"},{"floor":24,"key":"Weak Potion"}],"is_trial":false,"path_per_floor":["M","M","$","M","M","E","M","?","T","?","M","?","R","$","R","B",null,"M","M","M","M","M","R","M","M"],"character_chosen":"IRONCLAD","items_purchased":["Juggernaut","Armaments"],"campfire_rested":3,"item_purchase_floors":[3,14],"current_hp_per_floor":[80,76,76,80,62,29,24,8,8,8,14,14,37,37,60,10,77,69,61,40,25,17,41,12,0],"gold":258,"neow_bonus":"ONE_RARE_RELIC","is_prod":false,"is_daily":false,"chose_seed":false,"campfire_upgraded":0,"win_rate":0.0,"timestamp":1561908665,"path_taken":["M","M","$","M","M","E","M","?","T","?","?","?","R","$","R","BOSS","M","?","M","M","M","R","M","M"],"build_version":"2019-01-23","purchased_purges":0,"victory":false,"max_hp_per_floor":[80,80,80,80,80,80,80,80,80,80,80,77,77,77,77,77,77,77,80,80,83,83,83,83,83],"card_choices":[{"not_picked":["Havoc","Perfected Strike"],"picked":"Body Slam","floor":1},{"not_picked":["Intimidate","Warcry"],"picked":"Rupture","floor":2},{"not_picked":["Hemokinesis","Pommel Strike"],"picked":"Infernal Blade","floor":4},{"not_picked":["Hemokinesis","Havoc"],"picked":"Warcry","floor":5},{"not_picked":["Inflame","Evolve"],"picked":"Iron Wave","floor":6},{"not_picked":["Burning Pact","Dual Wield"],"picked":"Anger","floor":7},{"not_picked":["Anger","Thunderclap"],"picked":"Dark Embrace","floor":11},{"not_picked":["Limit Break","Demon Form"],"picked":"Feed","floor":16},{"not_picked":["Heavy Blade+1","Twin Strike+1"],"picked":"Blood for Blood","floor":18},{"not_picked":["Shockwave","Uppercut+1"],"picked":"Pummel","floor":19},{"not_picked":["Rampage","Twin Strike"],"picked":"Body Slam","floor":20},{"not_picked":["Sword Boomerang","Infernal Blade"],"picked":"Entrench","floor":21},{"not_picked":["Twin Strike","Pommel Strike"],"picked":"Sentinel+1","floor":22},{"not_picked":["Thunderclap","Cleave"],"picked":"Entrench","floor":24}],"player_experience":39757,"relics_obtained":[{"floor":6,"key":"Pocketwatch"},{"floor":9,"key":"Anchor"}],"event_choices":[{"damage_healed":0,"gold_gain":0,"player_choice":"Entered Light","damage_taken":16,"max_hp_gain":0,"max_hp_loss":0,"event_name":"Shining Light","floor":8,"gold_loss":0,"cards_upgraded":["Bash","Defend_R"]},{"damage_healed":0,"gold_gain":0,"player_choice":"Forge","damage_taken":0,"max_hp_gain":0,"max_hp_loss":0,"event_name":"Accursed Blacksmith","floor":10,"gold_loss":0,"cards_upgraded":["Juggernaut"]},{"cards_removed":["Parasite"],"damage_healed":0,"gold_gain":0,"player_choice":"Purged","damage_taken":0,"max_hp_gain":0,"max_hp_loss":0,"event_name":"Purifier","floor":12,"gold_loss":0}],"is_beta":false,"boss_relics":[{"not_picked":["Astrolabe","Philosopher\u0027s Stone"],"picked":"Velvet Choker"}],"items_purged_floors":[],"is_endless":false,"potions_floor_spawned":[5,7,11,18,20,24],"killed_by":"Shelled Parasite and Fungi","ascension_level":0}