{"gold_per_floor":[113,113,113,123,123,157,174,174,174,174,186,186,17,34,34,34],"floor_reached":16,"playtime":400,"items_purged":[],"score":231,"play_id":"92ecf25c-daa9-4b1e-8dd5-9db25a075dbc","local_time":"20190705124639","is_ascension_mode":true,"campfire_choices":[{"data":"Dualcast","floor":8,"key":"SMITH"},{"data":"Loop","floor":10,"key":"SMITH"},{"floor":15,"key":"REST"}],"neow_cost":"NONE","seed_source_timestamp":523756540005632,"circlet_count":0,"master_deck":["AscendersBane","Strike_B+1","Strike_B","Strike_B","Defend_B","Defend_B","Defend_B","Defend_B","Zap+1","Dualcast+1","Go for the Eyes+1","Hologram","Loop+1","Genetic Algorithm","Double Energy","Creative AI","Cold Snap"],"relics":["Cracked Core","NeowsBlessing","Singing Bowl","Gambling Chip","Bottled Tornado","Whetstone"],"potions_floor_usage":[],"damage_taken":[{"damage":0,"enemies":"2 Louse","floor":1,"turns":1},{"damage":0,"enemies":"Jaw Worm","floor":4,"turns":1},{"damage":0,"enemies":"Gremlin Nob","floor":6,"turns":1},{"damage":1,"enemies":"Cultist","floor":7,"turns":3},{"damage":12,"enemies":"Large Slime","floor":11,"turns":5},{"damage":24,"enemies":"Gremlin Gang","floor":14,"turns":4},{"damage":39,"enemies":"Slime Boss","floor":16,"turns":9}],"seed_played":"875894741361995571","potions_obtained":[{"floor":1,"key":"SteroidPotion"}],"is_trial":false,"path_per_floor":["M","?","?","M","?","E","M","R","T","R","M","?","$","M","R","B"],"character_chosen":"DEFECT","items_purchased":["Whetstone"],"campfire_rested":1,"item_purchase_floors":[13],"current_hp_per_floor":[64,69,69,69,51,51,50,50,50,50,38,38,38,14,36,0],"gold":34,"neow_bonus":"THREE_ENEMY_KILL","is_prod":false,"is_daily":false,"chose_seed":false,"campfire_upgraded":2,"win_rate":0,"timestamp":1562301999,"path_taken":["M","?","?","?","?","E","M","R","T","R","M","?","$","?","R","BOSS"],"build_version":"2019-07-01","purchased_purges":0,"victory":false,"max_hp_per_floor":[71,76,76,76,76,76,76,76,76,76,76,76,76,76,76,76],"card_choices":[{"not_picked":["Recycle","Stack"],"picked":"Go for the Eyes","floor":1},{"not_picked":["Leap","Redo"],"picked":"Hologram","floor":4},{"not_picked":["Blizzard","Leap"],"picked":"Loop","floor":6},{"not_picked":["Aggregate","Hologram"],"picked":"Genetic Algorithm","floor":7},{"not_picked":["Beam Cell","Coolheaded"],"picked":"Double Energy","floor":11},{"not_picked":["Barrage","Force Field"],"picked":"Cold Snap","floor":14}],"player_experience":1184073,"relics_obtained":[{"floor":6,"key":"Gambling Chip"},{"floor":9,"key":"Bottled Tornado"}],"event_choices":[{"damage_healed":0,"gold_gain":0,"player_choice":"Donut","damage_taken":0,"max_hp_gain":5,"max_hp_loss":0,"event_name":"Big Fish","floor":2,"gold_loss":0},{"damage_healed":0,"gold_gain":0,"player_choice":"Forge","damage_taken":0,"max_hp_gain":0,"max_hp_loss":0,"event_name":"Accursed Blacksmith","floor":3,"gold_loss":0,"cards_upgraded":["Zap"]},{"damage_healed":0,"gold_gain":0,"player_choice":"Success","damage_taken":18,"relics_obtained":["Singing Bowl"],"max_hp_gain":0,"max_hp_loss":0,"event_name":"Scrap Ooze","floor":5,"gold_loss":0},{"damage_healed":0,"gold_gain":0,"cards_transformed":["Strike_B"],"player_choice":"Transformed","damage_taken":0,"max_hp_gain":0,"max_hp_loss":0,"event_name":"Transmorgrifier","floor":12,"gold_loss":0,"cards_obtained":["Creative AI"]}],"is_beta":false,"boss_relics":[],"items_purged_floors":[],"is_endless":false,"potions_floor_spawned":[1],"killed_by":"Slime Boss","ascension_level":17}