{"gold_per_floor":[117,117,131,149,159,191,191,216,216,216],"floor_reached":10,"playtime":1706,"items_purged":[],"score":133,"play_id":"30e74bbd-9553-4737-9a20-2701fc92ba63","local_time":"20190525112905","is_ascension_mode":true,"campfire_choices":[],"neow_cost":"TEN_PERCENT_HP_LOSS","seed_source_timestamp":209195880170300,"circlet_count":0,"master_deck":["AscendersBane","Strike_B","Strike_B","Strike_B","Strike_B","Defend_B","Defend_B","Defend_B","Defend_B","Zap","Dualcast","Go for the Eyes","Gash","Gash","Turbo","Sweeping Beam+1","Reinforced Body"],"special_seed":0,"relics":["Cracked Core","Gambling Chip","Sundial","Ornamental Fan","Ginger"],"potions_floor_usage":[10,10],"damage_taken":[{"damage":0.0,"enemies":"Cultist","floor":1.0,"turns":4.0},{"damage":9.0,"enemies":"Small Slimes","floor":3.0,"turns":4.0},{"damage":0.0,"enemies":"2 Louse","floor":4.0,"turns":2.0},{"damage":13.0,"enemies":"Blue Slaver","floor":5.0,"turns":3.0},{"damage":21.0,"enemies":"Gremlin Nob","floor":6.0,"turns":4.0},{"damage":10.0,"enemies":"Lagavulin","floor":8.0,"turns":5.0},{"damage":15,"enemies":"3 Sentries","floor":10,"turns":4}],"seed_played":"-8019130333510761887","potions_obtained":[{"floor":4.0,"key":"LiquidBronze"},{"floor":6.0,"key":"FearPotion"}],"is_trial":false,"path_per_floor":["M","$","M","M","M","E","?","E","T","E"],"character_chosen":"DEFECT","items_purchased":[],"campfire_rested":0,"item_purchase_floors":[],"current_hp_per_floor":[64,64,55,55,42,21,21,11,11,0],"gold":216,"neow_bonus":"ONE_RARE_RELIC","is_prod":false,"is_daily":false,"chose_seed":false,"campfire_upgraded":0,"win_rate":0,"timestamp":1558776545,"path_taken":["M","?","M","M","?","E","?","E","T","E"],"build_version":"2019-01-23","purchased_purges":0,"victory":false,"max_hp_per_floor":[64,64,64,64,64,64,64,64,64,64],"card_choices":[{"not_picked":["Ball Lightning","Hologram"],"picked":"Go for the Eyes","floor":1.0},{"not_picked":["Hologram","Scrape"],"picked":"Gash","floor":3.0},{"not_picked":["Force Field","Meteor Strike"],"picked":"Gash","floor":4.0},{"not_picked":["Compile Driver","Hello World"],"picked":"Turbo","floor":5.0},{"not_picked":["Hologram","Go for the Eyes"],"picked":"Sweeping Beam","floor":6.0},{"not_picked":["Recycle","Blizzard"],"picked":"Reinforced Body","floor":8.0}],"player_experience":794612,"relics_obtained":[{"floor":6.0,"key":"Sundial"},{"floor":8.0,"key":"Ornamental Fan"},{"floor":9.0,"key":"Ginger"}],"event_choices":[{"damage_healed":0.0,"max_hp_gain":0.0,"max_hp_loss":0.0,"gold_gain":0.0,"event_name":"Living Wall","player_choice":"Grow","floor":7.0,"gold_loss":0.0,"damage_taken":0.0,"cards_upgraded":["Sweeping Beam"]}],"is_beta":false,"boss_relics":[],"items_purged_floors":[],"is_endless":false,"potions_floor_spawned":[4,6],"killed_by":"3 Sentries","ascension_level":14}