{"gold_per_floor":[110,130,145,163,178,178,194,194,239,239,3,3,22,33,33,131,131,147,72,91,111,111,111,111],"floor_reached":24,"playtime":3979,"items_purged":["Strike_B"],"score":230,"play_id":"f09d14d8-5b21-43ed-8fe2-2fdb8871c389","local_time":"20190619211439","is_ascension_mode":true,"campfire_choices":[{"data":"Zap","floor":6.0,"key":"SMITH"},{"data":"Dualcast","floor":8.0,"key":"SMITH"},{"data":"Redo","floor":10.0,"key":"SMITH"},{"data":"Coolheaded","floor":15.0,"key":"SMITH"},{"floor":23,"key":"REST"}],"neow_cost":"NONE","seed_source_timestamp":0,"circlet_count":0,"master_deck":["Strike_B","Strike_B","Defend_B","Defend_B","Defend_B","Defend_B","Zap+1","Dualcast+1","Conserve Battery","Beam Cell","Turbo","Coolheaded+1","Redo+1","Glacier","Cold Snap","Hologram+1","Reboot"],"special_seed":0,"relics":["Cracked Core","NeowsBlessing","Juzu Bracelet","Membership Card","Inserter"],"potions_floor_usage":[],"damage_taken":[{"damage":0.0,"enemies":"Small Slimes","floor":1.0,"turns":1.0},{"damage":0.0,"enemies":"Cultist","floor":2.0,"turns":1.0},{"damage":0.0,"enemies":"2 Louse","floor":3.0,"turns":1.0},{"damage":4.0,"enemies":"Blue Slaver","floor":4.0,"turns":4.0},{"damage":11.0,"enemies":"Exordium Thugs","floor":5.0,"turns":5.0},{"damage":4.0,"enemies":"Looter","floor":7.0,"turns":3.0},{"damage":0.0,"enemies":"3 Louse","floor":13.0,"turns":3.0},{"damage":0.0,"enemies":"Exordium Wildlife","floor":14.0,"turns":5.0},{"damage":55.0,"enemies":"Slime Boss","floor":16.0,"turns":21.0},{"damage":5,"enemies":"Spheric Guardian","floor":18,"turns":5},{"damage":26,"enemies":"2 Thieves","floor":19,"turns":5},{"damage":12,"enemies":"Chosen and Byrds","floor":20,"turns":10},{"damage":28,"enemies":"Cultist and Chosen","floor":21,"turns":12},{"damage":27,"enemies":"Book of Stabbing","floor":24,"turns":5}],"seed_played":"6175220984411424338","potions_obtained":[{"floor":2.0,"key":"LiquidBronze"},{"floor":7.0,"key":"AttackPotion"},{"floor":13.0,"key":"FocusPotion"},{"floor":18,"key":"Dexterity Potion"}],"is_trial":false,"path_per_floor":["M","M","M","M","M","R","M","R","T","R","$","?","M","M","R","B",null,"M","M","M","M","?","R","E"],"character_chosen":"DEFECT","items_purchased":["Membership Card"],"campfire_rested":1,"item_purchase_floors":[11],"current_hp_per_floor":[75,75,75,71,60,60,56,56,56,56,56,56,56,56,56,1,75,70,44,32,4,4,26,0],"gold":111,"neow_bonus":"THREE_ENEMY_KILL","is_prod":false,"is_daily":false,"chose_seed":false,"campfire_upgraded":4,"win_rate":0,"timestamp":1560993279,"path_taken":["M","M","M","M","M","R","M","R","T","R","$","?","M","M","R","BOSS","M","M","M","M","?","R","E"],"build_version":"2019-01-23","purchased_purges":1,"victory":false,"max_hp_per_floor":[75,75,75,75,75,75,75,75,75,75,75,75,75,75,75,75,75,75,75,75,75,75,75,75],"card_choices":[{"not_picked":["Ball Lightning","Static Discharge"],"picked":"Conserve Battery","floor":1.0},{"not_picked":["Sweeping Beam","Doom and Gloom","Rip and Tear"],"picked":"SKIP","floor":2.0},{"not_picked":["Conserve Battery","Barrage"],"picked":"Beam Cell","floor":3.0},{"not_picked":["Cold Snap","Ball Lightning"],"picked":"Turbo","floor":4.0},{"not_picked":["Darkness","Hologram"],"picked":"Coolheaded","floor":5.0},{"not_picked":["Beam Cell","Machine Learning"],"picked":"Redo","floor":7.0},{"not_picked":["Beam Cell","Undo"],"picked":"Glacier","floor":13.0},{"not_picked":["Steam","Reinforced Body"],"picked":"Cold Snap","floor":14.0},{"not_picked":["Redo","Reprogram+1"],"picked":"Hologram+1","floor":18},{"not_picked":["Steam","Gash"],"picked":"Reboot","floor":19},{"not_picked":["Hello World","Auto Shields","Conserve Battery"],"picked":"SKIP","floor":20},{"not_picked":["Redo","Heatsinks","Rip and Tear"],"picked":"SKIP","floor":21}],"player_experience":370210,"relics_obtained":[{"floor":9.0,"key":"Juzu Bracelet"}],"event_choices":[{"cards_removed":["Strike_B"],"damage_healed":0.0,"max_hp_gain":0.0,"max_hp_loss":0.0,"gold_gain":0.0,"event_name":"Wheel of Change","player_choice":"Card Removal","floor":12.0,"gold_loss":0.0,"damage_taken":0.0},{"damage_healed":0,"gold_gain":0,"player_choice":"Ignored","damage_taken":0,"max_hp_gain":0,"max_hp_loss":0,"event_name":"Cursed Tome","floor":22,"gold_loss":0}],"is_beta":false,"boss_relics":[{"not_picked":["Runic Dome","Orrery"],"picked":"Inserter"}],"items_purged_floors":[11],"is_endless":false,"potions_floor_spawned":[2,7,13,14,18],"killed_by":"Book of Stabbing","ascension_level":4}