{"gold_per_floor":[113,113,113,129,147,209,209,224,296,315,315,315,328,172,172,273,273,285,285,301,314,330,330,342,267,316,316,327,337,370,389,389,488,488,505,515,515,515,415,415,415,415,496,516,516,516,529,56,56,56],"floor_reached":51,"playtime":8618,"items_purged":["Strike_B","Storm","Static Discharge+1"],"score":833,"play_id":"a921e2e2-3fac-45c6-b9c0-fc2641cd7783","local_time":"20190623104949","is_ascension_mode":true,"campfire_choices":[{"data":"Zap","floor":7.0,"key":"SMITH"},{"data":"Dualcast","floor":12.0,"key":"SMITH"},{"data":"Chaos","floor":15.0,"key":"SMITH"},{"data":"Coolheaded","floor":23.0,"key":"SMITH"},{"data":"Turbo","floor":27.0,"key":"SMITH"},{"data":"Seek","floor":32.0,"key":"SMITH"},{"data":"Chaos","floor":40,"key":"SMITH"},{"data":"Coolheaded","floor":42,"key":"SMITH"},{"data":"Defragment","floor":49,"key":"SMITH"}],"neow_cost":"NONE","seed_source_timestamp":0,"circlet_count":0,"master_deck":["Zap+1","Dualcast+1","Coolheaded+1","Coolheaded+1","Beam Cell","Turbo+1","Chaos+1","Seek+1","Seek","FTL","Chaos+1","Turbo","Capacitor","BootSequence+1","Hologram","Chill","Machine Learning","Compile Driver","Impatience","Defragment+1","Flash of Steel"],"special_seed":0,"relics":["Cracked Core","Art of War","Thread and Needle","Tiny Chest","Singing Bowl","Pandora\u0027s Box","DataDisk","Centennial Puzzle","Dream Catcher","Sozu","Darkstone Periapt","OrangePellets"],"potions_floor_usage":[],"damage_taken":[{"damage":0.0,"enemies":"2 Louse","floor":1.0,"turns":1.0},{"damage":0.0,"enemies":"Jaw Worm","floor":4.0,"turns":4.0},{"damage":4.0,"enemies":"Small Slimes","floor":5.0,"turns":3.0},{"damage":13.0,"enemies":"Lagavulin","floor":6.0,"turns":9.0},{"damage":4.0,"enemies":"Exordium Thugs","floor":8.0,"turns":4.0},{"damage":0.0,"enemies":"Blue Slaver","floor":10.0,"turns":3.0},{"damage":2.0,"enemies":"Looter","floor":13.0,"turns":3.0},{"damage":42.0,"enemies":"Hexaghost","floor":16.0,"turns":13.0},{"damage":16.0,"enemies":"Chosen","floor":18.0,"turns":6.0},{"damage":16.0,"enemies":"2 Thieves","floor":20.0,"turns":3.0},{"damage":2.0,"enemies":"3 Cultists","floor":21.0,"turns":3.0},{"damage":7.0,"enemies":"Centurion and Healer","floor":22.0,"turns":7.0},{"damage":9.0,"enemies":"Cultist and Chosen","floor":24.0,"turns":5.0},{"damage":1.0,"enemies":"Snake Plant","floor":28.0,"turns":3.0},{"damage":5.0,"enemies":"Chosen and Byrds","floor":29.0,"turns":5.0},{"damage":21.0,"enemies":"Book of Stabbing","floor":30.0,"turns":5.0},{"damage":0.0,"enemies":"Centurion and Healer","floor":31.0,"turns":4.0},{"damage":20.0,"enemies":"Champ","floor":33.0,"turns":8.0},{"damage":0,"enemies":"Orb Walker","floor":35,"turns":4},{"damage":0,"enemies":"3 Shapes","floor":36,"turns":5},{"damage":0,"enemies":"Jaw Worm Horde","floor":44,"turns":3},{"damage":0,"enemies":"3 Darklings","floor":47,"turns":3},{"damage":3,"enemies":"Awakened One","floor":50,"turns":7}],"seed_played":"-2355447615386629209","potions_obtained":[{"floor":4.0,"key":"EntropicBrew"},{"floor":6.0,"key":"Swift Potion"},{"floor":8.0,"key":"Weak Potion"},{"floor":11.0,"key":"Block Potion"},{"floor":13.0,"key":"Energy Potion"},{"floor":16.0,"key":"Block Potion"},{"floor":22.0,"key":"AttackPotion"},{"floor":24.0,"key":"Block Potion"},{"floor":29.0,"key":"Strength Potion"},{"floor":30.0,"key":"SkillPotion"},{"floor":31.0,"key":"FocusPotion"}],"is_trial":false,"path_per_floor":["M","?","?","M","M","E","R","M","T","M","?","R","M","$","R","B",null,"M","?","M","M","M","R","M","?","T","R","M","M","E","M","R","B",null,"M","M","?","?","$","R","?","R","T","M","?","?","M","$","R","B",null],"character_chosen":"DEFECT","items_purchased":["Chaos","Defragment","Flash of Steel","OrangePellets"],"campfire_rested":0,"item_purchase_floors":[14,48,48,48],"current_hp_per_floor":[75,68,65,65,61,48,48,44,44,46,46,46,44,44,44,9,60,51,51,42,49,51,51,49,49,49,49,55,57,43,50,50,46,74,83,87,84,84,84,84,84,84,84,86,86,86,88,88,88,85],"gold":56,"neow_bonus":"RANDOM_COMMON_RELIC","is_prod":false,"is_daily":false,"chose_seed":false,"campfire_upgraded":9,"win_rate":0,"timestamp":1561301389,"path_taken":["M","?","?","M","M","E","R","?","T","M","?","R","M","?","R","BOSS","M","?","M","M","M","R","M","?","T","R","?","M","E","?","R","BOSS","M","M","?","?","$","R","?","R","T","?","?","?","M","$","R","BOSS"],"build_version":"2019-01-23","purchased_purges":3,"victory":true,"max_hp_per_floor":[75,75,75,75,75,75,75,75,75,77,77,77,77,77,77,77,77,77,77,77,79,81,81,81,81,81,81,81,81,81,81,81,83,83,85,87,89,89,89,89,89,89,89,91,86,86,88,88,88,88],"card_choices":[{"not_picked":["Beam Cell","Leap"],"picked":"Coolheaded","floor":1.0},{"not_picked":["Go for the Eyes","Darkness"],"picked":"Coolheaded","floor":4.0},{"not_picked":["Double Energy","Stack"],"picked":"Beam Cell","floor":5.0},{"not_picked":["Auto Shields","Consume","Fission"],"picked":"SKIP","floor":6.0},{"not_picked":["Coolheaded","Gash"],"picked":"Turbo","floor":8.0},{"not_picked":["Melter","Redo","FTL"],"picked":"Singing Bowl","floor":10.0},{"not_picked":["Scrape","Coolheaded"],"picked":"Self Repair","floor":13.0},{"not_picked":["Rainbow","Multi-Cast"],"picked":"Seek","floor":16.0},{"not_picked":["Leap","Storm+1"],"picked":"Capacitor","floor":18.0},{"not_picked":["Stack+1","Gash+1"],"picked":"Static Discharge+1","floor":20.0},{"not_picked":["Gash","Redo","Coolheaded"],"picked":"Singing Bowl","floor":21.0},{"not_picked":["Hello World","Rebound","Scrape+1"],"picked":"Singing Bowl","floor":22.0},{"not_picked":["Ball Lightning","Stack"],"picked":"BootSequence+1","floor":24.0},{"not_picked":["Conserve Battery","Doom and Gloom"],"picked":"Hologram","floor":28.0},{"not_picked":["Turbo","Ball Lightning"],"picked":"Chill","floor":29.0},{"not_picked":["Redo","Multi-Cast"],"picked":"Machine Learning","floor":30.0},{"not_picked":["Rebound","White Noise"],"picked":"Compile Driver","floor":31.0},{"not_picked":["Buffer","Hyperbeam","Creative AI"],"picked":"Singing Bowl","floor":33.0},{"not_picked":["Barrage","Tempest","Leap"],"picked":"Singing Bowl","floor":35},{"not_picked":["Turbo+1","Compile Driver","Reinforced Body+1"],"picked":"Singing Bowl","floor":36},{"not_picked":["Purity","Metamorphosis","Good Instincts"],"picked":"Singing Bowl","floor":37},{"not_picked":["PanicButton","Jack Of All Trades"],"picked":"Impatience","floor":37},{"not_picked":["Sunder","Redo","Sweeping Beam"],"picked":"Singing Bowl","floor":44},{"not_picked":["White Noise","Cold Snap","Compile Driver+1"],"picked":"Singing Bowl","floor":47}],"player_experience":389596,"relics_obtained":[{"floor":6.0,"key":"Tiny Chest"},{"floor":9.0,"key":"Singing Bowl"},{"floor":26.0,"key":"Centennial Puzzle"},{"floor":30.0,"key":"Dream Catcher"},{"floor":43,"key":"Darkstone Periapt"}],"event_choices":[{"cards_removed":["Strike_B"],"damage_healed":0.0,"max_hp_gain":0.0,"max_hp_loss":0.0,"gold_gain":0.0,"event_name":"Golden Wing","player_choice":"Card Removal","floor":2.0,"gold_loss":0.0,"damage_taken":7.0},{"damage_healed":0.0,"max_hp_gain":0.0,"max_hp_loss":0.0,"gold_gain":0.0,"event_name":"Scrap Ooze","player_choice":"Success","floor":3.0,"gold_loss":0.0,"damage_taken":3.0,"relics_obtained":["Thread and Needle"]},{"damage_healed":0.0,"max_hp_gain":0.0,"max_hp_loss":0.0,"gold_gain":0.0,"event_name":"Lab","player_choice":"Got Potions","floor":11.0,"gold_loss":0.0,"damage_taken":0.0},{"damage_healed":0.0,"max_hp_gain":0.0,"max_hp_loss":0.0,"gold_gain":0.0,"event_name":"The Mausoleum","player_choice":"Opened","floor":19.0,"gold_loss":0.0,"damage_taken":0.0,"relics_obtained":["DataDisk"]},{"cards_removed":["Sweeping Beam"],"damage_healed":0.0,"max_hp_gain":0.0,"max_hp_loss":0.0,"gold_gain":0.0,"event_name":"Beggar","player_choice":"Gave Gold","floor":25.0,"gold_loss":75.0,"damage_taken":0.0},{"damage_healed":0,"gold_gain":0,"player_choice":"Memory 2","damage_taken":5,"max_hp_gain":0,"max_hp_loss":0,"event_name":"SensoryStone","floor":37,"gold_loss":0},{"cards_removed":["Self Repair"],"damage_healed":0,"gold_gain":0,"player_choice":"Removed Power","damage_taken":0,"max_hp_gain":0,"max_hp_loss":0,"event_name":"Falling","floor":38,"gold_loss":0},{"damage_healed":0,"gold_gain":0,"player_choice":"Ignored","damage_taken":0,"max_hp_gain":0,"max_hp_loss":0,"event_name":"Tomb of Lord Red Mask","floor":41,"gold_loss":0},{"damage_healed":0,"gold_gain":0,"player_choice":"Max HP","damage_taken":0,"max_hp_gain":0,"max_hp_loss":5,"event_name":"Winding Halls","floor":45,"gold_loss":0},{"damage_healed":0,"gold_gain":0,"player_choice":"Ignored","damage_taken":0,"max_hp_gain":0,"max_hp_loss":0,"event_name":"Mysterious Sphere","floor":46,"gold_loss":0}],"is_beta":false,"boss_relics":[{"not_picked":["Eternal Feather","Busted Crown"],"picked":"Pandora\u0027s Box"},{"not_picked":["Runic Pyramid","Orrery"],"picked":"Sozu"}],"items_purged_floors":[14,39,48],"is_endless":false,"potions_floor_spawned":[4,6,8,13,16,22,24,29,30,31,47],"ascension_level":5}