{"gold_per_floor":[110,124,124,124,208,239,262,305,332,332,366,381,381],"floor_reached":13,"playtime":398,"items_purged":[],"score":212,"play_id":"4a3de206-97bf-4557-88d5-01af9eec6303","local_time":"20190705110203","is_ascension_mode":true,"campfire_choices":[{"data":"Zap","floor":10,"key":"SMITH"}],"neow_cost":"NONE","seed_source_timestamp":517482176006931,"circlet_count":0,"master_deck":["AscendersBane","Strike_B","Strike_B","Strike_B","Strike_B","Defend_B+1","Defend_B","Defend_B+1","Defend_B","Zap+1","Dualcast","Rebound","Go for the Eyes","Chaos","Steam","Hologram","Chill","Steam"],"relics":["Cracked Core","NeowsBlessing","Golden Idol","Tiny Chest","Dream Catcher","Nunchaku","Oddly Smooth Stone","Odd Mushroom"],"potions_floor_usage":[8,12,13],"damage_taken":[{"damage":0,"enemies":"Jaw Worm","floor":1,"turns":1},{"damage":0,"enemies":"2 Louse","floor":2,"turns":1},{"damage":0,"enemies":"Gremlin Nob","floor":6,"turns":1},{"damage":0,"enemies":"Small Slimes","floor":7,"turns":3},{"damage":24,"enemies":"3 Sentries","floor":8,"turns":7},{"damage":17,"enemies":"The Mushroom Lair","floor":11,"turns":5},{"damage":0,"enemies":"3 Louse","floor":12,"turns":4},{"damage":4,"enemies":"Blue Slaver","floor":13,"turns":1}],"seed_played":"3663700898445029318","potions_obtained":[{"floor":7,"key":"LiquidBronze"},{"floor":8,"key":"SteroidPotion"},{"floor":12,"key":"Fire Potion"}],"is_trial":false,"path_per_floor":["M","M","?","?","T","E","M","E","T","R","?","M","M"],"character_chosen":"DEFECT","items_purchased":[],"campfire_rested":0,"item_purchase_floors":[],"current_hp_per_floor":[64,64,43,43,43,43,43,19,19,19,2,2,0],"gold":381,"neow_bonus":"THREE_ENEMY_KILL","is_prod":false,"is_daily":false,"chose_seed":false,"campfire_upgraded":1,"win_rate":0,"timestamp":1562295723,"path_taken":["M","M","?","?","?","E","M","E","T","R","?","M","M"],"build_version":"2019-07-01","purchased_purges":0,"victory":false,"max_hp_per_floor":[71,71,71,64,64,64,64,64,64,64,64,64,64],"card_choices":[{"not_picked":["Redo","Compile Driver"],"picked":"Rebound","floor":1},{"not_picked":["Turbo","Redo"],"picked":"Go for the Eyes","floor":2},{"not_picked":["Steam Power","Thunder Strike"],"picked":"Chaos","floor":6},{"not_picked":["Leap","Rebound"],"picked":"Steam","floor":7},{"not_picked":["Multi-Cast","Streamline"],"picked":"Hologram","floor":8},{"not_picked":["Barrage","Cold Snap"],"picked":"Chill","floor":11},{"not_picked":["Streamline","Gash"],"picked":"Steam","floor":12}],"player_experience":1177945,"relics_obtained":[{"floor":5,"key":"Tiny Chest"},{"floor":6,"key":"Dream Catcher"},{"floor":8,"key":"Nunchaku"},{"floor":9,"key":"Oddly Smooth Stone"},{"floor":11,"key":"Odd Mushroom"}],"event_choices":[{"damage_healed":0,"gold_gain":0,"player_choice":"Entered Light","damage_taken":21,"max_hp_gain":0,"max_hp_loss":0,"event_name":"Shining Light","floor":3,"gold_loss":0,"cards_upgraded":["Defend_B","Defend_B"]},{"damage_healed":0,"gold_gain":0,"player_choice":"Lose Max HP","damage_taken":0,"relics_obtained":["Golden Idol"],"max_hp_gain":0,"max_hp_loss":7,"event_name":"Golden Idol","floor":4,"gold_loss":0},{"damage_healed":0,"gold_gain":0,"player_choice":"Fought Mushrooms","damage_taken":0,"max_hp_gain":0,"max_hp_loss":0,"event_name":"Mushrooms","floor":11,"gold_loss":0}],"is_beta":false,"boss_relics":[],"items_purged_floors":[],"is_endless":false,"potions_floor_spawned":[7,8,12],"killed_by":"Blue Slaver","ascension_level":16}