{"gold_per_floor":[119,135,135,135,153,183,183,216,239,251,251,279,38,38,38,115,115,129,179,194,54,54,54,71,71,95,105,121,156,156,156,156,156],"floor_reached":33,"playtime":1196,"items_purged":["Strike_B","Strike_B"],"score":516,"play_id":"282c5b81-3e8f-4404-9b22-fe17ef20e6f0","local_time":"20190703205452","is_ascension_mode":true,"campfire_choices":[{"data":"Dualcast","floor":7,"key":"SMITH"},{"data":"Defragment","floor":11,"key":"SMITH"},{"floor":15,"key":"REST"},{"data":"Beam Cell","floor":23,"key":"SMITH"},{"floor":30,"key":"REST"},{"data":"Glacier","floor":32,"key":"SMITH"}],"neow_cost":"NONE","seed_source_timestamp":379443281520603,"circlet_count":0,"master_deck":["AscendersBane","Strike_B","Defend_B","Defend_B","Defend_B+1","Defend_B","Zap+1","Dualcast+1","Ball Lightning","Ball Lightning","Defragment+1","Ball Lightning","Multi-Cast","Beam Cell+1","White Noise","Glacier+1","Double Energy","Rainbow","Reinforced Body","Glacier","Self Repair","Ball Lightning","Self Repair"],"relics":["Cracked Core","NeowsBlessing","War Paint","Potion Belt","Happy Flower","Anchor","Odd Mushroom","Busted Crown","Ancient Tea Set","DataDisk","MutagenicStrength"],"potions_floor_usage":[6,16,16,24,29],"damage_taken":[{"damage":0,"enemies":"Small Slimes","floor":1,"turns":1},{"damage":0,"enemies":"2 Louse","floor":2,"turns":1},{"damage":0,"enemies":"Jaw Worm","floor":5,"turns":1},{"damage":25,"enemies":"Lagavulin","floor":6,"turns":4},{"damage":8,"enemies":"Gremlin Nob","floor":8,"turns":3},{"damage":0,"enemies":"3 Louse","floor":10,"turns":2},{"damage":15,"enemies":"The Mushroom Lair","floor":12,"turns":3},{"damage":1,"enemies":"The Guardian","floor":16,"turns":9},{"damage":2,"enemies":"Chosen","floor":18,"turns":2},{"damage":34,"enemies":"2 Thieves","floor":20,"turns":4},{"damage":0,"enemies":"Sentry and Sphere","floor":24,"turns":3},{"damage":17,"enemies":"Cultist and Chosen","floor":27,"turns":7},{"damage":16,"enemies":"Chosen and Byrds","floor":28,"turns":8},{"damage":13,"enemies":"Book of Stabbing","floor":29,"turns":5},{"damage":45,"enemies":"Collector","floor":33,"turns":11}],"seed_played":"6086370937018573384","potions_obtained":[{"floor":5,"key":"EssenceOfSteel"},{"floor":8,"key":"SkillPotion"},{"floor":12,"key":"SkillPotion"},{"floor":18,"key":"SpeedPotion"},{"floor":28,"key":"FocusPotion"}],"is_trial":false,"path_per_floor":["M","M","?","?","M","E","R","E","T","M","R","?","$","?","R","B",null,"M","?","M","$","?","R","M","$","T","M","M","E","R","?","R","B"],"character_chosen":"DEFECT","items_purchased":["Glacier","Double Energy","Self Repair"],"campfire_rested":2,"item_purchase_floors":[13,13,21],"current_hp_per_floor":[64,64,59,64,64,39,39,31,31,31,31,16,16,16,38,37,66,64,64,30,30,30,30,30,30,30,20,18,19,41,41,41,0],"gold":156,"neow_bonus":"THREE_ENEMY_KILL","is_prod":false,"is_daily":false,"chose_seed":false,"campfire_upgraded":4,"win_rate":0,"timestamp":1562158492,"path_taken":["M","M","?","?","M","E","R","E","T","M","R","?","$","?","R","BOSS","M","?","M","$","?","R","?","?","T","M","M","E","R","?","R","BOSS"],"build_version":"2019-07-01","purchased_purges":2,"victory":false,"max_hp_per_floor":[71,71,71,76,76,76,76,76,76,76,76,76,76,76,76,76,76,76,76,76,76,76,76,76,76,76,76,76,76,76,76,76,76],"card_choices":[{"not_picked":["Beam Cell","Storm"],"picked":"Ball Lightning","floor":1},{"not_picked":["Sweeping Beam","Reinforced Body"],"picked":"Ball Lightning","floor":2},{"not_picked":["FTL","Force Field"],"picked":"Defragment","floor":5},{"not_picked":["Darkness","Compile Driver"],"picked":"Ball Lightning","floor":6},{"not_picked":["Compile Driver","Conserve Battery"],"picked":"Multi-Cast","floor":8},{"not_picked":["Steam Power","Blizzard"],"picked":"Beam Cell","floor":10},{"not_picked":["Compile Driver","Beam Cell"],"picked":"White Noise","floor":12},{"not_picked":["Fission","Core Surge"],"picked":"Rainbow","floor":16},{"not_picked":[],"picked":"Reinforced Body","floor":18},{"not_picked":[],"picked":"Glacier","floor":20},{"not_picked":[],"picked":"Ball Lightning","floor":24},{"not_picked":[],"picked":"Self Repair","floor":27},{"not_picked":["Steam"],"picked":"SKIP","floor":28},{"not_picked":["BootSequence"],"picked":"SKIP","floor":29}],"player_experience":1162074,"relics_obtained":[{"floor":6,"key":"Potion Belt"},{"floor":8,"key":"Happy Flower"},{"floor":9,"key":"Anchor"},{"floor":12,"key":"Odd Mushroom"},{"floor":26,"key":"Ancient Tea Set"},{"floor":29,"key":"DataDisk"}],"event_choices":[{"damage_healed":0,"gold_gain":0,"player_choice":"Success","damage_taken":5,"relics_obtained":["War Paint"],"max_hp_gain":0,"max_hp_loss":0,"event_name":"Scrap Ooze","floor":3,"gold_loss":0},{"damage_healed":0,"gold_gain":0,"player_choice":"Donut","damage_taken":0,"max_hp_gain":5,"max_hp_loss":0,"event_name":"Big Fish","floor":4,"gold_loss":0},{"damage_healed":0,"gold_gain":0,"player_choice":"Fought Mushrooms","damage_taken":0,"max_hp_gain":0,"max_hp_loss":0,"event_name":"Mushrooms","floor":12,"gold_loss":0},{"damage_healed":0,"gold_gain":0,"player_choice":"Ignored","damage_taken":0,"max_hp_gain":0,"max_hp_loss":0,"event_name":"Shining Light","floor":14,"gold_loss":0},{"damage_healed":0,"gold_gain":50,"player_choice":"Stole From Cult","damage_taken":0,"max_hp_gain":0,"max_hp_loss":0,"event_name":"Nest","floor":19,"gold_loss":0},{"cards_removed":["Strike_B"],"damage_healed":0,"gold_gain":0,"player_choice":"Purged","damage_taken":0,"max_hp_gain":0,"max_hp_loss":0,"event_name":"Purifier","floor":22,"gold_loss":0},{"damage_healed":0,"gold_gain":0,"player_choice":"Inject Mutagens","damage_taken":0,"relics_obtained":["MutagenicStrength"],"max_hp_gain":0,"max_hp_loss":0,"event_name":"Drug Dealer","floor":31,"gold_loss":0}],"is_beta":false,"boss_relics":[{"not_picked":["Inserter","White Beast Statue"],"picked":"Busted Crown"}],"items_purged_floors":[13,21],"is_endless":false,"potions_floor_spawned":[5,8,12,18,28],"killed_by":"Collector","ascension_level":16}