{"gold_per_floor":[110,124,143,154,154,154,234,234,234,39,13,27,48,88,88,187,187,202,222,16,16,16],"floor_reached":22,"playtime":2288,"items_purged":[],"score":316,"play_id":"a363a95f-9c55-4aea-93db-f877b52ece40","local_time":"20190527210652","is_ascension_mode":true,"campfire_choices":[{"data":"Hyperbeam","floor":6.0,"key":"SMITH"},{"data":"Genetic Algorithm","floor":8.0,"key":"SMITH"},{"data":"Go for the Eyes","floor":15.0,"key":"SMITH"}],"neow_cost":"NONE","seed_source_timestamp":416137737709900,"circlet_count":0,"master_deck":["AscendersBane","Strike_B","Strike_B","Strike_B","Defend_B","Defend_B","Defend_B","Zap","Dualcast","Genetic Algorithm+1","Sweeping Beam","Ball Lightning","Hyperbeam+1","Conserve Battery","Conserve Battery","FTL","Go for the Eyes+1","Core Surge","Fusion","Self Repair"],"special_seed":0,"relics":["Cracked Core","Golden Idol","Mummified Hand","Runic Capacitor","Pear","Empty Cage","Sling","Matryoshka"],"potions_floor_usage":[],"damage_taken":[{"damage":18.0,"enemies":"Jaw Worm","floor":1.0,"turns":4.0},{"damage":0.0,"enemies":"2 Louse","floor":2.0,"turns":3.0},{"damage":0.0,"enemies":"Small Slimes","floor":3.0,"turns":3.0},{"damage":6.0,"enemies":"Blue Slaver","floor":4.0,"turns":4.0},{"damage":0.0,"enemies":"3 Louse","floor":12.0,"turns":3.0},{"damage":1.0,"enemies":"Exordium Wildlife","floor":13.0,"turns":4.0},{"damage":27.0,"enemies":"Gremlin Nob","floor":14.0,"turns":5.0},{"damage":18.0,"enemies":"Hexaghost","floor":16.0,"turns":9.0},{"damage":4.0,"enemies":"Spheric Guardian","floor":18.0,"turns":5.0},{"damage":39.0,"enemies":"3 Byrds","floor":19.0,"turns":6.0},{"damage":27,"enemies":"Centurion and Healer","floor":22,"turns":2}],"seed_played":"8545433964835336048","potions_obtained":[{"floor":1.0,"key":"FocusPotion"},{"floor":4.0,"key":"GamblersBrew"},{"floor":13.0,"key":"Regen Potion"}],"is_trial":false,"path_per_floor":["M","M","M","M","?","R","?","R","T","$","$","M","M","E","R","B",null,"M","M","$","?","M"],"character_chosen":"DEFECT","items_purchased":["Runic Capacitor","Conserve Battery","Sling"],"campfire_rested":0,"item_purchase_floors":[10,11,20],"current_hp_per_floor":[53,53,53,47,47,47,47,47,47,47,47,47,46,43,43,25,68,64,25,25,25,0],"gold":16,"neow_bonus":"TEN_PERCENT_HP_BONUS","is_prod":false,"is_daily":false,"chose_seed":false,"campfire_upgraded":3,"win_rate":0,"timestamp":1558984012,"path_taken":["M","M","M","M","?","R","?","R","T","?","$","M","?","E","R","BOSS","M","M","$","?","M"],"build_version":"2019-01-23","purchased_purges":0,"victory":false,"max_hp_per_floor":[78,78,78,78,72,72,72,72,72,72,72,72,72,82,82,82,82,82,82,82,82,82],"card_choices":[{"not_picked":["Redo","Ball Lightning"],"picked":"Genetic Algorithm","floor":1.0},{"not_picked":["Glacier","Turbo"],"picked":"Sweeping Beam","floor":2.0},{"not_picked":["Blizzard","Barrage"],"picked":"Ball Lightning","floor":3.0},{"not_picked":["Steam","Hologram"],"picked":"Hyperbeam","floor":4.0},{"not_picked":["Auto Shields","Beam Cell"],"picked":"Conserve Battery","floor":12.0},{"not_picked":["Sweeping Beam","Ball Lightning"],"picked":"FTL","floor":13.0},{"not_picked":["Fission","Ball Lightning"],"picked":"Go for the Eyes","floor":14.0},{"not_picked":["Seek","Hyperbeam"],"picked":"Core Surge","floor":16.0},{"not_picked":["Turbo+1","Barrage"],"picked":"Fusion","floor":18.0},{"not_picked":["Conserve Battery","BootSequence"],"picked":"Self Repair","floor":19.0}],"player_experience":796318,"relics_obtained":[{"floor":9.0,"key":"Mummified Hand"},{"floor":14.0,"key":"Pear"}],"event_choices":[{"damage_healed":0.0,"max_hp_gain":0.0,"max_hp_loss":6.0,"gold_gain":0.0,"event_name":"Golden Idol","player_choice":"Lose Max HP","floor":5.0,"gold_loss":0.0,"damage_taken":0.0,"relics_obtained":["Golden Idol"]},{"damage_healed":0.0,"max_hp_gain":0.0,"max_hp_loss":0.0,"gold_gain":80.0,"event_name":"Golden Wing","player_choice":"Gained Gold","floor":7.0,"gold_loss":0.0,"damage_taken":0.0},{"damage_healed":0.0,"max_hp_gain":0.0,"max_hp_loss":0.0,"gold_gain":0.0,"event_name":"The Mausoleum","player_choice":"Opened","floor":21.0,"gold_loss":0.0,"damage_taken":0.0,"relics_obtained":["Matryoshka"]}],"is_beta":false,"boss_relics":[{"not_picked":["Sozu","Orrery"],"picked":"Empty Cage"}],"items_purged_floors":[],"is_endless":false,"potions_floor_spawned":[1,4,13],"killed_by":"Centurion and Healer","ascension_level":14}