{"gold_per_floor":[115,115,115,135,158,158,196,214,267,288,288,213,213,254,254,352,352,373,398,398,398,416,416],"floor_reached":23,"playtime":1680,"items_purged":[],"score":362,"play_id":"11a5fbb7-aae6-4459-8df1-83eb6ca21057","local_time":"20190705082015","is_ascension_mode":true,"campfire_choices":[{"data":"Zap","floor":6,"key":"SMITH"},{"data":"Dualcast","floor":13,"key":"SMITH"},{"data":"Seek","floor":15,"key":"SMITH"}],"neow_cost":"NONE","seed_source_timestamp":506481405570149,"circlet_count":0,"master_deck":["AscendersBane","Strike_B","Strike_B+1","Strike_B+1","Defend_B","Defend_B","Defend_B","Defend_B","Zap+1","Dualcast+1","Cold Snap","Glacier","Chill","Genetic Algorithm","Seek+1","Melter","Reboot","Turbo","Beam Cell+1","Necronomicurse","Self Repair"],"relics":["Cracked Core","Happy Flower","Golden Idol","Mummified Hand","Juzu Bracelet","Art of War","Cursed Key","Unceasing Top","Necronomicon"],"potions_floor_usage":[14,14,22],"damage_taken":[{"damage":2,"enemies":"Jaw Worm","floor":1,"turns":4},{"damage":0,"enemies":"2 Louse","floor":4,"turns":2},{"damage":0,"enemies":"Small Slimes","floor":5,"turns":3},{"damage":1,"enemies":"3 Sentries","floor":7,"turns":8},{"damage":0,"enemies":"2 Fungi Beasts","floor":8,"turns":4},{"damage":0,"enemies":"3 Louse","floor":10,"turns":4},{"damage":6,"enemies":"Lagavulin","floor":14,"turns":5},{"damage":45,"enemies":"Slime Boss","floor":16,"turns":18},{"damage":1,"enemies":"Chosen","floor":18,"turns":4},{"damage":0,"enemies":"Shell Parasite","floor":19,"turns":5},{"damage":13,"enemies":"3 Cultists","floor":22,"turns":7},{"damage":17,"enemies":"Book of Stabbing","floor":23,"turns":1}],"seed_played":"-8483920770677785824","potions_obtained":[{"floor":4,"key":"Strength Potion"},{"floor":5,"key":"GamblersBrew"},{"floor":18,"key":"EssenceOfSteel"},{"floor":19,"key":"EssenceOfSteel"}],"is_trial":false,"path_per_floor":["M","?","?","M","M","R","E","M","T","M","?","?","R","E","R","B",null,"M","M","?","?","M","E"],"character_chosen":"DEFECT","items_purchased":[],"campfire_rested":0,"item_purchase_floors":[],"current_hp_per_floor":[62,41,41,41,41,41,40,40,40,40,61,61,61,55,55,10,51,50,50,50,29,16,0],"gold":416,"neow_bonus":"RANDOM_COMMON_RELIC","is_prod":false,"is_daily":false,"chose_seed":false,"campfire_upgraded":3,"win_rate":0,"timestamp":1562286015,"path_taken":["M","?","?","M","M","R","E","M","T","M","?","?","R","E","R","BOSS","M","M","?","?","M","E"],"build_version":"2019-07-01","purchased_purges":0,"victory":false,"max_hp_per_floor":[71,71,64,64,64,64,64,64,64,64,64,64,64,64,64,64,64,64,64,64,64,64,64],"card_choices":[{"not_picked":["Go for the Eyes","Double Energy"],"picked":"Cold Snap","floor":1},{"not_picked":["Rebound","Sweeping Beam"],"picked":"Glacier","floor":4},{"not_picked":["Doom and Gloom","Beam Cell"],"picked":"Chill","floor":5},{"not_picked":["Undo","Ball Lightning"],"picked":"Genetic Algorithm","floor":7},{"not_picked":["Sweeping Beam","Cold Snap"],"picked":"Seek","floor":8},{"not_picked":["Gash","Sunder"],"picked":"Melter","floor":10},{"not_picked":["Sunder","Stack","Steam Power"],"picked":"SKIP","floor":14},{"not_picked":["Core Surge","Buffer"],"picked":"Reboot","floor":16},{"not_picked":["Conserve Battery","Lockon"],"picked":"Turbo","floor":18},{"not_picked":["Conserve Battery+1","Sweeping Beam"],"picked":"Beam Cell+1","floor":19},{"not_picked":["Undo","Hologram"],"picked":"Self Repair","floor":22}],"player_experience":1171905,"relics_obtained":[{"floor":7,"key":"Mummified Hand"},{"floor":9,"key":"Juzu Bracelet"},{"floor":14,"key":"Art of War"},{"floor":21,"key":"Necronomicon"}],"event_choices":[{"damage_healed":0,"gold_gain":0,"player_choice":"Entered Light","damage_taken":21,"max_hp_gain":0,"max_hp_loss":0,"event_name":"Shining Light","floor":2,"gold_loss":0,"cards_upgraded":["Strike_B","Strike_B"]},{"damage_healed":0,"gold_gain":0,"player_choice":"Lose Max HP","damage_taken":0,"relics_obtained":["Golden Idol"],"max_hp_gain":0,"max_hp_loss":7,"event_name":"Golden Idol","floor":3,"gold_loss":0},{"damage_healed":21,"gold_gain":0,"player_choice":"Banana","damage_taken":0,"max_hp_gain":0,"max_hp_loss":0,"event_name":"Big Fish","floor":11,"gold_loss":0},{"cards_removed":["Strike_B"],"damage_healed":0,"gold_gain":0,"player_choice":"Card Removal","damage_taken":0,"max_hp_gain":0,"max_hp_loss":0,"event_name":"The Cleric","floor":12,"gold_loss":75},{"damage_healed":0,"gold_gain":0,"player_choice":"Gave Potion","damage_taken":0,"relics_obtained":["Unceasing Top"],"max_hp_gain":0,"max_hp_loss":0,"event_name":"WeMeetAgain","floor":20,"gold_loss":0},{"damage_healed":0,"gold_gain":0,"player_choice":"Obtained Book","damage_taken":21,"max_hp_gain":0,"max_hp_loss":0,"event_name":"Cursed Tome","floor":21,"gold_loss":0}],"is_beta":false,"boss_relics":[{"not_picked":["Empty Cage","Runic Dome"],"picked":"Cursed Key"}],"items_purged_floors":[],"is_endless":false,"potions_floor_spawned":[4,5,18,19],"killed_by":"Book of Stabbing","ascension_level":16}