{"gold_per_floor":[15,28,39,0,0,0,25,25,51,10,53,3,42,58,58,153,153,172,190,205,205,304,304,320,336,336,336,379,379,8,8,8,98,98,116,136,157,157],"floor_reached":38,"playtime":1948,"items_purged":[],"score":711,"play_id":"3a4b98e9-b5b6-4e79-9f93-48dcc17d5664","local_time":"20190626074710","is_ascension_mode":true,"campfire_choices":[{"data":"Armaments","floor":6.0,"key":"SMITH"},{"data":"Clothesline","floor":8.0,"key":"SMITH"},{"floor":15.0,"key":"REST"},{"data":"Demon Form","floor":23.0,"key":"SMITH"},{"floor":27.0,"key":"REST"},{"floor":32.0,"key":"REST"}],"neow_cost":"NO_GOLD","seed_source_timestamp":340931674874460,"circlet_count":0,"master_deck":["AscendersBane","Bash","Seeing Red","Inflame","Armaments+1","Clothesline+1","Wild Strike","Metallicize","Shrug It Off","Headbutt","Immolate","Rupture","Entrench","Demon Form+1","Shrug It Off","Offering","Fiend Fire","Intimidate","Inflame","Heavy Blade","Feel No Pain","J.A.X.","Feed","Metallicize","Battle Trance"],"special_seed":0,"relics":["Burning Blood","Golden Idol","Red Skull","Strawberry","Orichalcum","Pandora\u0027s Box","Bottled Flame","Dodecahedron","FossilizedHelix","Fusion Hammer"],"potions_floor_usage":[],"damage_taken":[{"damage":9.0,"enemies":"Jaw Worm","floor":1.0,"turns":3.0},{"damage":8.0,"enemies":"2 Louse","floor":2.0,"turns":6.0},{"damage":4.0,"enemies":"Small Slimes","floor":3.0,"turns":5.0},{"damage":4.0,"enemies":"2 Fungi Beasts","floor":7.0,"turns":4.0},{"damage":40.0,"enemies":"Gremlin Nob","floor":11.0,"turns":5.0},{"damage":31.0,"enemies":"3 Sentries","floor":13.0,"turns":13.0},{"damage":0.0,"enemies":"Looter","floor":14.0,"turns":3.0},{"damage":15.0,"enemies":"Slime Boss","floor":16.0,"turns":8.0},{"damage":11.0,"enemies":"Spheric Guardian","floor":18.0,"turns":3.0},{"damage":13.0,"enemies":"Shell Parasite","floor":19.0,"turns":5.0},{"damage":23.0,"enemies":"3 Cultists","floor":20.0,"turns":5.0},{"damage":18.0,"enemies":"Snake Plant","floor":24.0,"turns":2.0},{"damage":18.0,"enemies":"Snecko","floor":25.0,"turns":4.0},{"damage":21.0,"enemies":"Slavers","floor":28.0,"turns":6.0},{"damage":79.0,"enemies":"Automaton","floor":33.0,"turns":8.0},{"damage":10.0,"enemies":"3 Shapes","floor":35.0,"turns":6.0},{"damage":56.0,"enemies":"3 Darklings","floor":36.0,"turns":4.0},{"damage":9.0,"enemies":"Transient","floor":37.0,"turns":5.0},{"damage":12,"enemies":"Spire Growth","floor":38,"turns":3}],"seed_played":"-2686723226934828128","potions_obtained":[{"floor":13.0,"key":"Fire Potion"},{"floor":14.0,"key":"EssenceOfSteel"},{"floor":20.0,"key":"Energy Potion"},{"floor":25.0,"key":"SpeedPotion"},{"floor":28.0,"key":"FairyPotion"},{"floor":36.0,"key":"Swift Potion"}],"is_trial":false,"path_per_floor":["M","M","M","?","?","R","M","R","T","$","E","?","E","M","R","B",null,"M","M","M","?","?","R","M","M","T","R","E","?","$","?","R","B",null,"M","M","M","M"],"character_chosen":"IRONCLAD","items_purchased":["Metallicize","Feel No Pain","FossilizedHelix"],"campfire_rested":3,"item_purchase_floors":[10,30,30],"current_hp_per_floor":[69,67,69,69,69,69,71,71,71,71,44,44,19,25,49,40,71,66,59,42,42,42,42,30,18,18,42,27,27,27,27,51,14,64,63,13,10,0],"gold":157,"neow_bonus":"TRANSFORM_TWO_CARDS","is_prod":false,"is_daily":false,"chose_seed":false,"campfire_upgraded":3,"win_rate":0,"timestamp":1561553230,"path_taken":["M","M","M","?","?","R","M","R","T","$","E","?","E","M","R","BOSS","M","M","M","?","?","R","M","M","T","R","E","?","$","?","R","BOSS","M","M","M","M"],"build_version":"2019-01-23","purchased_purges":0,"victory":false,"max_hp_per_floor":[80,80,80,80,74,74,74,74,74,74,81,81,81,81,81,81,81,81,81,81,81,81,81,81,81,81,81,81,81,81,81,81,81,81,84,84,84,84],"card_choices":[{"not_picked":["Havoc","Warcry"],"picked":"Inflame","floor":1.0},{"not_picked":["Power Through","Iron Wave"],"picked":"Armaments","floor":2.0},{"not_picked":["Headbutt","Iron Wave"],"picked":"Clothesline","floor":3.0},{"not_picked":["Havoc","Seeing Red"],"picked":"Wild Strike","floor":7.0},{"not_picked":["Entrench","Uppercut"],"picked":"Shrug It Off","floor":11.0},{"not_picked":["Flex","Perfected Strike","Anger"],"picked":"SKIP","floor":13.0},{"not_picked":["Wild Strike","Entrench"],"picked":"Headbutt","floor":14.0},{"not_picked":["Exhume","Limit Break"],"picked":"Immolate","floor":16.0},{"not_picked":["Second Wind","Havoc","Reckless Charge+1"],"picked":"SKIP","floor":18.0},{"not_picked":["Dropkick","Reckless Charge","Cleave+1"],"picked":"SKIP","floor":19.0},{"not_picked":["Clash","Pummel","Wild Strike"],"picked":"SKIP","floor":20.0},{"not_picked":["Bloodletting","Clash"],"picked":"Intimidate","floor":24.0},{"not_picked":["Combust","Evolve"],"picked":"Inflame","floor":25.0},{"not_picked":["Perfected Strike","Entrench"],"picked":"Heavy Blade","floor":28.0},{"not_picked":["Juggernaut","Brutality"],"picked":"Feed","floor":33.0},{"not_picked":["Cleave+1","Headbutt","Havoc"],"picked":"SKIP","floor":35.0},{"not_picked":["Rupture","Clash"],"picked":"Metallicize","floor":36.0},{"not_picked":["Searing Blow","Heavy Blade"],"picked":"Battle Trance","floor":37.0}],"player_experience":130890,"relics_obtained":[{"floor":9.0,"key":"Red Skull"},{"floor":11.0,"key":"Strawberry"},{"floor":13.0,"key":"Orichalcum"},{"floor":26.0,"key":"Bottled Flame"},{"floor":28.0,"key":"Dodecahedron"}],"event_choices":[{"damage_healed":0.0,"max_hp_gain":0.0,"max_hp_loss":0.0,"gold_gain":0.0,"event_name":"World of Goop","player_choice":"Left Gold","floor":4.0,"gold_loss":39.0,"damage_taken":0.0},{"damage_healed":0.0,"max_hp_gain":0.0,"max_hp_loss":6.0,"gold_gain":0.0,"event_name":"Golden Idol","player_choice":"Lose Max HP","floor":5.0,"gold_loss":0.0,"damage_taken":0.0,"relics_obtained":["Golden Idol"]},{"cards_removed":["Strike_R"],"damage_healed":0.0,"max_hp_gain":0.0,"max_hp_loss":0.0,"gold_gain":0.0,"event_name":"The Cleric","player_choice":"Card Removal","floor":12.0,"gold_loss":50.0,"damage_taken":0.0},{"cards_removed":["Entrench"],"damage_healed":0.0,"max_hp_gain":0.0,"max_hp_loss":0.0,"gold_gain":0.0,"event_name":"Back to Basics","player_choice":"Elegance","floor":21.0,"gold_loss":0.0,"damage_taken":0.0},{"damage_healed":0.0,"max_hp_gain":0.0,"max_hp_loss":0.0,"gold_gain":99.0,"event_name":"Nest","player_choice":"Stole From Cult","floor":22.0,"gold_loss":0.0,"damage_taken":0.0},{"damage_healed":0.0,"max_hp_gain":0.0,"max_hp_loss":0.0,"gold_gain":0.0,"event_name":"The Mausoleum","player_choice":"Ignored","floor":29.0,"gold_loss":0.0,"damage_taken":0.0},{"damage_healed":0.0,"max_hp_gain":0.0,"max_hp_loss":0.0,"gold_gain":0.0,"event_name":"Drug Dealer","player_choice":"Obtain J.A.X.","floor":31.0,"gold_loss":0.0,"damage_taken":0.0,"cards_obtained":["J.A.X."]}],"is_beta":false,"boss_relics":[{"not_picked":["Busted Crown","Eternal Feather"],"picked":"Pandora\u0027s Box"},{"not_picked":["Philosopher\u0027s Stone","Sozu"],"picked":"Fusion Hammer"}],"items_purged_floors":[],"is_endless":false,"potions_floor_spawned":[13,14,20,25,28,36],"killed_by":"Spire Growth","ascension_level":13}