{"gold_per_floor":[119,139,139,64,74,99,113,124,197,197,214,214,246,246,246,341,341,352,363,379,379,397,397,397,397,397,428,428,428,440,440],"floor_reached":31,"playtime":1905,"items_purged":["Strike_B"],"score":374,"play_id":"22cc5208-54c8-4e3e-952d-a660437cc88e","local_time":"20181213182033","is_ascension_mode":true,"campfire_choices":[{"data":"Zap","floor":10,"key":"SMITH"},{"data":"Dualcast","floor":12,"key":"SMITH"},{"floor":15,"key":"REST"},{"floor":23,"key":"REST"},{"data":"Creative AI","floor":25,"key":"SMITH"},{"floor":28,"key":"REST"}],"neow_cost":"TEN_PERCENT_HP_LOSS","seed_source_timestamp":402751350114,"circlet_count":0,"master_deck":["Strike_B","Defend_B","Zap+1","Dualcast+1","Biased Cognition","Loop","Heatsinks","BootSequence","BootSequence","Rip and Tear","Hello World","Creative AI+1","Decay","Electrodynamics","Static Discharge+1","Steam","Static Discharge+1","Conserve Battery+1"],"relics":["Cracked Core","Orichalcum","Du-Vu Doll","Eternal Feather","The Courier","Art of War","Nloth\u0027s Gift"],"potions_floor_usage":[13,13,13],"damage_taken":[{"damage":4,"enemies":"Small Slimes","floor":1,"turns":3},{"damage":4,"enemies":"Jaw Worm","floor":2,"turns":3},{"damage":1,"enemies":"Cultist","floor":5,"turns":3},{"damage":20,"enemies":"Lagavulin","floor":6,"turns":5},{"damage":7,"enemies":"Large Slime","floor":7,"turns":6},{"damage":0,"enemies":"Red Slaver","floor":8,"turns":2},{"damage":0,"enemies":"Exordium Wildlife","floor":11,"turns":3},{"damage":12,"enemies":"Gremlin Nob","floor":13,"turns":3},{"damage":35,"enemies":"Hexaghost","floor":16,"turns":8},{"damage":16,"enemies":"Shell Parasite","floor":18,"turns":5},{"damage":0,"enemies":"Chosen","floor":19,"turns":4},{"damage":11,"enemies":"Centurion and Healer","floor":20,"turns":4},{"damage":30,"enemies":"Chosen and Byrds","floor":22,"turns":5},{"damage":34,"enemies":"Gremlin Leader","floor":27,"turns":4},{"damage":32,"enemies":"Cultist and Chosen","floor":30,"turns":4},{"damage":6,"enemies":"3 Cultists","floor":31,"turns":2}],"seed_played":"-1911473118874919413","potions_obtained":[{"floor":1,"key":"Strength Potion"},{"floor":5,"key":"Poison Potion"},{"floor":7,"key":"Poison Potion"},{"floor":11,"key":"Regen Potion"},{"floor":20,"key":"SpeedPotion"}],"is_trial":false,"path_per_floor":["M","M","?","$","M","E","M","M","T","R","M","R","E","?","R","B",null,"M","M","M","?","M","R","?","R","T","E","R","?","M","M"],"character_chosen":"DEFECT","items_purchased":[],"campfire_rested":3,"item_purchase_floors":[],"current_hp_per_floor":[64,60,53,53,52,32,25,25,25,25,25,25,18,24,46,11,58,42,42,31,31,1,32,32,41,41,7,38,38,6,0],"gold":440,"neow_bonus":"TRANSFORM_TWO_CARDS","is_prod":false,"is_daily":false,"chose_seed":false,"campfire_upgraded":3,"win_rate":0,"timestamp":1544696433,"path_taken":["M","M","?","$","M","E","M","M","T","R","M","R","E","?","R","BOSS","M","?","M","?","?","R","?","R","T","E","R","?","M","?"],"build_version":"2018-12-06","purchased_purges":1,"victory":false,"max_hp_per_floor":[68,68,68,68,68,68,68,68,68,68,68,68,68,74,74,74,74,74,74,74,74,74,74,74,74,74,74,74,74,74,74],"card_choices":[{"not_picked":["Skim","Coolheaded"],"picked":"Heatsinks","floor":1},{"not_picked":["Streamline","Lockon"],"picked":"BootSequence","floor":2},{"not_picked":["Barrage","Stack","Compile Driver"],"picked":"SKIP","floor":5},{"not_picked":["Stack","Aggregate"],"picked":"BootSequence","floor":6},{"not_picked":["Ball Lightning","Compile Driver"],"picked":"Rip and Tear","floor":7},{"not_picked":["Recycle","Rebound"],"picked":"Hello World","floor":8},{"not_picked":["Beam Cell","Gash"],"picked":"Creative AI","floor":11},{"not_picked":["Sweeping Beam","Cold Snap","Beam Cell"],"picked":"SKIP","floor":13},{"not_picked":["Rainbow","Creative AI"],"picked":"Electrodynamics","floor":16},{"not_picked":["Defragment+1","Go for the Eyes"],"picked":"Static Discharge+1","floor":18},{"not_picked":["Cold Snap","Streamline","Barrage"],"picked":"SKIP","floor":19},{"not_picked":["Beam Cell+1","Doom and Gloom"],"picked":"Steam","floor":20},{"not_picked":["Doom and Gloom","Ball Lightning","Fusion"],"picked":"SKIP","floor":22},{"not_picked":["Ball Lightning","Recycle+1"],"picked":"Static Discharge+1","floor":27},{"not_picked":["Stack+1","Storm"],"picked":"Conserve Battery+1","floor":30}],"player_experience":555779,"relics_obtained":[{"floor":6,"key":"Orichalcum"},{"floor":9,"key":"Darkstone Periapt"},{"floor":13,"key":"Du-Vu Doll"},{"floor":26,"key":"The Courier"},{"floor":27,"key":"Art of War"}],"event_choices":[{"cards_removed":["Defend_B"],"damage_healed":0,"gold_gain":0,"player_choice":"Card Removal","damage_taken":7,"max_hp_gain":0,"max_hp_loss":0,"event_name":"Golden Wing","floor":3,"gold_loss":0},{"damage_healed":0,"gold_gain":0,"player_choice":"Cursed","damage_taken":0,"max_hp_gain":0,"max_hp_loss":0,"event_name":"Wheel of Change","floor":14,"gold_loss":0,"cards_obtained":["Decay"]},{"cards_removed":["Defend_B"],"damage_healed":0,"gold_gain":0,"player_choice":"Purged","damage_taken":0,"max_hp_gain":0,"max_hp_loss":0,"event_name":"Purifier","floor":21,"gold_loss":0},{"cards_removed":["Defend_B"],"damage_healed":0,"gold_gain":0,"player_choice":"Elegance","damage_taken":0,"max_hp_gain":0,"max_hp_loss":0,"event_name":"Back to Basics","floor":24,"gold_loss":0},{"damage_healed":0,"gold_gain":0,"player_choice":"Traded Relic","damage_taken":0,"relics_obtained":["Nloth\u0027s Gift"],"max_hp_gain":0,"max_hp_loss":0,"event_name":"N\u0027loth","floor":29,"relics_lost":["Darkstone Periapt"],"gold_loss":0}],"is_beta":false,"boss_relics":[{"not_picked":["Tiny House","Orrery"],"picked":"Eternal Feather"}],"items_purged_floors":[4],"is_endless":false,"potions_floor_spawned":[1,5,7,11,20],"killed_by":"3 Cultists","ascension_level":8}