{"gold_per_floor":[117,117,6,16,16,49,49,69,149,166,177,197,231,250,250,351,351,368,403,36,36],"floor_reached":21,"playtime":1582,"items_purged":[],"score":216,"play_id":"19b83bf1-6271-4d53-9c01-39d4fe1aef86","local_time":"20190704152503","is_ascension_mode":false,"campfire_choices":[{"data":"Noxious Fumes","floor":7,"key":"SMITH"},{"data":"Infinite Blades","floor":15,"key":"SMITH"}],"neow_cost":"NONE","seed_source_timestamp":80887740734808,"circlet_count":0,"master_deck":["Strike_G","Strike_G","Strike_G","Strike_G","Strike_G","Defend_G","Defend_G","Defend_G","Defend_G","Defend_G","Survivor","Neutralize","Deadly Poison","Noxious Fumes+1","Riddle With Holes","Masterful Stab","Blade Dance","Calculated Gamble","Infinite Blades+1","Expertise","Outmaneuver","Underhanded Strike","Dagger Spray","Night Terror","Choke","All Out Attack","Panacea","Mayhem","Infinite Blades","Dagger Throw"],"relics":["Ring of the Snake","NeowsBlessing","Centennial Puzzle","Paper Crane","Boot","Lizard Tail","Red Mask"],"potions_floor_usage":[11,12],"damage_taken":[{"damage":0,"enemies":"2 Louse","floor":1,"turns":1},{"damage":0,"enemies":"Jaw Worm","floor":4,"turns":1},{"damage":0,"enemies":"3 Sentries","floor":6,"turns":1},{"damage":1,"enemies":"Cultist","floor":8,"turns":4},{"damage":0,"enemies":"Large Slime","floor":10,"turns":6},{"damage":10,"enemies":"Looter","floor":11,"turns":3},{"damage":1,"enemies":"3 Louse","floor":12,"turns":3},{"damage":20,"enemies":"Gremlin Nob","floor":13,"turns":4},{"damage":1,"enemies":"2 Fungi Beasts","floor":14,"turns":3},{"damage":9,"enemies":"Hexaghost","floor":16,"turns":9},{"damage":29,"enemies":"Shell Parasite","floor":18,"turns":6},{"damage":75,"enemies":"Masked Bandits","floor":19,"turns":4},{"damage":5,"enemies":"Spheric Guardian","floor":21,"turns":2}],"seed_played":"3978375867259220084","potions_obtained":[{"floor":4,"key":"GhostInAJar"},{"floor":10,"key":"Fire Potion"},{"floor":11,"key":"Weak Potion"},{"floor":12,"key":"Dexterity Potion"},{"floor":18,"key":"Dexterity Potion"}],"is_trial":false,"path_per_floor":["M","?","$","M","$","E","R","M","T","M","M","M","E","M","R","B",null,"M","?","$","M"],"character_chosen":"THE_SILENT","items_purchased":["Noxious Fumes","Riddle With Holes","Panacea","Mayhem","Infinite Blades","Dagger Throw"],"campfire_rested":0,"item_purchase_floors":[3,3,20,20,20,20],"current_hp_per_floor":[70,70,70,70,70,70,70,69,69,69,59,58,38,37,37,28,70,41,2,2,0],"gold":36,"neow_bonus":"THREE_ENEMY_KILL","is_prod":false,"is_daily":false,"chose_seed":false,"campfire_upgraded":2,"win_rate":0.0,"timestamp":1562217903,"path_taken":["M","?","?","M","$","E","R","M","T","M","M","?","E","M","R","BOSS","M","?","$","M"],"build_version":"2019-07-01","purchased_purges":0,"victory":false,"max_hp_per_floor":[70,70,70,70,70,70,70,70,70,70,70,70,70,70,70,70,70,70,70,70,70],"card_choices":[{"not_picked":["Sucker Punch","Deflect"],"picked":"Deadly Poison","floor":1},{"not_picked":["Backflip","Eviscerate"],"picked":"Masterful Stab","floor":4},{"not_picked":["Flechettes","Dodge and Roll"],"picked":"Blade Dance","floor":6},{"not_picked":["Poisoned Stab","Blade Dance"],"picked":"Calculated Gamble","floor":8},{"not_picked":["PiercingWail","Predator"],"picked":"Infinite Blades","floor":10},{"not_picked":["Backflip","Dodge and Roll"],"picked":"Expertise","floor":11},{"not_picked":["Dodge and Roll","Poisoned Stab"],"picked":"Outmaneuver","floor":12},{"not_picked":["Footwork","Masterful Stab"],"picked":"Underhanded Strike","floor":13},{"not_picked":["Leg Sweep","Flying Knee"],"picked":"Dagger Spray","floor":14},{"not_picked":["Phantasmal Killer","Doppelganger"],"picked":"Night Terror","floor":16},{"not_picked":["Acrobatics","Poisoned Stab"],"picked":"Choke","floor":18},{"not_picked":["Blur","Dash+1"],"picked":"All Out Attack","floor":19}],"player_experience":3266,"relics_obtained":[{"floor":6,"key":"Centennial Puzzle"},{"floor":9,"key":"Paper Crane"},{"floor":13,"key":"Boot"},{"floor":19,"key":"Red Mask"}],"event_choices":[{"damage_healed":0,"gold_gain":0,"player_choice":"Ignored","damage_taken":0,"max_hp_gain":0,"max_hp_loss":0,"event_name":"Golden Wing","floor":2,"gold_loss":0},{"damage_healed":0,"gold_gain":0,"player_choice":"Fought Bandits","damage_taken":0,"max_hp_gain":0,"max_hp_loss":0,"event_name":"Masked Bandits","floor":19,"gold_loss":0}],"is_beta":false,"boss_relics":[{"not_picked":["Runic Dome","Coffee Dripper"],"picked":"Lizard Tail"}],"items_purged_floors":[],"is_endless":false,"potions_floor_spawned":[4,10,11,12,18],"killed_by":"Spheric Guardian","ascension_level":0}