{"gold_per_floor":[113,123,123,123,73,73,126,126,205,205,221,235,109,129,129,232,232,247,347,193,204,222,222,238,238,238,251,126,126,146,146,146,247,247,265,265,281,281,297,297,308,320,391,391,391,391,407,420,420,420],"floor_reached":50,"playtime":5885,"items_purged":["Strike_B","Strike_B","Defend_B"],"score":567,"play_id":"76f6d16c-2052-487d-97ac-fbf61daf6a52","local_time":"20190625004456","is_ascension_mode":true,"campfire_choices":[{"data":"Dualcast","floor":6,"key":"SMITH"},{"data":"Coolheaded","floor":8,"key":"SMITH"},{"data":"Conserve Battery","floor":10,"key":"SMITH"},{"data":"Redo","floor":15,"key":"SMITH"},{"data":"Reboot","floor":23,"key":"SMITH"},{"data":"Go for the Eyes","floor":25,"key":"SMITH"},{"floor":29,"key":"REST"},{"data":"Turbo","floor":32,"key":"SMITH"},{"data":"Coolheaded","floor":40,"key":"SMITH"},{"data":"Recycle","floor":44,"key":"SMITH"},{"floor":46,"key":"REST"},{"floor":49,"key":"REST"}],"neow_cost":"NONE","seed_source_timestamp":0,"circlet_count":0,"master_deck":["Defend_B","Defend_B","Defend_B","Zap+1","Dualcast+1","Coolheaded+1","Conserve Battery+1","All For One","Go for the Eyes+1","Redo+1","Reboot+1","Gash","Streamline","Gash+1","Turbo+1","Coolheaded+1","Gash","Madness","Madness","Parasite","Hologram+1","Recycle+1","Reprogram"],"special_seed":0,"relics":["Cracked Core","Calipers","Art of War","Ornamental Fan","Black Star","Letter Opener","Philosopher\u0027s Stone","Mummified Hand","Smiling Mask"],"potions_floor_usage":[27,30,30,37,41,42,50,50],"damage_taken":[{"damage":7.0,"enemies":"Small Slimes","floor":1.0,"turns":3.0},{"damage":2.0,"enemies":"Jaw Worm","floor":2.0,"turns":3.0},{"damage":0,"enemies":"2 Louse","floor":11,"turns":3},{"damage":1,"enemies":"Looter","floor":12,"turns":2},{"damage":1,"enemies":"3 Louse","floor":14,"turns":4},{"damage":7,"enemies":"Slime Boss","floor":16,"turns":7},{"damage":5,"enemies":"3 Byrds","floor":18,"turns":5},{"damage":0,"enemies":"Spheric Guardian","floor":21,"turns":3},{"damage":17,"enemies":"Centurion and Healer","floor":22,"turns":6},{"damage":0,"enemies":"Shelled Parasite and Fungi","floor":24,"turns":3},{"damage":15,"enemies":"Snake Plant","floor":27,"turns":2},{"damage":11,"enemies":"Chosen and Byrds","floor":30,"turns":5},{"damage":7,"enemies":"Automaton","floor":33,"turns":6},{"damage":0,"enemies":"Orb Walker","floor":35,"turns":2},{"damage":12,"enemies":"3 Darklings","floor":37,"turns":3},{"damage":0,"enemies":"Sphere and 2 Shapes","floor":39,"turns":3},{"damage":0,"enemies":"Writhing Mass","floor":41,"turns":4},{"damage":7,"enemies":"3 Darklings","floor":42,"turns":3},{"damage":0,"enemies":"Maw","floor":47,"turns":5},{"damage":6,"enemies":"Spire Growth","floor":48,"turns":4},{"damage":81,"enemies":"Donu and Deca","floor":50,"turns":7}],"seed_played":"3112490744637144516","potions_obtained":[{"floor":12,"key":"Regen Potion"},{"floor":16,"key":"SpeedPotion"},{"floor":18,"key":"GamblersBrew"},{"floor":27,"key":"Block Potion"},{"floor":35,"key":"Swift Potion"},{"floor":37,"key":"Block Potion"},{"floor":41,"key":"Dexterity Potion"},{"floor":42,"key":"FocusPotion"}],"is_trial":false,"path_per_floor":["M","M","?","?","?","R","T","R","T","R","M","M","$","M","R","B",null,"M","?","$","M","M","R","M","R","T","M","$","R","M","$","R","B",null,"M","?","M","?","M","R","M","M","T","R","T","R","M","M","R","B"],"character_chosen":"DEFECT","items_purchased":["Redo","Streamline"],"campfire_rested":3,"item_purchase_floors":[13,20],"current_hp_per_floor":[61,59,59,52,52,52,52,52,52,52,52,51,51,50,50,43,67,62,62,62,62,45,45,45,45,45,35,35,57,46,46,46,39,66,66,66,54,45,45,45,45,38,38,38,38,60,60,54,75,0],"gold":420,"neow_bonus":"UPGRADE_CARD","is_prod":false,"is_daily":false,"chose_seed":false,"campfire_upgraded":9,"win_rate":0,"timestamp":1561437896,"path_taken":["M","M","?","?","?","R","?","R","T","R","M","M","$","M","R","BOSS","M","?","?","?","M","R","M","R","T","M","$","R","M","$","R","BOSS","M","?","M","?","M","R","M","M","T","R","?","R","M","M","R","BOSS"],"build_version":"2019-01-23","purchased_purges":3,"victory":false,"max_hp_per_floor":[75,75,75,75,75,75,75,75,75,75,75,75,75,75,75,75,75,75,75,75,75,75,75,75,75,75,75,75,75,75,75,75,75,75,75,75,75,75,75,75,75,75,75,75,75,75,75,75,75,75],"card_choices":[{"not_picked":["Sweeping Beam","Cold Snap"],"picked":"Coolheaded","floor":1.0},{"not_picked":["Barrage","Auto Shields"],"picked":"Conserve Battery","floor":2.0},{"not_picked":["Compile Driver","Coolheaded"],"picked":"All For One","floor":11},{"not_picked":["Sweeping Beam","Conserve Battery"],"picked":"Go for the Eyes","floor":12},{"not_picked":["Sweeping Beam","Ball Lightning","Go for the Eyes"],"picked":"SKIP","floor":14},{"not_picked":["Meteor Strike","Machine Learning"],"picked":"Reboot","floor":16},{"not_picked":["Leap","Chaos+1"],"picked":"Gash","floor":18},{"not_picked":["Conserve Battery","Lockon","Redo"],"picked":"SKIP","floor":21},{"not_picked":["Tempest","Stack"],"picked":"Gash+1","floor":22},{"not_picked":["Redo","Go for the Eyes","Loop"],"picked":"SKIP","floor":24},{"not_picked":["Static Discharge+1","Defragment+1"],"picked":"Turbo","floor":27},{"not_picked":["Redo+1","White Noise","Ball Lightning"],"picked":"SKIP","floor":30},{"not_picked":["Cold Snap+1","Melter"],"picked":"Coolheaded","floor":35},{"not_picked":["Cold Snap","Stack+1"],"picked":"Gash","floor":37},{"not_picked":["Heatsinks","Streamline","Reinforced Body+1"],"picked":"SKIP","floor":39},{"not_picked":["Go for the Eyes","Chaos"],"picked":"Hologram+1","floor":41},{"not_picked":["Ball Lightning","Conserve Battery+1"],"picked":"Recycle","floor":42},{"not_picked":["Auto Shields","Aggregate+1","Leap+1"],"picked":"SKIP","floor":47},{"not_picked":["Compile Driver+1","Buffer"],"picked":"Reprogram","floor":48}],"player_experience":404659,"relics_obtained":[{"floor":7,"key":"Art of War"},{"floor":9,"key":"Ornamental Fan"},{"floor":26,"key":"Letter Opener"},{"floor":43,"key":"Mummified Hand"},{"floor":45,"key":"Smiling Mask"}],"event_choices":[{"cards_removed":["Strike_B"],"damage_healed":0,"gold_gain":0,"player_choice":"Forget","damage_taken":0,"max_hp_gain":0,"max_hp_loss":0,"event_name":"Living Wall","floor":3,"gold_loss":0},{"damage_healed":0,"gold_gain":0,"player_choice":"Success","damage_taken":7,"relics_obtained":["Calipers"],"max_hp_gain":0,"max_hp_loss":0,"event_name":"Scrap Ooze","floor":4,"gold_loss":0},{"cards_removed":["Strike_B"],"damage_healed":0,"gold_gain":0,"player_choice":"Card Removal","damage_taken":0,"max_hp_gain":0,"max_hp_loss":0,"event_name":"The Cleric","floor":5,"gold_loss":50},{"damage_healed":0,"gold_gain":100,"player_choice":"Pray","damage_taken":0,"max_hp_gain":0,"max_hp_loss":0,"event_name":"Golden Shrine","floor":19,"gold_loss":0},{"damage_healed":0,"gold_gain":0,"player_choice":"Ignored","damage_taken":0,"max_hp_gain":0,"max_hp_loss":0,"event_name":"Mysterious Sphere","floor":36,"gold_loss":0},{"damage_healed":0,"gold_gain":0,"player_choice":"Embrace Madness","damage_taken":9,"max_hp_gain":0,"max_hp_loss":0,"event_name":"Winding Halls","floor":38,"gold_loss":0,"cards_obtained":["Madness","Madness"]}],"is_beta":false,"boss_relics":[{"not_picked":["Lizard Tail","FrozenCore"],"picked":"Black Star"},{"not_picked":["Snecko Eye","Velvet Choker"],"picked":"Philosopher\u0027s Stone"}],"items_purged_floors":[13,20,28],"is_endless":false,"potions_floor_spawned":[12,16,18,27,35,37,41,42],"killed_by":"Donu and Deca","ascension_level":6}