{"gold_per_floor":[117,117,136,8,19,19,50,50,50,50,50,80,96,112,112,189,189,206,226,243,243,255,255,280,292,329,341,370,382],"floor_reached":29,"playtime":1075,"items_purged":[],"score":421,"play_id":"69991b58-9c1b-4e51-ba19-a335d6c62031","local_time":"20190625081647","is_ascension_mode":true,"campfire_choices":[{"data":"Hemokinesis","floor":6.0,"key":"SMITH"},{"data":"Bash","floor":8.0,"key":"SMITH"},{"data":"Inflame","floor":11.0,"key":"SMITH"},{"data":"Offering","floor":15.0,"key":"SMITH"},{"data":"Flame Barrier","floor":23.0,"key":"SMITH"},{"data":"True Grit","floor":25.0,"key":"SMITH"},{"data":"Intimidate","floor":27.0,"key":"SMITH"}],"neow_cost":"NONE","seed_source_timestamp":257918765677062,"circlet_count":0,"master_deck":["AscendersBane","Strike_R","Strike_R","Strike_R","Strike_R","Defend_R","Defend_R","Defend_R","Defend_R","Bash+1","Sword Boomerang","Thunderclap","Inflame+1","Hemokinesis+1","Spot Weakness","Offering+1","Pommel Strike+1","Reaper+1","Cleave","True Grit+1","Flame Barrier+1","Intimidate+1","True Grit"],"special_seed":0,"relics":["Burning Blood","Shuriken","Dodecahedron","Blood Vial","Juzu Bracelet","Mark of Pain","MawBank","Whetstone"],"potions_floor_usage":[29,29],"damage_taken":[{"damage":12.0,"enemies":"Jaw Worm","floor":1.0,"turns":2.0},{"damage":6.0,"enemies":"Cultist","floor":3.0,"turns":3.0},{"damage":7.0,"enemies":"Small Slimes","floor":5.0,"turns":3.0},{"damage":22.0,"enemies":"Lagavulin","floor":7.0,"turns":5.0},{"damage":20.0,"enemies":"3 Sentries","floor":12.0,"turns":5.0},{"damage":6.0,"enemies":"Blue Slaver","floor":13.0,"turns":2.0},{"damage":8.0,"enemies":"Large Slime","floor":14.0,"turns":1.0},{"damage":31.0,"enemies":"Hexaghost","floor":16.0,"turns":7.0},{"damage":35.0,"enemies":"2 Thieves","floor":18.0,"turns":3.0},{"damage":22.0,"enemies":"Shell Parasite","floor":19.0,"turns":3.0},{"damage":20.0,"enemies":"Cultist and Chosen","floor":20.0,"turns":4.0},{"damage":12.0,"enemies":"Centurion and Healer","floor":22.0,"turns":6.0},{"damage":42.0,"enemies":"Gremlin Leader","floor":24.0,"turns":6.0},{"damage":44.0,"enemies":"Sentry and Sphere","floor":28.0,"turns":5.0},{"damage":26,"enemies":"Slavers","floor":29,"turns":2}],"seed_played":"-1422035827650418256","potions_obtained":[{"floor":5.0,"key":"LiquidBronze"},{"floor":12.0,"key":"AttackPotion"},{"floor":14.0,"key":"Block Potion"},{"floor":19.0,"key":"AttackPotion"},{"floor":20.0,"key":"Block Potion"},{"floor":22.0,"key":"SpeedPotion"},{"floor":24.0,"key":"FearPotion"}],"is_trial":false,"path_per_floor":["M","?","M","$","M","R","E","R","T","?","R","E","M","M","R","B",null,"M","M","M","?","M","R","E","R","T","R","M","E"],"character_chosen":"IRONCLAD","items_purchased":["Fire Potion","Inflame"],"campfire_rested":0,"item_purchase_floors":[4,4],"current_hp_per_floor":[74,74,74,74,73,73,57,57,57,57,57,45,47,47,47,24,72,45,47,53,53,65,65,52,52,52,52,22,0],"gold":382,"neow_bonus":"TEN_PERCENT_HP_BONUS","is_prod":false,"is_daily":false,"chose_seed":false,"campfire_upgraded":7,"win_rate":0,"timestamp":1561468607,"path_taken":["M","?","M","$","?","R","E","R","T","?","R","E","M","M","R","BOSS","M","M","M","?","M","R","E","R","T","R","M","E"],"build_version":"2019-01-23","purchased_purges":0,"victory":false,"max_hp_per_floor":[88,88,88,88,88,88,88,88,88,88,88,88,88,88,88,88,88,88,88,88,88,88,88,88,88,88,88,88,88],"card_choices":[{"not_picked":["Thunderclap","Second Wind"],"picked":"Sword Boomerang","floor":1.0},{"not_picked":["Bloodletting","Heavy Blade","Fire Breathing"],"picked":"SKIP","floor":3.0},{"not_picked":["Thunderclap","Fire Breathing"],"picked":"Hemokinesis","floor":5.0},{"not_picked":["Pommel Strike","Dual Wield"],"picked":"Spot Weakness","floor":7.0},{"not_picked":["Seeing Red","Clothesline"],"picked":"Offering","floor":12.0},{"not_picked":["Sword Boomerang","Wild Strike","Spot Weakness"],"picked":"SKIP","floor":13.0},{"not_picked":["Havoc","Flex"],"picked":"Pommel Strike","floor":14.0},{"not_picked":["Offering","Brutality"],"picked":"Reaper","floor":16.0},{"not_picked":["Thunderclap","Havoc"],"picked":"Cleave","floor":18.0},{"not_picked":["Flex","Anger"],"picked":"True Grit","floor":19.0},{"not_picked":["Power Through","Corruption"],"picked":"Flame Barrier","floor":20.0},{"not_picked":["Heavy Blade","Thunderclap","Sword Boomerang"],"picked":"SKIP","floor":22.0},{"not_picked":["Anger","Berserk"],"picked":"Intimidate","floor":24.0},{"not_picked":["Seeing Red","Rampage"],"picked":"True Grit","floor":28.0}],"player_experience":129815,"relics_obtained":[{"floor":7.0,"key":"Shuriken"},{"floor":9.0,"key":"Dodecahedron"},{"floor":12.0,"key":"Juzu Bracelet"},{"floor":24.0,"key":"MawBank"},{"floor":26.0,"key":"Whetstone"}],"event_choices":[{"damage_healed":0.0,"max_hp_gain":0.0,"max_hp_loss":0.0,"gold_gain":0.0,"cards_transformed":["Strike_R"],"event_name":"Transmorgrifier","player_choice":"Transformed","floor":2.0,"gold_loss":0.0,"damage_taken":0.0,"cards_obtained":["Thunderclap"]},{"damage_healed":0.0,"max_hp_gain":0.0,"max_hp_loss":0.0,"gold_gain":0.0,"event_name":"Dead Adventurer","player_choice":"Searched \u00271\u0027 times","floor":10.0,"gold_loss":0.0,"damage_taken":0.0,"relics_obtained":["Blood Vial"]},{"damage_healed":0.0,"max_hp_gain":0.0,"max_hp_loss":0.0,"gold_gain":0.0,"event_name":"Ghosts","player_choice":"Ignored","floor":21.0,"gold_loss":0.0,"damage_taken":0.0}],"is_beta":false,"boss_relics":[{"not_picked":["Black Star","Pandora\u0027s Box"],"picked":"Mark of Pain"}],"items_purged_floors":[],"is_endless":false,"potions_floor_spawned":[5,12,14,19,20,22,24],"killed_by":"Slavers","ascension_level":13}