{"path_per_floor":["M","?","?","$","M","R","E","R","T","R","M","M","M","?","R"],"character_chosen":"THE_SILENT","items_purchased":[],"gold_per_floor":[112,112,112,62,72,72,102,102,102,102,115,129,143,318,318,318],"floor_reached":16,"campfire_rested":0,"playtime":1514,"current_hp_per_floor":[66,66,66,66,64,64,39,39,39,39,39,39,47,47,47,0],"items_purged":["Regret"],"gold":318,"score":100,"play_id":"938a1f09-bd19-4a72-a154-2b94a058f067","local_time":"20180523102943","is_prod":false,"is_daily":false,"chose_seed":false,"is_ascension_mode":false,"campfire_upgraded":4,"timestamp":1527035383,"campfire_choices":[{"data":"Tools of the Trade","floor":6,"key":"SMITH"},{"data":"Distraction","floor":8,"key":"SMITH"},{"data":"Blade Dance","floor":10,"key":"SMITH"},{"data":"Terror","floor":15,"key":"SMITH"}],"path_taken":["M","?","?","?","?","R","E","R","T","R","M","M","M","?","R","BOSS"],"build_version":"2018-05-17","seed_source_timestamp":4106391099129,"purchased_purges":1,"victory":false,"master_deck":["Defend_G","Defend_G","Defend_G","Defend_G","Defend_G","Strike_G","Strike_G","Strike_G","Strike_G","Strike_G","Survivor","Neutralize","Tools of the Trade+1","Distraction+1","Blade Dance+1","Quick Slash","Outmaneuver","Terror+1","Slice"],"max_hp_per_floor":[70,70,70,70,70,70,70,70,70,70,70,70,70,70,70,70],"relics":["Ring of the Snake","Smiling Mask","Omamori","Bottled Tornado"],"card_choices":[{"not_picked":["Burst","Doppelganger"],"picked":"Tools of the Trade","floor":0},{"not_picked":["Dagger Spray","Sucker Punch"],"picked":"Distraction","floor":1},{"not_picked":["Outmaneuver","Bane"],"picked":"Blade Dance","floor":5},{"not_picked":["Heel Hook","Bane"],"picked":"Quick Slash","floor":7},{"not_picked":["Dagger Throw","Dodge and Roll"],"picked":"Outmaneuver","floor":11},{"not_picked":["Dagger Spray","Caltrops"],"picked":"Terror","floor":12},{"not_picked":["Bane","Predator"],"picked":"Slice","floor":13}],"player_experience":42047,"potions_floor_usage":[13,16,16,16],"damage_taken":[{"damage":4,"enemies":"Small Slimes","floor":1,"turns":4},{"damage":2,"enemies":"2 Louse","floor":5,"turns":4},{"damage":25,"enemies":"3 Sentries","floor":7,"turns":15},{"damage":0,"enemies":"Cultist","floor":11,"turns":3},{"damage":0,"enemies":"2 Fungi Beasts","floor":12,"turns":4},{"damage":4,"enemies":"Exordium Wildlife","floor":13,"turns":5},{"damage":48,"enemies":"The Guardian","floor":16,"turns":9}],"relics_obtained":[{"floor":7,"key":"Omamori"},{"floor":9,"key":"Bottled Tornado"}],"event_choices":[{"event_name":"Big Fish","player_choice":"Box","floor":2,"damage_taken":0},{"event_name":"Purifier","player_choice":"One Purge","floor":3,"damage_taken":0},{"event_name":"Liars Game","player_choice":"agreed","floor":14,"damage_taken":0}],"boss_relics":[],"potions_floor_spawned":[1,11,12,13],"seed_played":"7558674662578798768","killed_by":"The Guardian","ascension_level":0,"potions_obtained":[{"floor":1,"key":"PowerPotion"},{"floor":11,"key":"Regen Potion"},{"floor":12,"key":"AttackPotion"},{"floor":13,"key":"Fire Potion"}],"is_trial":false}