{"gold_per_floor":[110,110,35,35,35,63,63,76,76,91,91,122,122,77,77,77],"floor_reached":16,"playtime":603,"items_purged":[],"score":207,"play_id":"727d1bdc-9724-4f56-b831-20490e1abbb4","local_time":"20190330222116","is_ascension_mode":true,"campfire_choices":[{"data":"Caltrops","floor":7,"key":"SMITH"},{"data":"Neutralize","floor":11,"key":"SMITH"},{"floor":13,"key":"REST"},{"data":"Footwork","floor":15,"key":"SMITH"}],"neow_cost":"NONE","seed_source_timestamp":177195396665850,"circlet_count":0,"master_deck":["AscendersBane","Defend_G","Defend_G","Strike_G","Strike_G","Survivor","Neutralize+1","After Image+1","Malaise+1","Riddle With Holes+1","Well Laid Plans","Caltrops+1","Flying Knee","Footwork+1"],"relics":["Astrolabe","Dream Catcher","Bottled Tornado","Blood Vial"],"potions_floor_usage":[6,12],"damage_taken":[{"damage":0,"enemies":"Small Slimes","floor":1,"turns":4},{"damage":19,"enemies":"Gremlin Nob","floor":6,"turns":5},{"damage":2,"enemies":"2 Louse","floor":8,"turns":3},{"damage":0,"enemies":"Cultist","floor":10,"turns":3},{"damage":25,"enemies":"3 Sentries","floor":12,"turns":6},{"damage":28,"enemies":"Slime Boss","floor":16,"turns":7}],"seed_played":"-7769811309977985912","potions_obtained":[{"floor":1,"key":"Block Potion"},{"floor":6,"key":"Explosive Potion"},{"floor":8,"key":"SpeedPotion"}],"is_trial":false,"path_per_floor":["M","?","?","?","$","E","R","M","T","M","R","E","R","$","R","B"],"character_chosen":"THE_SILENT","items_purchased":["Footwork"],"campfire_rested":1,"item_purchase_floors":[14],"current_hp_per_floor":[59,52,52,52,52,33,33,31,31,31,31,6,25,25,25,0],"gold":77,"neow_bonus":"BOSS_RELIC","is_prod":false,"is_daily":false,"chose_seed":false,"campfire_upgraded":3,"win_rate":0,"timestamp":1554006076,"path_taken":["M","?","?","?","$","E","R","M","T","?","R","E","R","$","R","BOSS"],"build_version":"2019-01-23","purchased_purges":0,"victory":false,"max_hp_per_floor":[66,66,66,66,66,66,66,66,66,66,66,66,66,66,66,66],"card_choices":[{"not_picked":["Finisher","Prepared"],"picked":"Well Laid Plans","floor":1},{"not_picked":["Bullet Time","Dagger Throw","Outmaneuver"],"picked":"SKIP","floor":6},{"not_picked":["Calculated Gamble","PiercingWail"],"picked":"Flying Knee","floor":8},{"not_picked":["Flying Knee","Deadly Poison","Blade Dance"],"picked":"SKIP","floor":10},{"not_picked":["Wraith Form v2","Underhanded Strike","Expertise"],"picked":"SKIP","floor":12}],"player_experience":369918,"relics_obtained":[{"floor":6,"key":"Dream Catcher"},{"floor":9,"key":"Bottled Tornado"},{"floor":12,"key":"Blood Vial"}],"event_choices":[{"cards_removed":["Defend_G"],"damage_healed":0,"gold_gain":0,"player_choice":"Card Removal","damage_taken":7,"max_hp_gain":0,"max_hp_loss":0,"event_name":"Golden Wing","floor":2,"gold_loss":0},{"cards_removed":["Defend_G"],"damage_healed":0,"gold_gain":0,"player_choice":"Card Removal","damage_taken":0,"max_hp_gain":0,"max_hp_loss":0,"event_name":"The Cleric","floor":3,"gold_loss":75},{"damage_healed":0,"gold_gain":0,"cards_transformed":["Strike_G"],"player_choice":"Transformed","damage_taken":0,"max_hp_gain":0,"max_hp_loss":0,"event_name":"Transmorgrifier","floor":4,"gold_loss":0,"cards_obtained":["Caltrops"]}],"is_beta":false,"boss_relics":[],"items_purged_floors":[],"is_endless":false,"potions_floor_spawned":[1,6,8],"killed_by":"Slime Boss","ascension_level":19}