{"gold_per_floor":[118,31,31,48,123,154,171,190,190,30,56,56,56,69,69,165,165,180,180],"floor_reached":19,"playtime":395,"items_purged":[],"score":394,"play_id":"3bf36b66-b8f5-4f30-85ad-51db79e7a7b5","local_time":"20190527011817","is_ascension_mode":true,"campfire_choices":[{"data":"Whirlwind","floor":12.0,"key":"SMITH"},{"data":"Hemokinesis","floor":15.0,"key":"SMITH"}],"neow_cost":"NONE","seed_source_timestamp":122408420598852,"circlet_count":0,"master_deck":["AscendersBane","Strike_R","Strike_R","Strike_R","Strike_R+1","Strike_R","Defend_R","Defend_R","Defend_R","Defend_R+1","Bash","Inflame","Hemokinesis+1","Whirlwind+1"],"special_seed":0,"relics":["Burning Blood","NeowsBlessing","Juzu Bracelet","Pear","Pen Nib","Blue Candle","Golden Idol","Eternal Feather"],"potions_floor_usage":[],"damage_taken":[{"damage":0.0,"enemies":"Cultist","floor":1.0,"turns":1.0},{"damage":0.0,"enemies":"2 Louse","floor":4.0,"turns":1.0},{"damage":0.0,"enemies":"3 Sentries","floor":6.0,"turns":1.0},{"damage":7.0,"enemies":"Small Slimes","floor":7.0,"turns":5.0},{"damage":19.0,"enemies":"3 Louse","floor":8.0,"turns":4.0},{"damage":35.0,"enemies":"Gremlin Nob","floor":11.0,"turns":4.0},{"damage":10.0,"enemies":"Exordium Thugs","floor":14.0,"turns":3.0},{"damage":35.0,"enemies":"Slime Boss","floor":16.0,"turns":9.0},{"damage":47,"enemies":"3 Byrds","floor":18,"turns":4},{"damage":16,"enemies":"Spheric Guardian","floor":19,"turns":4}],"seed_played":"-3106689293150374472","potions_obtained":[{"floor":1.0,"key":"Ancient Potion"},{"floor":6.0,"key":"GamblersBrew"},{"floor":8.0,"key":"Regen Potion"},{"floor":11.0,"key":"Regen Potion"}],"is_trial":false,"path_per_floor":["M","$","?","M","?","E","M","M","T","$","E","R","?","M","R","B",null,"M","M"],"character_chosen":"IRONCLAD","items_purchased":["Inflame","Pen Nib"],"campfire_rested":0,"item_purchase_floors":[2,10],"current_hp_per_floor":[74,74,51,57,46,52,51,38,48,48,19,19,19,24,24,10,60,19,3],"gold":180,"neow_bonus":"THREE_ENEMY_KILL","is_prod":false,"is_daily":false,"chose_seed":false,"campfire_upgraded":2,"win_rate":0,"timestamp":1558941497,"path_taken":["M","$","?","M","?","E","M","M","T","$","E","R","?","M","R","BOSS","M","M"],"build_version":"2019-01-23","purchased_purges":0,"victory":false,"max_hp_per_floor":[75,75,75,75,75,75,75,75,85,85,85,85,77,77,77,77,77,77,77],"card_choices":[{"not_picked":["Entrench","Rupture","Headbutt"],"picked":"SKIP","floor":1.0},{"not_picked":["Headbutt","Wild Strike","Blood for Blood"],"picked":"SKIP","floor":4.0},{"not_picked":["Perfected Strike","Seeing Red","Second Wind"],"picked":"SKIP","floor":6.0},{"not_picked":["Wild Strike","Clothesline"],"picked":"Hemokinesis","floor":7.0},{"not_picked":["Anger","Entrench"],"picked":"Whirlwind","floor":8.0},{"not_picked":["Reaper","Sword Boomerang","Evolve"],"picked":"SKIP","floor":11.0},{"not_picked":["Spot Weakness","Perfected Strike","Warcry"],"picked":"SKIP","floor":14.0},{"not_picked":["Dropkick","Twin Strike","Clash"],"picked":"SKIP","floor":18}],"player_experience":630492,"relics_obtained":[{"floor":6.0,"key":"Juzu Bracelet"},{"floor":9.0,"key":"Pear"},{"floor":11.0,"key":"Blue Candle"}],"event_choices":[{"damage_healed":0.0,"max_hp_gain":0.0,"max_hp_loss":0.0,"gold_gain":0.0,"event_name":"Shining Light","player_choice":"Entered Light","floor":3.0,"gold_loss":0.0,"damage_taken":23.0,"cards_upgraded":["Strike_R","Defend_R"]},{"damage_healed":0.0,"max_hp_gain":0.0,"max_hp_loss":0.0,"gold_gain":75.0,"event_name":"World of Goop","player_choice":"Gather Gold","floor":5.0,"gold_loss":0.0,"damage_taken":11.0},{"damage_healed":0.0,"max_hp_gain":0.0,"max_hp_loss":8.0,"gold_gain":0.0,"event_name":"Golden Idol","player_choice":"Lose Max HP","floor":13.0,"gold_loss":0.0,"damage_taken":0.0,"relics_obtained":["Golden Idol"]}],"is_beta":false,"boss_relics":[{"not_picked":["Orrery","Astrolabe"],"picked":"Eternal Feather"}],"items_purged_floors":[],"is_endless":false,"potions_floor_spawned":[1,6,8,11],"killed_by":"Spheric Guardian","ascension_level":19}