{"gold_per_floor":[119,119,119,71,87,87,118,118,118,141,153,165,207,219,231,317,329,355,367,379,411,335,368,368,293,293,62,75,75,75,75,75,149,149,160,176,176,176,76,76,95,95,146,176,187,205,205,205,205,205],"floor_reached":51,"playtime":1721,"items_purged":["Strike_R","Writhe"],"score":1159,"play_id":"dca0e5ff-ce52-4323-975a-a831ef831dcf","local_time":"20180903091514","is_ascension_mode":true,"campfire_choices":[{"data":"Cleave","floor":6.0,"key":"SMITH"},{"floor":8.0,"key":"REST"},{"data":"Shrug It Off","floor":12.0,"key":"SMITH"},{"data":"Heavy Blade","floor":15.0,"key":"SMITH"},{"data":"Whirlwind","floor":24.0,"key":"SMITH"},{"data":"Uppercut","floor":30.0,"key":"SMITH"},{"floor":32.0,"key":"REST"},{"data":"Flame Barrier","floor":40.0,"key":"SMITH"},{"floor":42.0,"key":"REST"},{"floor":47,"key":"REST"},{"data":"Disarm","floor":49,"key":"SMITH"}],"neow_cost":"TEN_PERCENT_HP_LOSS","seed_source_timestamp":0,"circlet_count":0,"master_deck":["Strike_R","Strike_R","Strike_R+1","Defend_R","Defend_R","Defend_R","Defend_R","Bash+1","AscendersBane","Demon Form+1","Shrug It Off+1","Heavy Blade+1","Feed+1","Writhe","Whirlwind+1","Uppercut+1","Shrug It Off+1","Battle Trance","Blind","Disarm+1","Flame Barrier+1","Warcry+1"],"special_seed":0,"relics":["Burning Blood","Thread and Needle","MawBank","Lantern","Boot","Snecko Eye","Champion Belt","Torii","Molten Egg 2","MutagenicStrength","White Beast Statue","Bag of Marbles","Whetstone"],"potions_floor_usage":[50],"damage_taken":[{"damage":11.0,"enemies":"Cultist","floor":1.0,"turns":4.0},{"damage":8.0,"enemies":"Jaw Worm","floor":5.0,"turns":5.0},{"damage":32.0,"enemies":"Lagavulin","floor":7.0,"turns":5.0},{"damage":0.0,"enemies":"Small Slimes","floor":10.0,"turns":5.0},{"damage":16.0,"enemies":"Gremlin Nob","floor":13.0,"turns":4.0},{"damage":27.0,"enemies":"Hexaghost","floor":16.0,"turns":6.0},{"damage":9.0,"enemies":"Chosen","floor":18.0,"turns":5.0},{"damage":10.0,"enemies":"2 Thieves","floor":21.0,"turns":3.0},{"damage":3.0,"enemies":"Gremlin Leader","floor":23.0,"turns":5.0},{"damage":10.0,"enemies":"Centurion and Healer","floor":28.0,"turns":4.0},{"damage":1.0,"enemies":"Champ","floor":33.0,"turns":7.0},{"damage":0.0,"enemies":"3 Shapes","floor":35.0,"turns":1.0},{"damage":29.0,"enemies":"3 Darklings","floor":36.0,"turns":3.0},{"damage":57.0,"enemies":"Spire Growth","floor":41.0,"turns":5.0},{"damage":3.0,"enemies":"Nemesis","floor":44.0,"turns":5.0},{"damage":12.0,"enemies":"Sphere and 2 Shapes","floor":45.0,"turns":4.0},{"damage":17,"enemies":"Maw","floor":46,"turns":5},{"damage":42,"enemies":"Time Eater","floor":50,"turns":8}],"seed_played":"-5414538878407000986","potions_obtained":[{"floor":10.0,"key":"FearPotion"},{"floor":16.0,"key":"Fruit Juice"},{"floor":21.0,"key":"Dexterity Potion"},{"floor":28.0,"key":"Ancient Potion"},{"floor":33.0,"key":"Swift Potion"},{"floor":35.0,"key":"Regen Potion"},{"floor":36.0,"key":"BloodPotion"},{"floor":41.0,"key":"Strength Potion"},{"floor":44.0,"key":"FairyPotion"},{"floor":45.0,"key":"Energy Potion"},{"floor":46,"key":"Energy Potion"}],"is_trial":false,"path_per_floor":["M","?","?","$","M","R","E","R","T","M","?","R","E","?","R","B",null,"M","$","?","M","$","E","R","?","T","$","M","?","R","?","R","B",null,"M","M","?","?","$","R","M","R","T","E","M","M","R","?","R","B"],"character_chosen":"IRONCLAD","items_purchased":["Cleave","Uppercut","Block Potion","Battle Trance","Blind"],"campfire_rested":4,"item_purchase_floors":[4,22,22,27,27],"current_hp_per_floor":[67,67,67,67,65,65,39,60,60,66,66,66,56,56,56,35,68,65,65,65,61,61,64,64,64,64,64,60,60,60,60,77,77,77,77,57,77,77,77,77,42,66,66,69,67,56,81,81,81,45],"gold":205,"neow_bonus":"THREE_RARE_CARDS","is_prod":false,"is_daily":false,"chose_seed":false,"campfire_upgraded":7,"win_rate":0,"timestamp":1535980514,"path_taken":["M","?","?","$","M","R","E","R","T","M","?","R","E","?","R","BOSS","M","$","?","?","$","E","R","?","T","?","M","?","R","?","R","BOSS","M","M","?","?","$","R","?","R","T","E","M","M","R","?","R","BOSS"],"build_version":"2018-08-30","purchased_purges":2,"victory":true,"max_hp_per_floor":[72,72,72,72,72,72,72,72,72,72,72,72,72,72,72,72,77,77,77,77,77,77,77,77,77,77,77,77,77,77,77,77,77,77,77,80,80,80,80,80,80,80,80,80,84,84,84,84,84,84],"card_choices":[{"not_picked":["Brutality","Offering"],"picked":"Demon Form","floor":0.0},{"not_picked":["Pommel Strike","Clash"],"picked":"Shrug It Off","floor":1.0},{"not_picked":["Pommel Strike","Havoc","Intimidate"],"picked":"SKIP","floor":5.0},{"not_picked":["Thunderclap","Rage","Hemokinesis"],"picked":"SKIP","floor":7.0},{"not_picked":["Armaments","Pummel","Flex"],"picked":"SKIP","floor":10.0},{"not_picked":["Flame Barrier","True Grit"],"picked":"Heavy Blade","floor":13.0},{"not_picked":["Exhume","Dark Embrace"],"picked":"Feed","floor":16.0},{"not_picked":["Sentinel","Clash","Intimidate+1"],"picked":"SKIP","floor":18.0},{"not_picked":["Cleave+1","Carnage"],"picked":"Whirlwind","floor":21.0},{"not_picked":["Havoc","Bludgeon"],"picked":"Shrug It Off+1","floor":23.0},{"not_picked":["Infernal Blade","Cleave+1","True Grit"],"picked":"SKIP","floor":28.0},{"not_picked":["Armaments+1","Shrug It Off"],"picked":"Disarm","floor":35.0},{"not_picked":["Inflame","Thunderclap+1"],"picked":"Flame Barrier","floor":36.0},{"not_picked":["Searing Blow+1","Body Slam+1","True Grit"],"picked":"SKIP","floor":41.0},{"not_picked":["Anger+1","Wild Strike+1"],"picked":"Warcry+1","floor":44.0},{"not_picked":["Anger+1","Rage","Reckless Charge+1"],"picked":"SKIP","floor":45.0},{"not_picked":["Clash+1","Anger+1","Cleave+1"],"picked":"SKIP","floor":46}],"player_experience":135085,"relics_obtained":[{"floor":7.0,"key":"Thread and Needle"},{"floor":9.0,"key":"MawBank"},{"floor":13.0,"key":"Lantern"},{"floor":23.0,"key":"Torii"},{"floor":26.0,"key":"Molten Egg 2"},{"floor":43.0,"key":"Bag of Marbles"},{"floor":44.0,"key":"Whetstone"}],"event_choices":[{"event_name":"Golden Wing","player_choice":"Ignored","floor":2.0,"damage_taken":0.0},{"event_name":"Upgrade Shrine","player_choice":"Upgraded","floor":3.0,"damage_taken":0.0},{"event_name":"Upgrade Shrine","player_choice":"Upgraded","floor":11.0,"damage_taken":0.0},{"event_name":"Dead Adventurer","player_choice":"Searched \u00271\u0027 times","floor":14.0,"damage_taken":0.0},{"event_name":"The Mausoleum","player_choice":"Yes","floor":20.0,"damage_taken":0.0},{"event_name":"Beggar","player_choice":"Gave Gold","floor":25.0,"damage_taken":0.0},{"event_name":"Drug Dealer","player_choice":"Inject Mutagens","floor":29.0,"damage_taken":0.0},{"event_name":"Vampires","player_choice":"Ignored","floor":31.0,"damage_taken":0.0},{"event_name":"Winding Halls","player_choice":"Writhe","floor":37.0,"damage_taken":0.0},{"event_name":"SensoryStone","player_choice":"Memory 1","floor":38.0,"damage_taken":0.0},{"event_name":"Falling","player_choice":"Removed Attack","floor":48,"damage_taken":0}],"is_beta":false,"boss_relics":[{"not_picked":["Eternal Feather","Astrolabe"],"picked":"Snecko Eye"},{"not_picked":["Black Star","Runic Pyramid"],"picked":"White Beast Statue"}],"items_purged_floors":[27,39],"is_endless":false,"potions_floor_spawned":[10,16,21,28,33,35,36,41,44,45,46],"ascension_level":13}