{"gold_per_floor":[212,232,34,52,52,52,78,89,89,54,81,81,81,94,94,94],"floor_reached":16,"playtime":2862,"items_purged":[],"score":160,"play_id":"cea87c30-3d01-407f-8f72-56c2a789cf3c","local_time":"20190330173304","is_ascension_mode":true,"campfire_choices":[{"data":"Consume","floor":6.0,"key":"SMITH"},{"floor":15.0,"key":"REST"}],"neow_cost":"NONE","seed_source_timestamp":722375300401200,"circlet_count":0,"master_deck":["Strike_B","Strike_B","Strike_B","Defend_B","Defend_B","Defend_B","Defend_B","Zap","Dualcast","Coolheaded","Consume+1","Rebound","Electrodynamics","Compile Driver"],"special_seed":0,"relics":["Cracked Core","OrangePellets","Gremlin Horn","Matryoshka","Omamori","Singing Bowl"],"potions_floor_usage":[],"damage_taken":[{"damage":19.0,"enemies":"Small Slimes","floor":1.0,"turns":4.0},{"damage":0.0,"enemies":"2 Louse","floor":2.0,"turns":3.0},{"damage":0.0,"enemies":"Jaw Worm","floor":4.0,"turns":5.0},{"damage":20.0,"enemies":"Lagavulin","floor":7.0,"turns":8.0},{"damage":8.0,"enemies":"Large Slime","floor":8.0,"turns":4.0},{"damage":13.0,"enemies":"Gremlin Nob","floor":11.0,"turns":3.0},{"damage":2.0,"enemies":"3 Louse","floor":14.0,"turns":2.0},{"damage":36,"enemies":"Slime Boss","floor":16,"turns":6}],"seed_played":"-1092642033466420202","potions_obtained":[{"floor":2.0,"key":"SkillPotion"},{"floor":4.0,"key":"Ancient Potion"},{"floor":7.0,"key":"Energy Potion"},{"floor":8.0,"key":"Fire Potion"}],"is_trial":false,"path_per_floor":["M","M","$","M","?","R","E","M","T","?","E","?","?","M","R","B"],"character_chosen":"DEFECT","items_purchased":["OrangePellets"],"campfire_rested":1,"item_purchase_floors":[3],"current_hp_per_floor":[49,49,49,49,42,42,22,14,14,32,19,19,12,12,35,0],"gold":94,"neow_bonus":"HUNDRED_GOLD","is_prod":false,"is_daily":false,"chose_seed":false,"campfire_upgraded":1,"win_rate":0,"timestamp":1553988784,"path_taken":["M","M","$","M","?","R","E","M","T","?","E","?","?","M","R","BOSS"],"build_version":"2019-01-23","purchased_purges":0,"victory":false,"max_hp_per_floor":[75,75,75,75,75,75,75,75,75,75,75,75,75,77,77,77],"card_choices":[{"not_picked":["BootSequence","Rip and Tear"],"picked":"Coolheaded","floor":1.0},{"not_picked":["Barrage","Streamline"],"picked":"Consume","floor":2.0},{"not_picked":["Turbo","BootSequence","Barrage"],"picked":"SKIP","floor":4.0},{"not_picked":["Stack","Barrage"],"picked":"Rebound","floor":7.0},{"not_picked":["Steam","Leap"],"picked":"Electrodynamics","floor":8.0},{"not_picked":["Electrodynamics","Streamline"],"picked":"Compile Driver","floor":11.0},{"not_picked":["BootSequence","Storm","Chill"],"picked":"Singing Bowl","floor":14.0}],"player_experience":504593,"relics_obtained":[{"floor":7.0,"key":"Gremlin Horn"},{"floor":11.0,"key":"Matryoshka"}],"event_choices":[{"cards_removed":["Strike_B"],"damage_healed":0.0,"max_hp_gain":0.0,"max_hp_loss":0.0,"gold_gain":0.0,"event_name":"Golden Wing","player_choice":"Card Removal","floor":5.0,"gold_loss":0.0,"damage_taken":7.0},{"damage_healed":18.0,"max_hp_gain":0.0,"max_hp_loss":0.0,"gold_gain":0.0,"event_name":"The Cleric","player_choice":"Healed","floor":10.0,"gold_loss":35.0,"damage_taken":0.0},{"damage_healed":0.0,"max_hp_gain":0.0,"max_hp_loss":0.0,"gold_gain":0.0,"event_name":"Dead Adventurer","player_choice":"Searched \u00271\u0027 times","floor":12.0,"gold_loss":0.0,"damage_taken":0.0,"relics_obtained":["Omamori"]},{"damage_healed":0.0,"max_hp_gain":0.0,"max_hp_loss":0.0,"gold_gain":0.0,"event_name":"Scrap Ooze","player_choice":"Success","floor":13.0,"gold_loss":0.0,"damage_taken":7.0,"relics_obtained":["Singing Bowl"]}],"is_beta":false,"boss_relics":[],"items_purged_floors":[],"is_endless":false,"potions_floor_spawned":[2,4,7,8],"killed_by":"Slime Boss","ascension_level":9}