{"gold_per_floor":[109,125,125,137,212,243,243,259,284,233,246,271,283,313,325,435,447,473,485,515,543,346,365,365,380,431,451,461,480,480,493,493,596,596,609,98,114,114,159,186,198,198,228,0,0,10,25,38,38,38,38,38,38,63,63],"floor_reached":55,"playtime":1572,"items_purged":[],"score":797,"play_id":"c854bc1f-f29b-4547-afbc-55713aaff704","local_time":"20181108144514","is_ascension_mode":false,"campfire_choices":[{"floor":13,"key":"RECALL"},{"floor":15,"key":"REST"},{"floor":24,"key":"REST"},{"floor":32,"key":"REST"},{"floor":42,"key":"REST"},{"floor":49,"key":"REST"},{"data":"Strike_R","floor":52,"key":"PURGE"}],"neow_cost":"NONE","seed_source_timestamp":2049099833397,"circlet_count":0,"master_deck":["Strike_R+1","Strike_R","Strike_R+1","Strike_R","Defend_R","Defend_R","Defend_R","Defend_R","Bash","Iron Wave","Pommel Strike","Fire Breathing","Battle Trance","Flex","Shrug It Off","Limit Break","Twin Strike","Limit Break","Rage+1","Headbutt","Heavy Blade","Thunderclap","Infernal Blade+1","Juggernaut","Shrug It Off+1","Flex+1","Shockwave","Pommel Strike+1","Sword Boomerang+1","Sword Boomerang+1","Clash+1","Whirlwind+1"],"relics":["Fusion Hammer","Vajra","MawBank","Mark of Pain","Strawberry","Brimstone","Centennial Puzzle","Lizard Tail","Molten Egg 2","Meat on the Bone","Peace Pipe","Mango","Tiny Chest","Red Mask","Du-Vu Doll"],"potions_floor_usage":[4,14,21,25,33,33,50,54,54],"damage_taken":[{"damage":0,"enemies":"Cultist","floor":1,"turns":3},{"damage":8,"enemies":"2 Louse","floor":2,"turns":3},{"damage":0,"enemies":"Small Slimes","floor":4,"turns":2},{"damage":16,"enemies":"3 Sentries","floor":6,"turns":8},{"damage":3,"enemies":"Gremlin Gang","floor":8,"turns":4},{"damage":2,"enemies":"Blue Slaver","floor":11,"turns":3},{"damage":10,"enemies":"Gremlin Nob","floor":12,"turns":4},{"damage":0,"enemies":"2 Fungi Beasts","floor":14,"turns":3},{"damage":22,"enemies":"Slime Boss","floor":16,"turns":7},{"damage":7,"enemies":"Shell Parasite","floor":18,"turns":4},{"damage":15,"enemies":"2 Thieves","floor":20,"turns":4},{"damage":20,"enemies":"Snake Plant","floor":21,"turns":3},{"damage":0,"enemies":"Centurion and Healer","floor":23,"turns":3},{"damage":9,"enemies":"Chosen and Byrds","floor":25,"turns":4},{"damage":22,"enemies":"Shelled Parasite and Fungi","floor":27,"turns":3},{"damage":0,"enemies":"Snecko","floor":28,"turns":2},{"damage":0,"enemies":"3 Cultists","floor":29,"turns":2},{"damage":19,"enemies":"Shelled Parasite and Fungi","floor":31,"turns":3},{"damage":26,"enemies":"Champ","floor":33,"turns":4},{"damage":8,"enemies":"3 Darklings","floor":35,"turns":2},{"damage":11,"enemies":"Orb Walker","floor":37,"turns":3},{"damage":54,"enemies":"2 Orb Walkers","floor":39,"turns":5},{"damage":0,"enemies":"Nemesis","floor":40,"turns":3},{"damage":39,"enemies":"Writhing Mass","floor":41,"turns":3},{"damage":18,"enemies":"Spire Growth","floor":46,"turns":3},{"damage":12,"enemies":"4 Shapes","floor":47,"turns":3},{"damage":29,"enemies":"Maw","floor":48,"turns":5},{"damage":67,"enemies":"Donu and Deca","floor":50,"turns":5},{"damage":11,"enemies":"Shield and Spear","floor":54,"turns":3},{"damage":152,"enemies":"The Heart","floor":55,"turns":5}],"seed_played":"2096537028988152788","potions_obtained":[{"floor":2,"key":"BloodPotion"},{"floor":4,"key":"Dexterity Potion"},{"floor":11,"key":"Weak Potion"},{"floor":20,"key":"Block Potion"},{"floor":23,"key":"SkillPotion"},{"floor":29,"key":"Poison Potion"},{"floor":31,"key":"GamblersBrew"},{"floor":33,"key":"FearPotion"},{"floor":37,"key":"PowerPotion"},{"floor":39,"key":"GamblersBrew"},{"floor":41,"key":"Energy Potion"},{"floor":48,"key":"Fire Potion"}],"is_trial":false,"path_per_floor":["M","M","?","M","?","E","?","M","T","$","M","E","R","M","R","B",null,"M","?","M","M","$","M","R","M","T","M","M","M","?","M","R","B",null,"M","$","M","$","?","E","M","R","T","?","$","M","M","M","R","B",null,"R","$","E","B"],"character_chosen":"IRONCLAD","items_purchased":["Flex","Brimstone","Molten Egg 2","Meat on the Bone"],"campfire_rested":5,"item_purchase_floors":[10,22,36,36],"current_hp_per_floor":[80,72,56,64,53,37,37,34,34,34,32,22,22,22,46,24,80,73,80,65,45,45,45,71,62,62,40,40,40,23,4,31,5,92,84,84,73,73,31,57,30,61,61,61,61,55,55,38,69,14,106,106,106,95,0],"gold":63,"neow_bonus":"BOSS_RELIC","is_prod":false,"is_daily":false,"chose_seed":false,"campfire_upgraded":0,"win_rate":0,"timestamp":1541648714,"path_taken":["M","M","?","M","?","E","?","?","T","?","M","E","R","M","R","BOSS","M","?","M","M","$","M","R","?","T","M","M","M","?","M","R","BOSS","M","$","M","$","?","E","M","R","T","?","?","M","M","M","R","BOSS","R","$","E","BOSS"],"build_version":"2018-11-06","purchased_purges":0,"victory":false,"max_hp_per_floor":[80,80,80,80,80,80,80,80,80,80,80,80,80,80,80,80,80,80,87,87,87,87,87,87,87,87,87,87,87,92,92,92,92,92,92,92,92,92,92,106,106,106,106,106,106,106,106,106,106,106,106,106,106,106,106],"card_choices":[{"not_picked":["Clothesline","Clash"],"picked":"Iron Wave","floor":1},{"not_picked":["Body Slam","Blood for Blood"],"picked":"Pommel Strike","floor":2},{"not_picked":["Power Through","Warcry"],"picked":"Fire Breathing","floor":4},{"not_picked":["Burning Pact","Rupture","Body Slam"],"picked":"SKIP","floor":6},{"not_picked":["Pommel Strike","Fire Breathing"],"picked":"Battle Trance","floor":8},{"not_picked":["Flex","Uppercut"],"picked":"Shrug It Off","floor":11},{"not_picked":["Intimidate","Headbutt"],"picked":"Limit Break","floor":12},{"not_picked":["Clash","Second Wind"],"picked":"Twin Strike","floor":14},{"not_picked":["Feed","Barricade"],"picked":"Limit Break","floor":16},{"not_picked":["Fire Breathing+1","Shockwave"],"picked":"Rage+1","floor":18},{"not_picked":["Clothesline","Twin Strike"],"picked":"Headbutt","floor":20},{"not_picked":["Clothesline","Reckless Charge","True Grit+1"],"picked":"SKIP","floor":21},{"not_picked":["True Grit","Pommel Strike"],"picked":"Heavy Blade","floor":23},{"not_picked":["Heavy Blade","Sever Soul"],"picked":"Thunderclap","floor":25},{"not_picked":["Headbutt","Intimidate+1"],"picked":"Infernal Blade+1","floor":27},{"not_picked":["Twin Strike","Sever Soul","Body Slam"],"picked":"SKIP","floor":28},{"not_picked":["Fiend Fire","Entrench","Armaments"],"picked":"SKIP","floor":29},{"not_picked":["Headbutt","Havoc","Rupture"],"picked":"SKIP","floor":31},{"not_picked":["Bludgeon","Barricade"],"picked":"Juggernaut","floor":33},{"not_picked":["Iron Wave+1","Fire Breathing"],"picked":"Shrug It Off+1","floor":35},{"not_picked":["Combust+1","Anger+1"],"picked":"Flex+1","floor":37},{"not_picked":["Rupture","Twin Strike+1"],"picked":"Shockwave","floor":39},{"not_picked":["Searing Blow+1","Sentinel"],"picked":"Pommel Strike+1","floor":40},{"not_picked":["Shrug It Off+1","Bloodletting+1"],"picked":"Sword Boomerang+1","floor":41},{"not_picked":["Pommel Strike+1","Clash+1"],"picked":"Sword Boomerang+1","floor":46},{"not_picked":["Cleave+1","Clothesline+1","Sword Boomerang+1"],"picked":"SKIP","floor":47},{"not_picked":["Body Slam+1","Iron Wave+1"],"picked":"Clash+1","floor":48},{"not_picked":["Anger+1","Hemokinesis+1"],"picked":"Whirlwind+1","floor":54}],"player_experience":194094,"relics_obtained":[{"floor":6,"key":"Vajra"},{"floor":12,"key":"MawBank"},{"floor":26,"key":"Centennial Puzzle"},{"floor":39,"key":"Peace Pipe"},{"floor":40,"key":"Mango"},{"floor":43,"key":"Tiny Chest"},{"floor":54,"key":"Du-Vu Doll"}],"event_choices":[{"damage_healed":0,"gold_gain":0,"player_choice":"Entered Light","damage_taken":16,"max_hp_gain":0,"max_hp_loss":0,"event_name":"Shining Light","floor":3,"gold_loss":0,"cards_upgraded":["Strike_R","Strike_R"]},{"damage_healed":0,"gold_gain":75,"player_choice":"Gather Gold","damage_taken":11,"max_hp_gain":0,"max_hp_loss":0,"event_name":"World of Goop","floor":5,"gold_loss":0},{"cards_removed":["Hologram"],"damage_healed":0,"gold_gain":0,"player_choice":"Took Card","damage_taken":0,"max_hp_gain":0,"max_hp_loss":0,"event_name":"NoteForYourself","floor":7,"gold_loss":0,"cards_obtained":["Hologram"]},{"damage_healed":0,"gold_gain":0,"player_choice":"Gave Potion","damage_taken":0,"relics_obtained":["Strawberry"],"max_hp_gain":0,"max_hp_loss":0,"event_name":"WeMeetAgain","floor":19,"gold_loss":0},{"damage_healed":0,"gold_gain":0,"player_choice":"Shed Blood","damage_taken":22,"max_hp_gain":5,"max_hp_loss":0,"event_name":"Forgotten Altar","floor":30,"gold_loss":0},{"damage_healed":0,"gold_gain":0,"player_choice":"Fight","damage_taken":0,"max_hp_gain":0,"max_hp_loss":0,"event_name":"Mysterious Sphere","floor":39,"gold_loss":0},{"damage_healed":0,"gold_gain":0,"player_choice":"Paid","damage_taken":0,"relics_obtained":["Red Mask"],"max_hp_gain":0,"max_hp_loss":0,"event_name":"Tomb of Lord Red Mask","floor":44,"gold_loss":228}],"is_beta":true,"boss_relics":[{"not_picked":["Runic Cube","Astrolabe"],"picked":"Mark of Pain"},{"not_picked":["Snecko Eye","Runic Dome"],"picked":"Lizard Tail"}],"items_purged_floors":[],"is_endless":false,"potions_floor_spawned":[2,4,11,20,23,29,31,33,37,39,41,46,48],"killed_by":"The Heart","ascension_level":0}