{"gold_per_floor":[110,128,148,165,165,165,63,88,112,137,151,151,171,190,190,315,315,336,435,455,382,396,396,427,447,520,544,544,564,578,578,578,698,698,711,312,327,452,44,44,79,79,156,156,156,191,191,229,229,229],"floor_reached":50,"playtime":3346,"items_purged":["Injury","Blizzard"],"score":622,"play_id":"146faf91-1731-4761-aff4-1598f593521c","local_time":"20190412231301","is_ascension_mode":true,"campfire_choices":[{"data":"Creative AI","floor":12,"key":"SMITH"},{"data":"Defragment","floor":15,"key":"SMITH"},{"data":"Chill","floor":23,"key":"SMITH"},{"floor":28,"key":"REST"},{"data":"Defragment","floor":32,"key":"SMITH"},{"data":"White Noise","floor":40,"key":"SMITH"},{"floor":42,"key":"REST"},{"data":"Consume","floor":47,"key":"SMITH"},{"floor":49,"key":"REST"}],"neow_cost":"NONE","seed_source_timestamp":17062305703183,"circlet_count":0,"master_deck":["Zap+1","Dualcast","Creative AI+1","Sweeping Beam","Chill+1","Genetic Algorithm","Cold Snap","Conserve Battery","Defragment+1","Electrodynamics","Darkness","Defragment+1","Compile Driver","Capacitor","Fusion","Consume+1","FTL","Consume+1","Coolheaded+1","Rainbow","Recycle","Fusion+1","White Noise+1","Force Field","Hologram+1","Stack+1"],"relics":["Cracked Core","Golden Idol","Odd Mushroom","War Paint","Pandora\u0027s Box","Regal Pillow","Bottled Tornado","Sozu","Gremlin Horn","Lantern","Prayer Wheel","Dodecahedron","Bag of Marbles","Toxic Egg 2","Dream Catcher","Ancient Tea Set","Centennial Puzzle"],"potions_floor_usage":[8,10,18,20,24,30],"damage_taken":[{"damage":12,"enemies":"Small Slimes","floor":1,"turns":5},{"damage":3,"enemies":"Jaw Worm","floor":2,"turns":3},{"damage":1,"enemies":"2 Louse","floor":3,"turns":2},{"damage":2,"enemies":"2 Fungi Beasts","floor":4,"turns":3},{"damage":0,"enemies":"The Mushroom Lair","floor":8,"turns":5},{"damage":3,"enemies":"Blue Slaver","floor":10,"turns":3},{"damage":0,"enemies":"Large Slime","floor":11,"turns":6},{"damage":6,"enemies":"Lots of Slimes","floor":13,"turns":4},{"damage":3,"enemies":"3 Louse","floor":14,"turns":4},{"damage":12,"enemies":"Hexaghost","floor":16,"turns":9},{"damage":4,"enemies":"Spheric Guardian","floor":18,"turns":5},{"damage":20,"enemies":"2 Thieves","floor":20,"turns":3},{"damage":11,"enemies":"3 Cultists","floor":22,"turns":3},{"damage":20,"enemies":"Book of Stabbing","floor":24,"turns":7},{"damage":5,"enemies":"Snecko","floor":25,"turns":6},{"damage":14,"enemies":"Centurion and Healer","floor":27,"turns":8},{"damage":2,"enemies":"Cultist and Chosen","floor":29,"turns":7},{"damage":3,"enemies":"Snecko","floor":30,"turns":4},{"damage":3,"enemies":"Champ","floor":33,"turns":10},{"damage":3,"enemies":"3 Darklings","floor":35,"turns":4},{"damage":0,"enemies":"3 Shapes","floor":37,"turns":5},{"damage":0,"enemies":"Mind Bloom Boss Battle","floor":38,"turns":6},{"damage":15,"enemies":"Giant Head","floor":41,"turns":9},{"damage":0,"enemies":"Nemesis","floor":46,"turns":9},{"damage":12,"enemies":"Giant Head","floor":48,"turns":8},{"damage":76,"enemies":"Time Eater","floor":50,"turns":5}],"seed_played":"-2558848373642860501","potions_obtained":[{"floor":4,"key":"Fire Potion"},{"floor":8,"key":"AttackPotion"},{"floor":14,"key":"Energy Potion"},{"floor":16,"key":"SpeedPotion"},{"floor":20,"key":"EssenceOfSteel"},{"floor":24,"key":"FearPotion"},{"floor":27,"key":"Energy Potion"}],"is_trial":false,"path_per_floor":["M","M","M","M","?","?","$","?","T","M","M","R","M","M","R","B",null,"M","?","M","$","M","R","E","M","T","M","R","M","M","?","R","B",null,"M","$","M","?","$","R","E","R","T","T","?","E","R","E","R","B"],"character_chosen":"DEFECT","items_purchased":["Cold Snap","FTL","Gremlin Horn","Lantern","Dodecahedron","White Noise"],"campfire_rested":3,"item_purchase_floors":[7,21,36,36,39,39],"current_hp_per_floor":[63,60,59,57,50,50,50,50,50,47,47,47,41,38,38,26,75,71,71,51,51,40,40,20,15,15,1,38,36,33,33,33,30,75,72,72,72,72,72,72,57,75,75,75,75,75,75,63,75,0],"gold":229,"neow_bonus":"ONE_RANDOM_RARE_CARD","is_prod":false,"is_daily":false,"chose_seed":false,"campfire_upgraded":6,"win_rate":0,"timestamp":1555074781,"path_taken":["M","M","M","M","?","?","$","?","T","M","M","R","M","M","R","BOSS","M","?","M","$","M","R","E","M","T","M","R","M","M","?","R","BOSS","M","$","M","?","$","R","E","R","T","?","?","E","R","E","R","BOSS"],"build_version":"2019-01-23","purchased_purges":2,"victory":false,"max_hp_per_floor":[75,75,75,75,75,75,75,75,75,75,75,75,75,75,75,75,75,75,75,75,75,75,75,75,75,75,75,75,75,75,75,75,75,75,75,75,75,75,75,75,75,75,75,75,75,75,75,75,75,75],"card_choices":[{"not_picked":["Cold Snap","Self Repair"],"picked":"Sweeping Beam","floor":1},{"not_picked":["Hello World","Barrage"],"picked":"Chill","floor":2},{"not_picked":["Coolheaded","Rebound","Chill"],"picked":"SKIP","floor":3},{"not_picked":["Stack","Beam Cell"],"picked":"Genetic Algorithm","floor":4},{"not_picked":["Darkness","Skim"],"picked":"Conserve Battery","floor":8},{"not_picked":["Steam","Compile Driver","Coolheaded"],"picked":"SKIP","floor":10},{"not_picked":["Hello World","Streamline","Tempest"],"picked":"SKIP","floor":11},{"not_picked":["Rebound","Doom and Gloom"],"picked":"Defragment","floor":13},{"not_picked":["Sunder","Coolheaded","Loop"],"picked":"SKIP","floor":14},{"not_picked":["Buffer","Creative AI"],"picked":"Electrodynamics","floor":16},{"not_picked":["Self Repair","Gash"],"picked":"Consume","floor":18},{"not_picked":["Aggregate","Sweeping Beam+1","Compile Driver+1"],"picked":"SKIP","floor":20},{"not_picked":["Cold Snap","Capacitor","Gash"],"picked":"SKIP","floor":22},{"not_picked":["Gash+1","Steam","Rebound"],"picked":"SKIP","floor":24},{"not_picked":["Compile Driver","Streamline"],"picked":"Consume+1","floor":25},{"not_picked":["Stack","Conserve Battery"],"picked":"Coolheaded+1","floor":27},{"not_picked":["Steam Power+1","Scrape","Sweeping Beam"],"picked":"SKIP","floor":29},{"not_picked":["Streamline","Rip and Tear","Ball Lightning"],"picked":"SKIP","floor":30},{"not_picked":["Fission","Amplify"],"picked":"Rainbow","floor":33},{"not_picked":["Barrage+1","Blizzard+1"],"picked":"Recycle","floor":35},{"not_picked":["Darkness","Aggregate","Fusion"],"picked":"SKIP","floor":37},{"not_picked":["Sunder","Reprogram"],"picked":"Fusion+1","floor":38},{"not_picked":["Stack","Ball Lightning"],"picked":"Force Field","floor":41},{"not_picked":["Heatsinks","Streamline+1"],"picked":"Hologram+1","floor":46},{"not_picked":["Buffer","Machine Learning","Cold Snap+1"],"picked":"SKIP","floor":48},{"not_picked":["Cold Snap+1","Self Repair+1"],"picked":"Stack+1","floor":49}],"player_experience":115745,"relics_obtained":[{"floor":8,"key":"Odd Mushroom"},{"floor":9,"key":"War Paint"},{"floor":24,"key":"Regal Pillow"},{"floor":26,"key":"Bottled Tornado"},{"floor":38,"key":"Prayer Wheel"},{"floor":41,"key":"Bag of Marbles"},{"floor":43,"key":"Toxic Egg 2"},{"floor":44,"key":"Dream Catcher"},{"floor":46,"key":"Ancient Tea Set"},{"floor":48,"key":"Centennial Puzzle"}],"event_choices":[{"cards_removed":["Strike_B"],"damage_healed":0,"gold_gain":0,"player_choice":"Card Removal","damage_taken":7,"max_hp_gain":0,"max_hp_loss":0,"event_name":"Golden Wing","floor":5,"gold_loss":0},{"damage_healed":0,"gold_gain":0,"player_choice":"Take Wound","damage_taken":0,"relics_obtained":["Golden Idol"],"max_hp_gain":0,"max_hp_loss":0,"event_name":"Golden Idol","floor":6,"gold_loss":0,"cards_obtained":["Injury"]},{"damage_healed":0,"gold_gain":0,"player_choice":"Fought Mushrooms","damage_taken":0,"max_hp_gain":0,"max_hp_loss":0,"event_name":"Mushrooms","floor":8,"gold_loss":0},{"damage_healed":0,"gold_gain":99,"player_choice":"Stole From Cult","damage_taken":0,"max_hp_gain":0,"max_hp_loss":0,"event_name":"Nest","floor":19,"gold_loss":0},{"damage_healed":0,"gold_gain":0,"player_choice":"Ignored","damage_taken":0,"max_hp_gain":0,"max_hp_loss":0,"event_name":"Vampires","floor":31,"gold_loss":0},{"damage_healed":0,"gold_gain":0,"player_choice":"Fight","damage_taken":0,"max_hp_gain":0,"max_hp_loss":0,"event_name":"MindBloom","floor":38,"gold_loss":0},{"cards_removed":["Cold Snap"],"damage_healed":0,"gold_gain":0,"player_choice":"Removed Attack","damage_taken":0,"max_hp_gain":0,"max_hp_loss":0,"event_name":"Falling","floor":45,"gold_loss":0}],"is_beta":false,"boss_relics":[{"not_picked":["Astrolabe","Philosopher\u0027s Stone"],"picked":"Pandora\u0027s Box"},{"not_picked":["Runic Dome","White Beast Statue"],"picked":"Sozu"}],"items_purged_floors":[7,39],"is_endless":false,"potions_floor_spawned":[4,8,14,16,20,24,27,35,41,46],"killed_by":"Time Eater","ascension_level":1}