{"gold_per_floor":[111,127,52,62,5,40,40,40,40,40,52,52,87,87],"floor_reached":14,"playtime":603,"items_purged":["Defend_B"],"score":181,"play_id":"73c274c7-3b2b-4151-a74e-9a4b9ba5595c","local_time":"20190609082149","is_ascension_mode":true,"campfire_choices":[{"data":"Fusion","floor":10,"key":"SMITH"},{"data":"Genetic Algorithm","floor":12,"key":"SMITH"}],"neow_cost":"NONE","seed_source_timestamp":667027160560400,"circlet_count":0,"master_deck":["AscendersBane","Strike_B","Strike_B+1","Strike_B","Strike_B","Defend_B","Defend_B+1","Defend_B","Zap","Dualcast","Genetic Algorithm+1","Go for the Eyes","Ball Lightning","Beam Cell","Fusion+1","Hologram","Echo Form"],"relics":["Cracked Core","StoneCalendar","Question Card","PreservedInsect"],"potions_floor_usage":[6,6,14],"damage_taken":[{"damage":0,"enemies":"Cultist","floor":1,"turns":4},{"damage":3,"enemies":"Jaw Worm","floor":2,"turns":4},{"damage":0,"enemies":"Small Slimes","floor":4,"turns":2},{"damage":15,"enemies":"Lagavulin","floor":6,"turns":5},{"damage":7,"enemies":"Blue Slaver","floor":11,"turns":3},{"damage":44,"enemies":"3 Sentries","floor":13,"turns":7},{"damage":12,"enemies":"Gremlin Gang","floor":14,"turns":1}],"seed_played":"-8040206826296344664","potions_obtained":[{"floor":1,"key":"Dexterity Potion"},{"floor":4,"key":"Dexterity Potion"},{"floor":13,"key":"Regen Potion"}],"is_trial":false,"path_per_floor":["M","M","$","M","$","E","?","?","T","R","M","R","E","M"],"character_chosen":"DEFECT","items_purchased":["Beam Cell"],"campfire_rested":0,"item_purchase_floors":[5],"current_hp_per_floor":[71,68,68,68,68,53,30,56,56,56,49,49,5,0],"gold":87,"neow_bonus":"TEN_PERCENT_HP_BONUS","is_prod":false,"is_daily":false,"chose_seed":false,"campfire_upgraded":2,"win_rate":0,"timestamp":1560090109,"path_taken":["M","M","$","?","$","E","?","?","T","R","M","R","E","M"],"build_version":"2019-01-23","purchased_purges":1,"victory":false,"max_hp_per_floor":[78,78,78,78,78,78,78,78,78,78,78,78,78,78],"card_choices":[{"not_picked":["Tempest","Redo"],"picked":"Genetic Algorithm","floor":1},{"not_picked":["Rebound","Reprogram"],"picked":"Go for the Eyes","floor":2},{"not_picked":["Go for the Eyes","Recycle"],"picked":"Ball Lightning","floor":4},{"not_picked":["Hologram","Stack"],"picked":"Fusion","floor":6},{"not_picked":["Scrape","Go for the Eyes","Leap"],"picked":"Hologram","floor":11},{"not_picked":["Reprogram","Leap","Chaos"],"picked":"Echo Form","floor":13}],"player_experience":863191,"relics_obtained":[{"floor":6,"key":"StoneCalendar"},{"floor":9,"key":"Question Card"},{"floor":13,"key":"PreservedInsect"}],"event_choices":[{"damage_healed":0,"gold_gain":0,"player_choice":"Entered Light","damage_taken":23,"max_hp_gain":0,"max_hp_loss":0,"event_name":"Shining Light","floor":7,"gold_loss":0,"cards_upgraded":["Strike_B","Defend_B"]},{"damage_healed":26,"gold_gain":0,"player_choice":"Banana","damage_taken":0,"max_hp_gain":0,"max_hp_loss":0,"event_name":"Big Fish","floor":8,"gold_loss":0}],"is_beta":false,"boss_relics":[],"items_purged_floors":[3],"is_endless":false,"potions_floor_spawned":[1,4,13],"killed_by":"Gremlin Gang","ascension_level":17}