{"gold_per_floor":[363,102,113,188,202,202,217,217,270,282],"floor_reached":10,"playtime":460,"items_purged":[],"score":116,"play_id":"f9709f17-9e4a-4fae-a42c-cabe0d821411","local_time":"20190402003216","is_ascension_mode":true,"campfire_choices":[{"data":"Footwork","floor":6,"key":"SMITH"},{"data":"Caltrops","floor":8,"key":"SMITH"}],"neow_cost":"TEN_PERCENT_HP_LOSS","seed_source_timestamp":357998848832879,"circlet_count":0,"master_deck":["AscendersBane","Defend_G","Defend_G","Defend_G","Defend_G","Defend_G","Strike_G","Strike_G","Strike_G","Strike_G","Strike_G","Survivor","Neutralize","Footwork+1","Choke","Caltrops+1"],"relics":["Ring of the Snake","Bag of Preparation","MawBank"],"potions_floor_usage":[7,10,10],"damage_taken":[{"damage":3,"enemies":"Cultist","floor":1,"turns":5},{"damage":2,"enemies":"Small Slimes","floor":3,"turns":9},{"damage":15,"enemies":"Jaw Worm","floor":5,"turns":8},{"damage":3,"enemies":"Lots of Slimes","floor":7,"turns":9},{"damage":36,"enemies":"Gremlin Nob","floor":10,"turns":4}],"seed_played":"6413135895592243634","potions_obtained":[{"floor":5,"key":"Block Potion"},{"floor":7,"key":"PowerPotion"}],"is_trial":false,"path_per_floor":["M","$","M","?","M","R","M","R","T","E"],"character_chosen":"THE_SILENT","items_purchased":["Footwork","Bag of Preparation","Strength Potion"],"campfire_rested":0,"item_purchase_floors":[2,2,2],"current_hp_per_floor":[56,56,54,43,28,28,25,25,25,0],"gold":282,"neow_bonus":"TWO_FIFTY_GOLD","is_prod":false,"is_daily":false,"chose_seed":false,"campfire_upgraded":2,"win_rate":0,"timestamp":1554186736,"path_taken":["M","$","?","?","M","R","M","R","T","E"],"build_version":"2019-01-23","purchased_purges":0,"victory":false,"max_hp_per_floor":[60,60,60,60,60,60,60,60,60,60],"card_choices":[{"not_picked":["Sucker Punch","Dodge and Roll","Underhanded Strike"],"picked":"SKIP","floor":1},{"not_picked":["Riddle With Holes","Outmaneuver","Bane"],"picked":"SKIP","floor":3},{"not_picked":["Sucker Punch","Deflect"],"picked":"Choke","floor":5},{"not_picked":["Deadly Poison","Dagger Throw"],"picked":"Caltrops","floor":7}],"player_experience":414826,"relics_obtained":[{"floor":9,"key":"MawBank"}],"event_choices":[{"damage_healed":0,"gold_gain":75,"player_choice":"Gather Gold","damage_taken":11,"max_hp_gain":0,"max_hp_loss":0,"event_name":"World of Goop","floor":4,"gold_loss":0}],"is_beta":false,"boss_relics":[],"items_purged_floors":[],"is_endless":false,"potions_floor_spawned":[5,7],"killed_by":"Gremlin Nob","ascension_level":20}