{"gold_per_floor":[119,119,144,160,50,89,89,89,158,193,1,1,35,51,51,175,175,194,212,230,130,154,154,114,114,114,114,114,129,129,129,129,254,254,273,25,25,325,350,350,371,404,451,467,492,511,166,190,190,190],"floor_reached":51,"playtime":2599,"items_purged":["Injury","Strike_B","Doubt"],"score":1155,"play_id":"0ac622aa-dc96-4fa0-8455-5cae05e13d69","local_time":"20180910175046","is_ascension_mode":true,"campfire_choices":[{"data":"Defragment","floor":7.0,"key":"SMITH"},{"data":"Zap","floor":12.0,"key":"SMITH"},{"data":"Go for the Eyes","floor":15.0,"key":"SMITH"},{"data":"Redo","floor":23.0,"key":"SMITH"},{"data":"Self Repair","floor":25.0,"key":"SMITH"},{"data":"White Noise","floor":28,"key":"SMITH"},{"floor":30,"key":"REST"},{"data":"Dualcast","floor":32,"key":"SMITH"},{"data":"Seek","floor":40,"key":"SMITH"},{"data":"Defragment","floor":49,"key":"SMITH"}],"neow_cost":"NONE","seed_source_timestamp":2311307839039306,"circlet_count":0,"master_deck":["Strike_B","Strike_B","Strike_B","Defend_B","Defend_B","Defend_B","Defend_B","Zap+1","Dualcast+1","AscendersBane","Glacier","Compile Driver","Ball Lightning","Defragment+1","Conserve Battery","Auto Shields","Go for the Eyes+1","Streamline","Core Surge","Defragment+1","White Noise+1","Redo+1","Self Repair+1","Leap","Seek+1","Ball Lightning+1","Seek","Defragment+1","Loop"],"special_seed":0,"relics":["Cracked Core","Anchor","Golden Idol","Pantograph","Symbiotic Virus","Kunai","WingedGreaves","Runic Capacitor","Orichalcum","Cursed Key","Sozu","Cables","Old Coin","Bronze Scales","Lantern","Centennial Puzzle"],"potions_floor_usage":[33,41],"damage_taken":[{"damage":0.0,"enemies":"Jaw Worm","floor":1.0,"turns":3.0},{"damage":0.0,"enemies":"2 Louse","floor":3.0,"turns":2.0},{"damage":1.0,"enemies":"Cultist","floor":4.0,"turns":4.0},{"damage":18.0,"enemies":"Gremlin Nob","floor":6.0,"turns":5.0},{"damage":0.0,"enemies":"3 Sentries","floor":10.0,"turns":6.0},{"damage":1.0,"enemies":"Lagavulin","floor":13.0,"turns":5.0},{"damage":0.0,"enemies":"Exordium Thugs","floor":14.0,"turns":4.0},{"damage":11.0,"enemies":"The Guardian","floor":16.0,"turns":8.0},{"damage":0.0,"enemies":"Chosen","floor":18.0,"turns":5.0},{"damage":9.0,"enemies":"2 Thieves","floor":19.0,"turns":4.0},{"damage":6.0,"enemies":"Snecko","floor":20.0,"turns":5.0},{"damage":12.0,"enemies":"3 Cultists","floor":22.0,"turns":4.0},{"damage":6,"enemies":"Sentry and Sphere","floor":29,"turns":3},{"damage":47,"enemies":"Automaton","floor":33,"turns":9},{"damage":0,"enemies":"Orb Walker","floor":35,"turns":4},{"damage":20,"enemies":"Mind Bloom Boss Battle","floor":38,"turns":5},{"damage":7,"enemies":"3 Shapes","floor":39,"turns":4},{"damage":0,"enemies":"Transient","floor":41,"turns":5},{"damage":0,"enemies":"2 Orb Walkers","floor":42,"turns":5},{"damage":0,"enemies":"Spire Growth","floor":44,"turns":6},{"damage":6,"enemies":"3 Darklings","floor":45,"turns":5},{"damage":8,"enemies":"Sphere and 2 Shapes","floor":46,"turns":5},{"damage":20,"enemies":"4 Shapes","floor":48,"turns":5},{"damage":18,"enemies":"Donu and Deca","floor":50,"turns":11}],"seed_played":"2242671281447845159","potions_obtained":[{"floor":3.0,"key":"PowerPotion"},{"floor":4.0,"key":"LiquidBronze"},{"floor":10.0,"key":"SteroidPotion"},{"floor":14.0,"key":"Weak Potion"},{"floor":16.0,"key":"Weak Potion"},{"floor":22.0,"key":"Strength Potion"}],"is_trial":false,"path_per_floor":["M","?","M","M","$","E","R","T","T","E","$","R","E","M","R","B",null,"M","M","M","$","M","R","$","R","T","?","R","M","R","T","R","B",null,"M","$","$","?","M","R","M","E","T","M","M","M","$","M","R","B"],"character_chosen":"DEFECT","items_purchased":["Defragment","Runic Capacitor","Self Repair","Cables","Centennial Puzzle","Loop"],"campfire_rested":1,"item_purchase_floors":[5,11,24,36,47,47],"current_hp_per_floor":[68,68,68,67,67,49,49,49,49,49,49,49,48,48,48,62,72,72,63,57,57,45,45,45,45,45,45,45,39,61,61,61,38,66,75,75,75,65,68,68,75,75,75,75,69,75,75,65,65,67],"gold":190,"neow_bonus":"RANDOM_COMMON_RELIC","is_prod":false,"is_daily":false,"chose_seed":false,"campfire_upgraded":9,"win_rate":0,"timestamp":1536616246,"path_taken":["M","?","M","?","$","E","R","?","T","E","$","R","E","M","R","BOSS","M","M","M","$","?","R","$","R","T","?","R","M","R","?","R","BOSS","M","?","$","?","M","R","M","E","T","M","M","M","$","?","R","BOSS"],"build_version":"2018-09-06","purchased_purges":3,"victory":true,"max_hp_per_floor":[75,75,75,75,75,75,75,75,75,75,75,75,75,75,75,75,75,75,75,75,75,75,75,75,75,75,75,75,75,75,75,75,75,75,75,75,75,75,75,75,75,75,75,75,75,75,75,75,75,75],"card_choices":[{"not_picked":["Barrage","Heatsinks"],"picked":"Glacier","floor":1.0},{"not_picked":["Beam Cell","Streamline"],"picked":"Compile Driver","floor":3.0},{"not_picked":["Gash","Darkness"],"picked":"Ball Lightning","floor":4.0},{"not_picked":["Scrape","Go for the Eyes"],"picked":"Conserve Battery","floor":6.0},{"not_picked":["Force Field","Darkness"],"picked":"Auto Shields","floor":10.0},{"not_picked":["Recycle","Sweeping Beam"],"picked":"Go for the Eyes","floor":13.0},{"not_picked":["Compile Driver","Recycle"],"picked":"Streamline","floor":14.0},{"not_picked":["Meteor Strike","Thunder Strike"],"picked":"Core Surge","floor":16.0},{"not_picked":["Rebound+1","Static Discharge"],"picked":"Defragment+1","floor":18.0},{"not_picked":["Beam Cell","Steam","All For One"],"picked":"SKIP","floor":19.0},{"not_picked":["Turbo","Compile Driver"],"picked":"White Noise","floor":20.0},{"not_picked":["Rip and Tear","Turbo+1"],"picked":"Redo","floor":22.0},{"not_picked":["Turbo","Streamline"],"picked":"Leap","floor":29},{"not_picked":["Multi-Cast","Machine Learning"],"picked":"Seek","floor":33},{"not_picked":["Go for the Eyes+1","Coolheaded+1"],"picked":"Ball Lightning+1","floor":35},{"not_picked":["Redo+1","Rebound+1","Steam"],"picked":"SKIP","floor":39},{"not_picked":["Hello World","Turbo+1"],"picked":"Seek","floor":41},{"not_picked":["Hologram","Compile Driver","Turbo"],"picked":"SKIP","floor":42},{"not_picked":["Redo+1","Rebound+1"],"picked":"Defragment","floor":44},{"not_picked":["Go for the Eyes","Barrage+1","Steam+1"],"picked":"SKIP","floor":45},{"not_picked":["Compile Driver+1","Chaos+1","Steam+1"],"picked":"SKIP","floor":46},{"not_picked":["Steam+1","Rip and Tear","Sunder+1"],"picked":"SKIP","floor":48}],"player_experience":140034,"relics_obtained":[{"floor":6.0,"key":"Pantograph"},{"floor":8.0,"key":"Symbiotic Virus"},{"floor":9.0,"key":"Kunai"},{"floor":10.0,"key":"WingedGreaves"},{"floor":13.0,"key":"Orichalcum"},{"floor":38,"key":"Old Coin"},{"floor":42,"key":"Bronze Scales"},{"floor":43,"key":"Lantern"}],"event_choices":[{"event_name":"Golden Idol","player_choice":"Take Wound","floor":2.0,"damage_taken":0.0},{"event_name":"Ghosts","player_choice":"Ignored","floor":27,"damage_taken":0},{"event_name":"MindBloom","player_choice":"Fight","floor":38,"damage_taken":0}],"is_beta":false,"boss_relics":[{"not_picked":["Black Star","Eternal Feather"],"picked":"Cursed Key"},{"not_picked":["Fusion Hammer","Calling Bell"],"picked":"Sozu"}],"items_purged_floors":[5,21,47],"is_endless":false,"potions_floor_spawned":[3,4,10,14,16,22,29,35,42,44,46],"ascension_level":11}