{"gold_per_floor":[113,123,88,105,117,147,147,147,147,175,100,117,117,150,150,249,249,268,268,67,67,85,85,98,98],"floor_reached":25,"playtime":871,"items_purged":["Strike_B"],"score":243,"play_id":"ffe9f5d1-9c53-4cc7-985f-865491b4170d","local_time":"20190602113245","is_ascension_mode":true,"campfire_choices":[{"floor":8,"key":"REST"},{"floor":13,"key":"REST"},{"data":"Ball Lightning","floor":15,"key":"SMITH"},{"floor":23,"key":"REST"}],"neow_cost":"NONE","seed_source_timestamp":143851495492274,"circlet_count":0,"master_deck":["Strike_B","Strike_B","Strike_B","Defend_B","Defend_B","Defend_B","Defend_B","Zap+1","Dualcast+1","Compile Driver","Capacitor","Leap+1","Ball Lightning+1","BootSequence","Buffer","Coolheaded"],"special_seed":0,"relics":["Cracked Core","Happy Flower","War Paint","Juzu Bracelet","Pear","Ancient Tea Set","Cursed Key","FaceOfCleric","Runic Capacitor","MutagenicStrength"],"potions_floor_usage":[14,16,16,25],"damage_taken":[{"damage":2.0,"enemies":"Jaw Worm","floor":1.0,"turns":3.0},{"damage":4.0,"enemies":"Small Slimes","floor":2.0,"turns":3.0},{"damage":1.0,"enemies":"Cultist","floor":4.0,"turns":3.0},{"damage":17.0,"enemies":"Lots of Slimes","floor":5.0,"turns":3.0},{"damage":30,"enemies":"3 Sentries","floor":6,"turns":9},{"damage":30,"enemies":"Gremlin Nob","floor":10,"turns":5},{"damage":6,"enemies":"Looter","floor":12,"turns":4},{"damage":5,"enemies":"3 Sentries","floor":14,"turns":7},{"damage":19,"enemies":"Slime Boss","floor":16,"turns":8},{"damage":18,"enemies":"2 Thieves","floor":18,"turns":4},{"damage":39,"enemies":"3 Byrds","floor":22,"turns":5},{"damage":25,"enemies":"Shelled Parasite and Fungi","floor":24,"turns":9},{"damage":38,"enemies":"Slavers","floor":25,"turns":4}],"seed_played":"3333155993573262649","potions_obtained":[{"floor":1.0,"key":"FocusPotion"},{"floor":2.0,"key":"SteroidPotion"},{"floor":4.0,"key":"AttackPotion"},{"floor":6,"key":"Regen Potion"},{"floor":14,"key":"Poison Potion"},{"floor":22,"key":"Strength Potion"}],"is_trial":false,"path_per_floor":["M","M","?","M","M","E","?","R","T","E","$","M","R","E","R","B",null,"M","?","$","?","M","R","M","E"],"character_chosen":"DEFECT","items_purchased":["Runic Capacitor"],"campfire_rested":3,"item_purchase_floors":[20],"current_hp_per_floor":[73,69,75,74,57,27,27,49,49,29,29,23,48,58,58,39,85,67,67,67,67,29,54,30,0],"gold":98,"neow_bonus":"RANDOM_COMMON_RELIC","is_prod":false,"is_daily":false,"chose_seed":false,"campfire_upgraded":1,"win_rate":0,"timestamp":1559496765,"path_taken":["M","M","?","M","M","E","?","R","T","E","$","M","R","E","R","BOSS","M","?","$","?","M","R","M","E"],"build_version":"2019-01-23","purchased_purges":1,"victory":false,"max_hp_per_floor":[75,75,75,75,75,75,75,75,75,85,85,85,85,85,85,85,85,85,85,85,85,86,86,87,87],"card_choices":[{"not_picked":["White Noise","Cold Snap","Gash"],"picked":"SKIP","floor":1.0},{"not_picked":["Turbo","FTL"],"picked":"Compile Driver","floor":2.0},{"not_picked":["White Noise","FTL"],"picked":"Capacitor","floor":4.0},{"not_picked":["Blizzard","Reinforced Body"],"picked":"Leap","floor":5},{"not_picked":["Beam Cell","Turbo","Compile Driver"],"picked":"SKIP","floor":6},{"not_picked":["Go for the Eyes","Leap"],"picked":"Ball Lightning","floor":10},{"not_picked":["Rip and Tear","Auto Shields"],"picked":"BootSequence","floor":12},{"not_picked":["Barrage","Redo","Go for the Eyes"],"picked":"SKIP","floor":14},{"not_picked":["Electrodynamics","Thunder Strike"],"picked":"Buffer","floor":16},{"not_picked":["Turbo","Scrape","Rebound+1"],"picked":"SKIP","floor":18},{"not_picked":["Ball Lightning","BootSequence"],"picked":"Coolheaded","floor":22},{"not_picked":["Coolheaded+1","Leap+1","Heatsinks"],"picked":"SKIP","floor":24}],"player_experience":659319,"relics_obtained":[{"floor":6,"key":"War Paint"},{"floor":9,"key":"Juzu Bracelet"},{"floor":10,"key":"Pear"},{"floor":14,"key":"Ancient Tea Set"}],"event_choices":[{"damage_healed":18.0,"max_hp_gain":0.0,"max_hp_loss":0.0,"gold_gain":0.0,"event_name":"The Cleric","player_choice":"Healed","floor":3.0,"gold_loss":35.0,"damage_taken":0.0},{"damage_healed":0,"gold_gain":0,"player_choice":"Upgraded","damage_taken":0,"max_hp_gain":0,"max_hp_loss":0,"event_name":"Upgrade Shrine","floor":7,"gold_loss":0,"cards_upgraded":["Zap"]},{"damage_healed":0,"gold_gain":0,"player_choice":"Trade","damage_taken":0,"relics_obtained":["FaceOfCleric"],"max_hp_gain":0,"max_hp_loss":0,"event_name":"FaceTrader","floor":19,"gold_loss":0},{"damage_healed":0,"gold_gain":0,"player_choice":"Inject Mutagens","damage_taken":0,"relics_obtained":["MutagenicStrength"],"max_hp_gain":0,"max_hp_loss":0,"event_name":"Drug Dealer","floor":21,"gold_loss":0}],"is_beta":false,"boss_relics":[{"not_picked":["Astrolabe","Busted Crown"],"picked":"Cursed Key"}],"items_purged_floors":[11],"is_endless":false,"potions_floor_spawned":[1,2,4,6,14,22],"killed_by":"Slavers","ascension_level":2}