{"gold_per_floor":[119,119,135,155,174,174,200,220,244,244,272,289,227,227,227,300,300,312,312,237,152,152,152,179,179,226,226,243,243,82,7,7,83,83,100,0,0,0,13,13,30,30,53,53,53],"floor_reached":45,"playtime":2886,"items_purged":["Strike_B+1"],"score":864,"play_id":"7e7b48bc-aa87-47da-af35-a7dbfc4cd6fc","local_time":"20190605222354","is_ascension_mode":true,"campfire_choices":[{"floor":6.0,"key":"REST"},{"floor":10.0,"key":"REST"},{"floor":15.0,"key":"REST"},{"data":"Zap","floor":23,"key":"SMITH"},{"floor":25,"key":"REST"},{"data":"Darkness","floor":27,"key":"SMITH"},{"floor":32,"key":"REST"},{"data":"Lockon","floor":40,"key":"SMITH"},{"floor":44,"key":"REST"}],"neow_cost":"PERCENT_DAMAGE","seed_source_timestamp":0,"circlet_count":0,"master_deck":["AscendersBane","Strike_B+1","Strike_B+1","Defend_B+1","Defend_B+1","Defend_B+1","Zap+1","Dualcast","Multi-Cast","Undo","Turbo","Capacitor","Lockon+1","Barrage","Coolheaded","Cold Snap+1","Cold Snap+1","Stack","Glacier","Electrodynamics","Hologram","Go for the Eyes","Static Discharge+1","Darkness+1","Multi-Cast"],"special_seed":0,"relics":["Cracked Core","Letter Opener","Vajra","Dream Catcher","Ancient Tea Set","Velvet Choker","Omamori","Singing Bowl","Juzu Bracelet","MutagenicStrength","DataDisk","Philosopher\u0027s Stone","Red Mask","Frozen Egg 2","Whetstone"],"potions_floor_usage":[33,42],"damage_taken":[{"damage":4.0,"enemies":"Small Slimes","floor":1.0,"turns":4.0},{"damage":2.0,"enemies":"Jaw Worm","floor":3.0,"turns":4.0},{"damage":1.0,"enemies":"2 Louse","floor":4.0,"turns":2.0},{"damage":3.0,"enemies":"Blue Slaver","floor":5.0,"turns":3.0},{"damage":20.0,"enemies":"3 Sentries","floor":7.0,"turns":8.0},{"damage":0.0,"enemies":"2 Fungi Beasts","floor":8.0,"turns":3.0},{"damage":31.0,"enemies":"Lagavulin","floor":11.0,"turns":6.0},{"damage":1.0,"enemies":"Looter","floor":12.0,"turns":3.0},{"damage":13.0,"enemies":"Slime Boss","floor":16.0,"turns":15.0},{"damage":14,"enemies":"3 Byrds","floor":18,"turns":4},{"damage":32,"enemies":"Book of Stabbing","floor":24,"turns":6},{"damage":5,"enemies":"Shell Parasite","floor":28,"turns":4},{"damage":34,"enemies":"Collector","floor":33,"turns":9},{"damage":11,"enemies":"3 Shapes","floor":35,"turns":4},{"damage":0,"enemies":"3 Darklings","floor":39,"turns":2},{"damage":38,"enemies":"Maw","floor":41,"turns":7},{"damage":0,"enemies":"Nemesis","floor":42,"turns":2},{"damage":48,"enemies":"Reptomancer","floor":45,"turns":4}],"seed_played":"1575105256467696534","potions_obtained":[{"floor":1.0,"key":"Block Potion"},{"floor":5.0,"key":"AttackPotion"},{"floor":12.0,"key":"Fire Potion"},{"floor":18,"key":"SmokeBomb"},{"floor":28,"key":"Energy Potion"},{"floor":41,"key":"LiquidBronze"}],"is_trial":false,"path_per_floor":["M","?","M","M","M","R","E","M","T","R","E","M","?","?","R","B",null,"M","?","$","?","?","R","E","R","T","R","M","?","$","?","R","B",null,"M","?","?","T","M","R","M","E","T","R","E"],"character_chosen":"DEFECT","items_purchased":["DataDisk"],"campfire_rested":6,"item_purchase_floors":[30],"current_hp_per_floor":[42,24,22,21,18,39,19,19,19,40,9,8,8,8,29,16,57,43,43,43,43,43,43,11,32,32,32,29,29,29,29,52,18,61,52,52,52,52,54,54,18,18,18,44,0],"gold":53,"neow_bonus":"THREE_RARE_CARDS","is_prod":false,"is_daily":false,"chose_seed":false,"campfire_upgraded":3,"win_rate":0,"timestamp":1559795034,"path_taken":["M","?","M","M","M","R","E","M","T","R","E","M","?","?","R","BOSS","M","?","$","?","?","R","E","R","T","R","M","?","$","?","R","BOSS","M","?","?","?","M","R","M","E","T","R","E"],"build_version":"2019-01-23","purchased_purges":1,"victory":false,"max_hp_per_floor":[71,71,71,71,71,71,71,71,71,71,71,71,71,71,71,71,71,71,71,71,71,71,71,71,71,71,71,73,73,73,73,75,75,75,77,77,77,77,79,79,81,81,81,83,83],"card_choices":[{"not_picked":["Core Surge","Machine Learning"],"picked":"Multi-Cast","floor":0.0},{"not_picked":["Fusion","Reinforced Body"],"picked":"Undo","floor":1.0},{"not_picked":["Sweeping Beam","Coolheaded"],"picked":"Turbo","floor":3.0},{"not_picked":["Leap","Conserve Battery"],"picked":"Capacitor","floor":4.0},{"not_picked":["Heatsinks","Coolheaded"],"picked":"Lockon","floor":5.0},{"not_picked":["Coolheaded","Steam"],"picked":"Barrage","floor":7.0},{"not_picked":["Compile Driver","Beam Cell"],"picked":"Coolheaded","floor":8.0},{"not_picked":["Conserve Battery","Reboot"],"picked":"Cold Snap","floor":10.0},{"not_picked":["Stack","Ball Lightning"],"picked":"Cold Snap","floor":11.0},{"not_picked":["Scrape","Rebound"],"picked":"Stack","floor":12.0},{"not_picked":["Auto Shields","Turbo"],"picked":"Glacier","floor":15.0},{"not_picked":["Biased Cognition","Hyperbeam"],"picked":"Electrodynamics","floor":16.0},{"not_picked":["Scrape+1","Storm"],"picked":"Hologram","floor":18},{"not_picked":["Beam Cell","Compile Driver"],"picked":"Static Discharge+1","floor":24},{"not_picked":["Conserve Battery","Steam"],"picked":"Darkness","floor":25},{"not_picked":["Stack","Cold Snap","Coolheaded"],"picked":"Singing Bowl","floor":28},{"not_picked":["Rebound","Cold Snap","Barrage"],"picked":"Singing Bowl","floor":32},{"not_picked":["Meteor Strike","Hyperbeam"],"picked":"Multi-Cast","floor":33},{"not_picked":["Conserve Battery","Scrape+1","Rebound"],"picked":"Singing Bowl","floor":35},{"not_picked":["Coolheaded","Hologram","Hello World+1"],"picked":"Singing Bowl","floor":39},{"not_picked":["Lockon+1","Ball Lightning+1","Leap"],"picked":"Singing Bowl","floor":41},{"not_picked":["Steam","Rebound","Turbo"],"picked":"Singing Bowl","floor":44}],"player_experience":844869,"relics_obtained":[{"floor":7.0,"key":"Vajra"},{"floor":9.0,"key":"Dream Catcher"},{"floor":11.0,"key":"Ancient Tea Set"},{"floor":24,"key":"Singing Bowl"},{"floor":26,"key":"Juzu Bracelet"},{"floor":38,"key":"Frozen Egg 2"},{"floor":43,"key":"Whetstone"}],"event_choices":[{"damage_healed":0.0,"max_hp_gain":0.0,"max_hp_loss":0.0,"gold_gain":0.0,"event_name":"Scrap Ooze","player_choice":"Success","floor":2.0,"gold_loss":0.0,"damage_taken":18.0,"relics_obtained":["Letter Opener"]},{"damage_healed":0.0,"max_hp_gain":0.0,"max_hp_loss":0.0,"gold_gain":0.0,"event_name":"World of Goop","player_choice":"Left Gold","floor":13.0,"gold_loss":62.0,"damage_taken":0.0},{"damage_healed":0.0,"max_hp_gain":0.0,"max_hp_loss":0.0,"gold_gain":0.0,"event_name":"Dead Adventurer","player_choice":"Searched \u00270\u0027 times","floor":14.0,"gold_loss":0.0,"damage_taken":0.0},{"damage_healed":0,"gold_gain":0,"player_choice":"Simplicity","damage_taken":0,"max_hp_gain":0,"max_hp_loss":0,"event_name":"Back to Basics","floor":19,"gold_loss":0,"cards_upgraded":["Strike_B","Strike_B","Strike_B","Strike_B","Defend_B","Defend_B","Defend_B","Defend_B"]},{"damage_healed":0,"gold_gain":0,"player_choice":"Obtained Relic","damage_taken":0,"relics_obtained":["Omamori"],"max_hp_gain":0,"max_hp_loss":0,"event_name":"Addict","floor":21,"gold_loss":85},{"damage_healed":0,"gold_gain":0,"player_choice":"Read","damage_taken":0,"max_hp_gain":0,"max_hp_loss":0,"event_name":"The Library","floor":22,"gold_loss":0,"cards_obtained":["Go for the Eyes"]},{"damage_healed":0,"gold_gain":0,"player_choice":"Inject Mutagens","damage_taken":0,"relics_obtained":["MutagenicStrength"],"max_hp_gain":0,"max_hp_loss":0,"event_name":"Drug Dealer","floor":29,"gold_loss":0},{"cards_removed":["Strike_B"],"damage_healed":0,"gold_gain":0,"player_choice":"Gave Gold","damage_taken":0,"max_hp_gain":0,"max_hp_loss":0,"event_name":"Beggar","floor":31,"gold_loss":75},{"damage_healed":0,"gold_gain":0,"player_choice":"Paid","damage_taken":0,"relics_obtained":["Red Mask"],"max_hp_gain":0,"max_hp_loss":0,"event_name":"Tomb of Lord Red Mask","floor":36,"gold_loss":100},{"cards_removed":["Defend_B"],"damage_healed":0,"gold_gain":0,"player_choice":"Removed Skill","damage_taken":0,"max_hp_gain":0,"max_hp_loss":0,"event_name":"Falling","floor":37,"gold_loss":0}],"is_beta":false,"boss_relics":[{"not_picked":["Eternal Feather","Sozu"],"picked":"Velvet Choker"},{"not_picked":["FrozenCore","White Beast Statue"],"picked":"Philosopher\u0027s Stone"}],"items_purged_floors":[20],"is_endless":false,"potions_floor_spawned":[1,5,12,18,28,41,42],"killed_by":"Reptomancer","ascension_level":17}