{"gold_per_floor":[413,431,431,444,461,487,99,117,117,117,134,154,154,184,184,289,289,307,318,332,344,344],"floor_reached":22,"playtime":1122,"items_purged":[],"score":292,"play_id":"c59eb990-05a3-4c01-9a50-2d5c53a190a9","local_time":"20180710162950","daily_mods":["Heirloom","Allstar","Time Dilation","Uncertain Future"],"is_ascension_mode":false,"campfire_choices":[{"data":"Zap","floor":10,"key":"SMITH"},{"floor":13,"key":"REST"},{"floor":15,"key":"REST"}],"neow_cost":"","seed_source_timestamp":0,"circlet_count":0,"master_deck":["Strike_B","Strike_B","Strike_B","Strike_B","Defend_B","Defend_B","Defend_B+1","Defend_B","Zap+1","Dualcast+1","Demon Form","Wraith Form v2","Echo Form","Enlightenment","Jack Of All Trades","Secret Weapon","Secret Weapon","Enlightenment","Streamline","Capacitor","Loop","Conserve Battery","Auto Shields","Hologram","Amplify","Cold Snap","FTL","Ball Lightning"],"relics":["Cracked Core","Old Coin","Ginger","DataDisk","Bottled Tornado","The Courier","Odd Mushroom","Cursed Key"],"potions_floor_usage":[14,18,20,20,22,22],"damage_taken":[{"damage":1,"enemies":"Cultist","floor":1,"turns":4},{"damage":1,"enemies":"Jaw Worm","floor":2,"turns":3},{"damage":0,"enemies":"2 Louse","floor":4,"turns":2},{"damage":0,"enemies":"Large Slime","floor":5,"turns":4},{"damage":4,"enemies":"Lagavulin","floor":6,"turns":5},{"damage":16,"enemies":"Lots of Slimes","floor":8,"turns":4},{"damage":13,"enemies":"Gremlin Gang","floor":11,"turns":3},{"damage":23,"enemies":"Exordium Thugs","floor":12,"turns":4},{"damage":0,"floor":14,"turns":5},{"damage":15,"enemies":"Hexaghost","floor":16,"turns":9},{"damage":31,"enemies":"3 Byrds","floor":18,"turns":5},{"damage":14,"enemies":"Shell Parasite","floor":19,"turns":6},{"damage":21,"enemies":"Centurion and Healer","floor":20,"turns":6},{"damage":4,"enemies":"Snecko","floor":21,"turns":6},{"damage":7,"enemies":"Snake Plant","floor":22,"turns":2}],"seed_played":"317951779624972227","potions_obtained":[{"floor":1,"key":"SteroidPotion"},{"floor":2,"key":"EssenceOfSteel"},{"floor":5,"key":"Dexterity Potion"},{"floor":14,"key":"Poison Potion"},{"floor":16,"key":"Energy Potion"},{"floor":19,"key":"SteroidPotion"},{"floor":20,"key":"EssenceOfSteel"},{"floor":21,"key":"Dexterity Potion"}],"is_trial":true,"path_per_floor":["M","M","?","M","M","E","$","M","T","R","M","M","R","?","R","B",null,"M","M","M","M"],"character_chosen":"DEFECT","items_purchased":["DataDisk","Bottled Tornado"],"campfire_rested":2,"item_purchase_floors":[7,7],"current_hp_per_floor":[74,73,58,58,58,54,54,38,38,38,25,2,24,24,46,31,75,44,30,9,5,0],"gold":344,"neow_bonus":"","is_prod":false,"is_daily":false,"chose_seed":false,"campfire_upgraded":1,"win_rate":0,"timestamp":1531204190,"path_taken":["M","M","?","?","M","E","$","M","T","R","M","M","R","?","R","BOSS","M","?","?","M","M"],"build_version":"2018-07-05","purchased_purges":0,"victory":false,"max_hp_per_floor":[75,75,75,75,75,75,75,75,75,75,75,75,75,75,75,75,75,75,75,75,75,75],"card_choices":[{"not_picked":["Rebound","Reprogram"],"picked":"Streamline","floor":1},{"not_picked":["Rebound","Redo"],"picked":"Capacitor","floor":2},{"not_picked":["Stack","Steam"],"picked":"Loop","floor":4},{"not_picked":["Turbo","Redo"],"picked":"Conserve Battery","floor":5},{"not_picked":["Machine Learning","Fission","Beam Cell"],"picked":"SKIP","floor":6},{"not_picked":["Leap","Gash"],"picked":"Auto Shields","floor":8},{"not_picked":["Reinforced Body","Streamline","Rip and Tear"],"picked":"SKIP","floor":11},{"not_picked":["Loop","Heatsinks","Aggregate"],"picked":"SKIP","floor":12},{"not_picked":["Streamline","Coolheaded"],"picked":"Hologram","floor":14},{"not_picked":["Machine Learning","Hyperbeam"],"picked":"Amplify","floor":16},{"not_picked":["Auto Shields","Capacitor"],"picked":"Cold Snap","floor":18},{"not_picked":["Gash","Barrage","Steam+1"],"picked":"SKIP","floor":19},{"not_picked":["Heatsinks","Steam"],"picked":"FTL","floor":20},{"not_picked":["Go for the Eyes+1","Buffer"],"picked":"Ball Lightning","floor":21}],"player_experience":103067,"relics_obtained":[{"floor":6,"key":"Ginger"},{"floor":9,"key":"The Courier"},{"floor":14,"key":"Odd Mushroom"}],"event_choices":[{"event_name":"Shining Light","player_choice":"Entered Light","floor":3,"damage_taken":0},{"event_name":"Mushrooms","player_choice":"Fought Mushrooms","floor":14,"damage_taken":0}],"boss_relics":[{"not_picked":["Astrolabe","Empty Cage"],"picked":"Cursed Key"}],"items_purged_floors":[],"is_endless":true,"potions_floor_spawned":[1,2,5,14,16,19,20,21],"killed_by":"Snake Plant","ascension_level":0}