{"gold_per_floor":[212,487,132,147,147,147,179,196,196,215,231,243,243,257,257,334,334,345,375,11,11,31,59,74,74,98,98,110,121,121,147,147,223,223,234,87,99,112,92,92,119,130,130,130,155,155,170,170,170,170],"floor_reached":51,"playtime":1867,"items_purged":["Regret"],"score":1352,"play_id":"70cf5296-3980-4142-9a23-3d6bd278c268","local_time":"20190517020408","is_ascension_mode":true,"campfire_choices":[{"data":"Inflame","floor":6.0,"key":"SMITH"},{"data":"Cleave","floor":13.0,"key":"SMITH"},{"data":"Heavy Blade","floor":15.0,"key":"SMITH"},{"data":"Limit Break","floor":25.0,"key":"SMITH"},{"data":"Pommel Strike","floor":27.0,"key":"SMITH"},{"data":"Bash","floor":30.0,"key":"SMITH"},{"data":"1","floor":32.0,"key":"LIFT"},{"data":"2","floor":40.0,"key":"LIFT"},{"data":"3","floor":44.0,"key":"LIFT"},{"data":"Finesse","floor":46,"key":"SMITH"},{"data":"Ghostly Armor","floor":49,"key":"SMITH"}],"neow_cost":"NONE","seed_source_timestamp":1219768183515591,"circlet_count":0,"master_deck":["AscendersBane","Strike_R","Strike_R","Strike_R","Strike_R","Defend_R","Defend_R","Defend_R","Defend_R","Bash+1","Pommel Strike+1","Inflame+1","Finesse+1","Cleave+1","Heavy Blade+1","Limit Break+1","Ghostly","Ghostly","Ghostly","Ghostly","Ghostly","Ghostly Armor+1"],"special_seed":0,"relics":["Burning Blood","Bag of Preparation","Dodecahedron","Mummified Hand","Velvet Choker","Red Mask","Red Skull","ClockworkSouvenir","Omamori","Centennial Puzzle","Girya","Coffee Dripper","Strawberry","Bird Faced Urn","Pantograph","Self Forming Clay"],"potions_floor_usage":[45,50],"damage_taken":[{"damage":1.0,"enemies":"Cultist","floor":1.0,"turns":4.0},{"damage":0.0,"enemies":"Small Slimes","floor":4.0,"turns":4.0},{"damage":26.0,"enemies":"3 Sentries","floor":7.0,"turns":7.0},{"damage":6.0,"enemies":"2 Louse","floor":8.0,"turns":3.0},{"damage":10.0,"enemies":"2 Fungi Beasts","floor":10.0,"turns":3.0},{"damage":4.0,"enemies":"Looter","floor":11.0,"turns":2.0},{"damage":4.0,"enemies":"Red Slaver","floor":12.0,"turns":3.0},{"damage":9.0,"enemies":"Blue Slaver","floor":14.0,"turns":4.0},{"damage":34.0,"enemies":"The Guardian","floor":16.0,"turns":10.0},{"damage":3.0,"enemies":"3 Byrds","floor":18.0,"turns":4.0},{"damage":0.0,"enemies":"Masked Bandits","floor":19.0,"turns":2.0},{"damage":0.0,"enemies":"Chosen","floor":22.0,"turns":3.0},{"damage":0.0,"enemies":"Gremlin Leader","floor":23.0,"turns":6.0},{"damage":0.0,"enemies":"Sentry and Sphere","floor":24.0,"turns":4.0},{"damage":2.0,"enemies":"Snecko","floor":28.0,"turns":4.0},{"damage":0.0,"enemies":"Centurion and Healer","floor":29.0,"turns":6.0},{"damage":8.0,"enemies":"Slavers","floor":31.0,"turns":4.0},{"damage":1.0,"enemies":"Champ","floor":33.0,"turns":7.0},{"damage":0.0,"enemies":"3 Darklings","floor":35.0,"turns":6.0},{"damage":0.0,"enemies":"3 Shapes","floor":37.0,"turns":3.0},{"damage":0.0,"enemies":"Maw","floor":38.0,"turns":6.0},{"damage":0.0,"enemies":"Reptomancer","floor":41.0,"turns":6.0},{"damage":2.0,"enemies":"Writhing Mass","floor":42.0,"turns":5.0},{"damage":40,"enemies":"Nemesis","floor":45,"turns":9},{"damage":0,"enemies":"Sphere and 2 Shapes","floor":47,"turns":2},{"damage":5,"enemies":"Awakened One","floor":50,"turns":7}],"seed_played":"6767824004406142457","potions_obtained":[{"floor":1.0,"key":"Fire Potion"},{"floor":5.0,"key":"Strength Potion"},{"floor":8.0,"key":"AttackPotion"},{"floor":16.0,"key":"SteroidPotion"},{"floor":19.0,"key":"Ancient Potion"},{"floor":29.0,"key":"FairyPotion"},{"floor":31.0,"key":"Block Potion"},{"floor":45,"key":"SpeedPotion"}],"is_trial":false,"path_per_floor":["M","?","$","M","?","R","E","M","T","M","M","M","R","M","R","B",null,"M","?","$","?","M","E","M","R","T","R","M","M","R","E","R","B",null,"M","$","M","M","?","R","E","M","T","R","E","R","M","?","R","B",null],"character_chosen":"IRONCLAD","items_purchased":["Bag of Preparation","Inflame","Finesse","Red Skull","ClockworkSouvenir","Strawberry"],"campfire_rested":0,"item_purchase_floors":[3,3,3,20,20,36],"current_hp_per_floor":[77,77,77,80,80,80,60,60,60,56,58,60,60,57,57,29,67,70,76,76,40,40,40,40,40,40,40,40,40,40,38,38,40,40,40,47,47,47,47,47,47,47,47,47,13,13,21,21,21,47],"gold":170,"neow_bonus":"HUNDRED_GOLD","is_prod":false,"is_daily":false,"chose_seed":false,"campfire_upgraded":8,"win_rate":0,"timestamp":1558080248,"path_taken":["M","?","$","?","?","R","E","M","T","M","M","M","R","?","R","BOSS","M","?","$","?","M","E","M","R","T","R","M","M","R","E","R","BOSS","M","$","M","M","?","R","E","M","T","R","E","R","?","?","R","BOSS"],"build_version":"2019-01-23","purchased_purges":1,"victory":true,"max_hp_per_floor":[80,80,80,80,80,80,80,80,80,80,80,80,80,80,80,80,80,80,80,80,40,40,40,40,40,40,40,40,40,40,40,40,40,40,40,47,47,47,47,47,47,47,47,47,47,47,47,47,47,47],"card_choices":[{"not_picked":["Rupture","Fire Breathing"],"picked":"Pommel Strike","floor":1.0},{"not_picked":["Pommel Strike","Headbutt","Limit Break"],"picked":"SKIP","floor":4.0},{"not_picked":["Fire Breathing","Pommel Strike","Battle Trance"],"picked":"SKIP","floor":7.0},{"not_picked":["Wild Strike","Evolve"],"picked":"Cleave","floor":8.0},{"not_picked":["Feel No Pain","Flex","Shrug It Off"],"picked":"SKIP","floor":10.0},{"not_picked":["True Grit","Body Slam","Burning Pact"],"picked":"SKIP","floor":11.0},{"not_picked":["Clothesline","Battle Trance","Exhume"],"picked":"SKIP","floor":12.0},{"not_picked":["Sword Boomerang","Rampage"],"picked":"Heavy Blade","floor":14.0},{"not_picked":["Juggernaut","Immolate"],"picked":"Limit Break","floor":16.0},{"not_picked":["Bloodletting","Blood for Blood","Perfected Strike"],"picked":"SKIP","floor":18.0},{"not_picked":["Power Through","Battle Trance","Armaments"],"picked":"SKIP","floor":22.0},{"not_picked":["Seeing Red+1","Armaments","Disarm+1"],"picked":"SKIP","floor":23.0},{"not_picked":["Seeing Red+1","Armaments","Disarm+1"],"picked":"SKIP","floor":23.0},{"not_picked":["Power Through","Cleave","Clothesline"],"picked":"SKIP","floor":24.0},{"not_picked":["Twin Strike","Double Tap","Cleave"],"picked":"SKIP","floor":28.0},{"not_picked":["Anger","Cleave","Iron Wave"],"picked":"SKIP","floor":29.0},{"not_picked":["Reckless Charge","Headbutt"],"picked":"Ghostly Armor","floor":31.0},{"not_picked":["Inflame","Armaments+1","Anger+1"],"picked":"SKIP","floor":35.0},{"not_picked":["Havoc","Armaments","Feel No Pain"],"picked":"SKIP","floor":37.0},{"not_picked":["Fire Breathing","Warcry","Pommel Strike"],"picked":"SKIP","floor":38.0},{"not_picked":["Whirlwind","Warcry+1","Ghostly Armor"],"picked":"SKIP","floor":41.0},{"not_picked":["Warcry","True Grit+1","Cleave"],"picked":"SKIP","floor":42.0},{"not_picked":["Warcry+1","Sword Boomerang+1","Anger"],"picked":"SKIP","floor":45},{"not_picked":["Reaper","Cleave+1","Combust"],"picked":"SKIP","floor":47}],"player_experience":560882,"relics_obtained":[{"floor":7.0,"key":"Dodecahedron"},{"floor":9.0,"key":"Mummified Hand"},{"floor":19.0,"key":"Red Mask"},{"floor":23.0,"key":"Omamori"},{"floor":26.0,"key":"Centennial Puzzle"},{"floor":31.0,"key":"Girya"},{"floor":41.0,"key":"Bird Faced Urn"},{"floor":43.0,"key":"Pantograph"},{"floor":45,"key":"Self Forming Clay"}],"event_choices":[{"damage_healed":0.0,"max_hp_gain":0.0,"max_hp_loss":0.0,"gold_gain":275.0,"event_name":"Golden Shrine","player_choice":"Desecrate","floor":2.0,"gold_loss":0.0,"damage_taken":0.0,"cards_obtained":["Regret"]},{"damage_healed":0.0,"max_hp_gain":0.0,"max_hp_loss":0.0,"gold_gain":0.0,"event_name":"Lab","player_choice":"Got Potions","floor":5.0,"gold_loss":0.0,"damage_taken":0.0},{"damage_healed":0.0,"max_hp_gain":0.0,"max_hp_loss":0.0,"gold_gain":0.0,"event_name":"Masked Bandits","player_choice":"Fought Bandits","floor":19.0,"gold_loss":0.0,"damage_taken":0.0},{"damage_healed":0.0,"max_hp_gain":0.0,"max_hp_loss":40.0,"gold_gain":0.0,"event_name":"Ghosts","player_choice":"Became a Ghost","floor":21.0,"gold_loss":0.0,"damage_taken":0.0,"cards_obtained":["Ghostly","Ghostly","Ghostly","Ghostly","Ghostly"]},{"damage_healed":0.0,"max_hp_gain":0.0,"max_hp_loss":0.0,"gold_gain":0.0,"event_name":"The Woman in Blue","player_choice":"Bought 1 Potion","floor":39.0,"gold_loss":0.0,"damage_taken":0.0},{"cards_removed":["Strike_R"],"damage_healed":0,"gold_gain":0,"player_choice":"Removed Attack","damage_taken":0,"max_hp_gain":0,"max_hp_loss":0,"event_name":"Falling","floor":48,"gold_loss":0}],"is_beta":false,"boss_relics":[{"not_picked":["Empty Cage","Runic Cube"],"picked":"Velvet Choker"},{"not_picked":["Tiny House","Runic Dome"],"picked":"Coffee Dripper"}],"items_purged_floors":[3],"is_endless":false,"potions_floor_spawned":[1,8,14,16,18,19,29,31,33,35,37,41,45],"ascension_level":13}