{"gold_per_floor":[114,126,126,136,86,121,121,154,154,185,197,223,251,298,310,418,430,458,480,492,504,616,628],"floor_reached":23,"playtime":2090,"items_purged":[],"score":350,"play_id":"f1b2a037-1549-47f8-99ec-1f2877af8d09","local_time":"20190420160152","is_ascension_mode":true,"campfire_choices":[{"data":"Defragment","floor":7,"key":"SMITH"},{"floor":15,"key":"REST"}],"neow_cost":"TEN_PERCENT_HP_LOSS","seed_source_timestamp":265239275137700,"circlet_count":0,"master_deck":["AscendersBane","Strike_B","Defend_B","Defend_B","Defend_B","Defend_B","Zap","Dualcast","Undo","Streamline","Self Repair","Rebound","Panacea","Electrodynamics","Defragment+1","Loop","Go for the Eyes","Coolheaded","Amplify","Machine Learning","Chill","Force Field"],"relics":["Cracked Core","Dodecahedron","Strawberry","MawBank","Sundial","Cursed Key","Thread and Needle","Pear"],"potions_floor_usage":[8,10,12,16,22],"damage_taken":[{"damage":0,"enemies":"2 Louse","floor":1,"turns":1},{"damage":1,"enemies":"Cultist","floor":2,"turns":4},{"damage":7,"enemies":"Jaw Worm","floor":4,"turns":3},{"damage":24,"enemies":"Lagavulin","floor":6,"turns":6},{"damage":10,"enemies":"3 Sentries","floor":8,"turns":3},{"damage":10,"enemies":"Gremlin Nob","floor":10,"turns":3},{"damage":6,"enemies":"Looter","floor":12,"turns":2},{"damage":16,"enemies":"Blue Slaver","floor":13,"turns":4},{"damage":26,"enemies":"3 Sentries","floor":14,"turns":4},{"damage":31,"enemies":"The Guardian","floor":16,"turns":10},{"damage":7,"enemies":"3 Byrds","floor":18,"turns":2},{"damage":10,"enemies":"Spheric Guardian","floor":19,"turns":4},{"damage":20,"enemies":"Colosseum Slavers","floor":22,"turns":5},{"damage":34,"enemies":"Colosseum Nobs","floor":22,"turns":5},{"damage":48,"enemies":"Book of Stabbing","floor":23,"turns":7}],"seed_played":"7598471929450256661","potions_obtained":[{"floor":1,"key":"Explosive Potion"},{"floor":4,"key":"PowerPotion"},{"floor":6,"key":"Energy Potion"},{"floor":8,"key":"SkillPotion"},{"floor":14,"key":"LiquidBronze"},{"floor":19,"key":"Block Potion"}],"is_trial":false,"path_per_floor":["M","M","?","M","?","E","R","E","T","E","$","M","M","E","R","B",null,"M","M","?","$","?","E"],"character_chosen":"DEFECT","items_purchased":[],"campfire_rested":1,"item_purchase_floors":[],"current_hp_per_floor":[68,68,68,68,68,51,51,55,55,52,52,46,37,18,40,16,60,67,64,64,64,48,0],"gold":628,"neow_bonus":"TRANSFORM_TWO_CARDS","is_prod":false,"is_daily":false,"chose_seed":false,"campfire_upgraded":1,"win_rate":0,"timestamp":1555797712,"path_taken":["M","M","?","?","?","E","R","E","T","E","$","M","M","E","R","BOSS","M","M","?","$","?","E"],"build_version":"2019-01-23","purchased_purges":0,"victory":false,"max_hp_per_floor":[68,68,68,68,68,68,68,75,75,75,75,75,75,75,75,75,75,75,75,75,75,85,85],"card_choices":[{"not_picked":["Chill","Steam"],"picked":"Self Repair","floor":1},{"not_picked":["Leap","White Noise"],"picked":"Rebound","floor":2},{"not_picked":["Coolheaded","Steam"],"picked":"Defragment","floor":4},{"not_picked":["Sweeping Beam","Conserve Battery","Stack"],"picked":"SKIP","floor":6},{"not_picked":["Beam Cell","Barrage"],"picked":"Loop","floor":8},{"not_picked":["Electrodynamics","Undo","Scrape"],"picked":"SKIP","floor":10},{"not_picked":["Leap","Streamline"],"picked":"Go for the Eyes","floor":12},{"not_picked":["Compile Driver","Conserve Battery"],"picked":"Coolheaded","floor":13},{"not_picked":["Beam Cell","Conserve Battery"],"picked":"Amplify","floor":14},{"not_picked":["All For One","Core Surge"],"picked":"Machine Learning","floor":16},{"not_picked":["Barrage","Gash","Recycle"],"picked":"SKIP","floor":18},{"not_picked":["Blizzard","Sweeping Beam"],"picked":"Chill","floor":19},{"not_picked":["Compile Driver","Coolheaded+1"],"picked":"Force Field","floor":22}],"player_experience":611951,"relics_obtained":[{"floor":6,"key":"Dodecahedron"},{"floor":8,"key":"Strawberry"},{"floor":10,"key":"MawBank"},{"floor":14,"key":"Sundial"},{"floor":22,"key":"Thread and Needle"},{"floor":22,"key":"Pear"}],"event_choices":[{"damage_healed":0,"gold_gain":0,"player_choice":"2 cards matched","damage_taken":0,"max_hp_gain":0,"max_hp_loss":0,"event_name":"Match and Keep!","floor":3,"gold_loss":0,"cards_obtained":["Panacea","Electrodynamics"]},{"cards_removed":["Strike_B"],"damage_healed":0,"gold_gain":0,"player_choice":"Card Removal","damage_taken":0,"max_hp_gain":0,"max_hp_loss":0,"event_name":"The Cleric","floor":5,"gold_loss":50},{"damage_healed":0,"gold_gain":0,"player_choice":"Ignored","damage_taken":0,"max_hp_gain":0,"max_hp_loss":0,"event_name":"Vampires","floor":20,"gold_loss":0},{"damage_healed":0,"gold_gain":0,"player_choice":"Fight","damage_taken":0,"max_hp_gain":0,"max_hp_loss":0,"event_name":"Colosseum","floor":22,"gold_loss":0},{"damage_healed":0,"gold_gain":0,"player_choice":"Fought Nobs","damage_taken":0,"max_hp_gain":0,"max_hp_loss":0,"event_name":"Colosseum","floor":22,"gold_loss":0}],"is_beta":false,"boss_relics":[{"not_picked":["Inserter","Tiny House"],"picked":"Cursed Key"}],"items_purged_floors":[],"is_endless":false,"potions_floor_spawned":[1,4,6,8,14,19,22],"killed_by":"Book of Stabbing","ascension_level":12}