{"gold_per_floor":[110,130,130,148,161,161,194,194,194,244,260,260,182,9,9,82,132,52,63,63,63],"floor_reached":21,"playtime":941,"items_purged":[],"score":354,"play_id":"328e7799-98c7-470d-b971-165454544bdb","local_time":"20190402025753","is_ascension_mode":true,"campfire_choices":[{"data":"Predator","floor":6.0,"key":"SMITH"},{"floor":8.0,"key":"REST"},{"data":"Envenom","floor":12,"key":"SMITH"},{"floor":15,"key":"REST"}],"neow_cost":"NONE","seed_source_timestamp":366243260483289,"circlet_count":0,"master_deck":["AscendersBane","Defend_G","Defend_G","Defend_G","Defend_G","Defend_G","Strike_G","Strike_G","Strike_G","Strike_G","Strike_G","Survivor","Neutralize","Predator+1","Escape Plan","Envenom+1","Dagger Spray","Cloak And Dagger","Noxious Fumes+1","Venomology","Well Laid Plans","Poisoned Stab+1","Neutralize","Venomology"],"special_seed":0,"relics":["Ring of the Snake","Blue Candle","Strawberry","Bottled Lightning","Lantern","Tiny House"],"potions_floor_usage":[16,18,19,21,21,21],"damage_taken":[{"damage":4.0,"enemies":"2 Louse","floor":1.0,"turns":3.0},{"damage":0.0,"enemies":"Cultist","floor":2.0,"turns":4.0},{"damage":1.0,"enemies":"Jaw Worm","floor":4.0,"turns":6.0},{"damage":29.0,"enemies":"Exordium Thugs","floor":5.0,"turns":6.0},{"damage":21.0,"enemies":"Lagavulin","floor":7.0,"turns":7.0},{"damage":19.0,"enemies":"Exordium Wildlife","floor":11.0,"turns":5.0},{"damage":30,"enemies":"Slime Boss","floor":16,"turns":9},{"damage":9,"enemies":"2 Thieves","floor":18,"turns":4},{"damage":38,"enemies":"Spheric Guardian","floor":19,"turns":8},{"damage":35,"enemies":"Centurion and Healer","floor":21,"turns":5}],"seed_played":"-9064511235259318195","potions_obtained":[{"floor":1.0,"key":"Strength Potion"},{"floor":2.0,"key":"GhostInAJar"},{"floor":17,"key":"Explosive Potion"},{"floor":19,"key":"GhostInAJar"}],"is_trial":false,"path_per_floor":["M","M","?","M","M","R","E","R","T","?","M","R","$","$","R","B",null,"M","M","?","M"],"character_chosen":"THE_SILENT","items_purchased":["Noxious Fumes","Lantern"],"campfire_rested":2,"item_purchase_floors":[13,14],"current_hp_per_floor":[61,61,56,55,26,26,12,35,35,35,16,16,16,16,39,9,67,58,20,20,0],"gold":63,"neow_bonus":"TEN_PERCENT_HP_BONUS","is_prod":false,"is_daily":false,"chose_seed":false,"campfire_upgraded":2,"win_rate":0,"timestamp":1554195473,"path_taken":["M","M","?","M","M","R","E","R","T","?","M","R","?","$","R","BOSS","M","M","?","M"],"build_version":"2019-01-23","purchased_purges":0,"victory":false,"max_hp_per_floor":[72,72,72,72,72,72,79,79,79,79,79,79,79,79,79,79,84,84,84,84,84],"card_choices":[{"not_picked":["Deadly Poison","Dagger Spray"],"picked":"Predator","floor":1.0},{"not_picked":["Quick Slash","Underhanded Strike"],"picked":"Escape Plan","floor":2.0},{"not_picked":["Bane","Catalyst","Prepared"],"picked":"SKIP","floor":4.0},{"not_picked":["Deflect","Poisoned Stab"],"picked":"Envenom","floor":5.0},{"not_picked":["Outmaneuver","Dagger Throw"],"picked":"Dagger Spray","floor":7.0},{"not_picked":["Crippling Poison","Predator"],"picked":"Cloak And Dagger","floor":11},{"not_picked":["Adrenaline","Doppelganger"],"picked":"Venomology","floor":16},{"not_picked":["Dagger Throw","Riddle With Holes+1"],"picked":"Well Laid Plans","floor":18},{"not_picked":["Flying Knee","Deflect"],"picked":"Poisoned Stab+1","floor":19}],"player_experience":422684,"relics_obtained":[{"floor":7.0,"key":"Strawberry"},{"floor":9.0,"key":"Bottled Lightning"}],"event_choices":[{"damage_healed":0.0,"max_hp_gain":0.0,"max_hp_loss":0.0,"gold_gain":0.0,"event_name":"Scrap Ooze","player_choice":"Success","floor":3.0,"gold_loss":0.0,"damage_taken":5.0,"relics_obtained":["Blue Candle"]},{"damage_healed":0.0,"max_hp_gain":0.0,"max_hp_loss":0.0,"gold_gain":50.0,"event_name":"Golden Shrine","player_choice":"Pray","floor":10.0,"gold_loss":0.0,"damage_taken":0.0},{"damage_healed":0,"gold_gain":0,"player_choice":"2 cards matched","damage_taken":0,"max_hp_gain":0,"max_hp_loss":0,"event_name":"Match and Keep!","floor":20,"gold_loss":0,"cards_obtained":["Neutralize","Venomology"]}],"is_beta":false,"boss_relics":[{"not_picked":["Black Star","Sozu"],"picked":"Tiny House"}],"items_purged_floors":[],"is_endless":false,"potions_floor_spawned":[1,2,19],"killed_by":"Centurion and Healer","ascension_level":20}