{"gold_per_floor":[368,381,59,59,59,82,113,128,128,28,28,54,69,93,93,93],"floor_reached":16,"playtime":832,"items_purged":["Strike_G","Strike_G"],"score":195,"play_id":"480fe0bb-935e-4b24-8d83-4afffacb80dc","local_time":"20190330114627","is_ascension_mode":true,"campfire_choices":[{"floor":11,"key":"REST"},{"data":"Venomology","floor":15,"key":"SMITH"}],"neow_cost":"TEN_PERCENT_HP_LOSS","seed_source_timestamp":138875300444103,"circlet_count":0,"master_deck":["AscendersBane","Defend_G","Defend_G","Defend_G","Defend_G","Defend_G","Strike_G","Strike_G","Strike_G+1","Survivor","Neutralize","Noxious Fumes+1","Noxious Fumes","Backflip","Dark Shackles","Venomology+1","Backflip"],"relics":["Ring of the Snake","Golden Idol","Sundial","Dodecahedron","Odd Mushroom","Bronze Scales"],"potions_floor_usage":[7,7,8,12,13,13,16],"damage_taken":[{"damage":4,"enemies":"Cultist","floor":1,"turns":3},{"damage":0,"enemies":"2 Louse","floor":2,"turns":3},{"damage":0,"enemies":"Small Slimes","floor":6,"turns":4},{"damage":8,"enemies":"3 Sentries","floor":7,"turns":6},{"damage":19,"enemies":"Exordium Thugs","floor":8,"turns":6},{"damage":2,"enemies":"The Mushroom Lair","floor":12,"turns":5},{"damage":12,"enemies":"Lots of Slimes","floor":13,"turns":3},{"damage":13,"enemies":"Hexaghost","floor":16,"turns":11}],"seed_played":"-7932344408767036282","potions_obtained":[{"floor":1,"key":"Explosive Potion"},{"floor":12,"key":"EssenceOfSteel"}],"is_trial":false,"path_per_floor":["M","M","$","?","?","M","E","M","T","$","R","?","M","T","R","B"],"character_chosen":"THE_SILENT","items_purchased":["Noxious Fumes","Backflip","Dark Shackles"],"campfire_rested":1,"item_purchase_floors":[3,3,3],"current_hp_per_floor":[55,55,55,37,37,37,29,10,10,10,26,24,12,12,12,0],"gold":93,"neow_bonus":"TWO_FIFTY_GOLD","is_prod":false,"is_daily":false,"chose_seed":false,"campfire_upgraded":1,"win_rate":0,"timestamp":1553967987,"path_taken":["M","M","$","?","?","M","E","M","T","$","R","?","M","?","R","BOSS"],"build_version":"2019-01-23","purchased_purges":2,"victory":false,"max_hp_per_floor":[60,60,60,60,54,54,54,54,54,54,54,54,54,54,54,54],"card_choices":[{"not_picked":["Finisher","Blade Dance","Expertise"],"picked":"SKIP","floor":1},{"not_picked":["Slice","Backstab"],"picked":"Noxious Fumes","floor":2},{"not_picked":["Acrobatics","Backstab"],"picked":"Venomology","floor":6},{"not_picked":["Distraction","Underhanded Strike","Blade Dance"],"picked":"SKIP","floor":7},{"not_picked":["Skewer","Escape Plan"],"picked":"Backflip","floor":8},{"not_picked":["Tactician","Crippling Poison","Dodge and Roll"],"picked":"SKIP","floor":13}],"player_experience":358377,"relics_obtained":[{"floor":7,"key":"Sundial"},{"floor":9,"key":"Dodecahedron"},{"floor":12,"key":"Odd Mushroom"},{"floor":14,"key":"Bronze Scales"}],"event_choices":[{"damage_healed":0,"gold_gain":0,"player_choice":"Entered Light","damage_taken":18,"max_hp_gain":0,"max_hp_loss":0,"event_name":"Shining Light","floor":4,"gold_loss":0,"cards_upgraded":["Strike_G","Noxious Fumes"]},{"damage_healed":0,"gold_gain":0,"player_choice":"Lose Max HP","damage_taken":0,"relics_obtained":["Golden Idol"],"max_hp_gain":0,"max_hp_loss":6,"event_name":"Golden Idol","floor":5,"gold_loss":0},{"damage_healed":0,"gold_gain":0,"player_choice":"Fought Mushrooms","damage_taken":0,"max_hp_gain":0,"max_hp_loss":0,"event_name":"Mushrooms","floor":12,"gold_loss":0}],"is_beta":false,"boss_relics":[],"items_purged_floors":[3,10],"is_endless":false,"potions_floor_spawned":[1,12],"killed_by":"Hexaghost","ascension_level":19}