{"gold_per_floor":[110,127,141,155,172,172,205,216,216,231,309,309,51,51,51,51],"floor_reached":16,"playtime":747,"items_purged":["Strike_R"],"score":151,"play_id":"511436c9-6545-4484-b74e-d61d1d3bb2df","local_time":"20190606231505","is_ascension_mode":true,"campfire_choices":[{"data":"Carnage","floor":6,"key":"SMITH"},{"data":"Demon Form","floor":12,"key":"SMITH"},{"data":"Whirlwind","floor":15,"key":"SMITH"}],"neow_cost":"PERCENT_DAMAGE","seed_source_timestamp":4929746778655447,"circlet_count":0,"master_deck":["Strike_R","Strike_R","Strike_R","Strike_R","Defend_R","Defend_R","Defend_R","Defend_R","Bash","Demon Form+1","Metallicize","Ghostly Armor","Twin Strike","Carnage+1","Dual Wield","Battle Trance","Evolve","Disarm","Whirlwind+1","Injury"],"relics":["Burning Blood","Dream Catcher","Vajra","Anchor","Golden Idol"],"potions_floor_usage":[5,8],"damage_taken":[{"damage":6,"enemies":"Cultist","floor":1,"turns":4},{"damage":0,"enemies":"2 Louse","floor":2,"turns":5},{"damage":2,"enemies":"Jaw Worm","floor":3,"turns":4},{"damage":6,"enemies":"Looter","floor":4,"turns":4},{"damage":0,"enemies":"2 Fungi Beasts","floor":5,"turns":5},{"damage":28,"enemies":"Gremlin Nob","floor":7,"turns":5},{"damage":18,"enemies":"Lots of Slimes","floor":8,"turns":7},{"damage":9,"enemies":"Large Slime","floor":10,"turns":5},{"damage":31,"enemies":"Slime Boss","floor":16,"turns":5}],"seed_played":"8906539183839475525","potions_obtained":[{"floor":3,"key":"EssenceOfSteel"},{"floor":4,"key":"Block Potion"},{"floor":10,"key":"Ancient Potion"}],"is_trial":false,"path_per_floor":["M","M","M","M","M","R","E","M","T","M","?","R","$","?","R","B"],"character_chosen":"IRONCLAD","items_purchased":["Whirlwind","Anchor"],"campfire_rested":0,"item_purchase_floors":[13,13],"current_hp_per_floor":[51,57,61,61,67,67,45,33,33,30,30,30,30,30,30,0],"gold":51,"neow_bonus":"THREE_RARE_CARDS","is_prod":false,"is_daily":false,"chose_seed":false,"campfire_upgraded":3,"win_rate":0,"timestamp":1559877305,"path_taken":["M","M","M","M","M","R","E","M","T","?","?","R","$","?","R","BOSS"],"build_version":"2019-01-23","purchased_purges":1,"victory":false,"max_hp_per_floor":[80,80,80,80,80,80,80,80,80,80,80,80,80,80,80,80],"card_choices":[{"not_picked":["Bludgeon","Berserk"],"picked":"Demon Form","floor":0},{"not_picked":["Sword Boomerang","Wild Strike"],"picked":"Metallicize","floor":1},{"not_picked":["Entrench","Pommel Strike"],"picked":"Ghostly Armor","floor":2},{"not_picked":["Anger","Flex"],"picked":"Twin Strike","floor":3},{"not_picked":["Double Tap","Perfected Strike"],"picked":"Carnage","floor":4},{"not_picked":["Cleave","Perfected Strike"],"picked":"Dual Wield","floor":5},{"not_picked":["Havoc","Armaments"],"picked":"Battle Trance","floor":7},{"not_picked":["Thunderclap","Whirlwind"],"picked":"Evolve","floor":8},{"not_picked":["Demon Form","Ghostly Armor"],"picked":"Disarm","floor":10}],"player_experience":208650,"relics_obtained":[{"floor":7,"key":"Dream Catcher"},{"floor":9,"key":"Vajra"}],"event_choices":[{"damage_healed":0,"gold_gain":78,"player_choice":"Gained Gold","damage_taken":0,"max_hp_gain":0,"max_hp_loss":0,"event_name":"Golden Wing","floor":11,"gold_loss":0},{"damage_healed":0,"gold_gain":0,"player_choice":"Take Wound","damage_taken":0,"relics_obtained":["Golden Idol"],"max_hp_gain":0,"max_hp_loss":0,"event_name":"Golden Idol","floor":14,"gold_loss":0,"cards_obtained":["Injury"]}],"is_beta":false,"boss_relics":[],"items_purged_floors":[13],"is_endless":false,"potions_floor_spawned":[3,4,10],"killed_by":"Slime Boss","ascension_level":9}