{"gold_per_floor":[117,117,117,135,87,121,151,151,151,177,188,188,223,240,240,240],"floor_reached":16,"playtime":467,"items_purged":[],"score":243,"play_id":"ddc24152-b3fa-4a2b-91c7-efd7cd8e66d7","local_time":"20190519235510","is_ascension_mode":true,"campfire_choices":[{"data":"Iron Wave","floor":8,"key":"SMITH"},{"data":"Cleave","floor":12,"key":"SMITH"},{"floor":15,"key":"REST"}],"neow_cost":"NONE","seed_source_timestamp":1472754788062720,"circlet_count":0,"master_deck":["AscendersBane","Strike_R","Strike_R","Strike_R","Strike_R","Strike_R","Defend_R","Defend_R","Defend_R","Defend_R","Bash","Cleave+1","Iron Wave+1"],"relics":["Burning Blood","NeowsBlessing","Omamori","Odd Mushroom","Happy Flower","Blood Vial","Mummified Hand"],"potions_floor_usage":[10,16,16],"damage_taken":[{"damage":0,"enemies":"2 Louse","floor":1,"turns":1},{"damage":0,"enemies":"Cultist","floor":4,"turns":1},{"damage":0,"enemies":"Gremlin Nob","floor":6,"turns":1},{"damage":36,"enemies":"The Mushroom Lair","floor":7,"turns":5},{"damage":23,"enemies":"Lagavulin","floor":10,"turns":5},{"damage":4,"enemies":"Small Slimes","floor":11,"turns":4},{"damage":31,"enemies":"3 Sentries","floor":13,"turns":11},{"damage":0,"enemies":"3 Louse","floor":14,"turns":3},{"damage":50,"enemies":"Hexaghost","floor":16,"turns":9}],"seed_played":"2715929101756865338","potions_obtained":[{"floor":2,"key":"Energy Potion"},{"floor":2,"key":"Swift Potion"},{"floor":6,"key":"PowerPotion"},{"floor":10,"key":"Ancient Potion"},{"floor":11,"key":"Fire Potion"},{"floor":13,"key":"AttackPotion"},{"floor":14,"key":"BloodPotion"}],"is_trial":false,"path_per_floor":["M","?","$","M","$","E","?","R","T","E","M","R","E","M","R","B"],"character_chosen":"IRONCLAD","items_purchased":["Cleave"],"campfire_rested":1,"item_purchase_floors":[5],"current_hp_per_floor":[74,74,74,75,75,75,45,45,45,28,32,32,9,17,39,0],"gold":240,"neow_bonus":"THREE_ENEMY_KILL","is_prod":false,"is_daily":false,"chose_seed":false,"campfire_upgraded":2,"win_rate":0,"timestamp":1558331710,"path_taken":["M","?","$","?","$","E","?","R","T","E","M","R","E","M","R","BOSS"],"build_version":"2019-01-23","purchased_purges":0,"victory":false,"max_hp_per_floor":[75,75,75,75,75,75,75,75,75,75,75,75,75,75,75,75],"card_choices":[{"not_picked":["Armaments","Flex","Body Slam"],"picked":"SKIP","floor":1},{"not_picked":["Armaments","Flex","Perfected Strike"],"picked":"SKIP","floor":4},{"not_picked":["Havoc","Second Wind","Dropkick"],"picked":"SKIP","floor":6},{"not_picked":["Headbutt","Spot Weakness"],"picked":"Iron Wave","floor":7},{"not_picked":["Berserk","Sentinel","Thunderclap"],"picked":"SKIP","floor":10},{"not_picked":["True Grit","Clash","Havoc"],"picked":"SKIP","floor":11},{"not_picked":["Flex","Blood for Blood","Spot Weakness"],"picked":"SKIP","floor":13},{"not_picked":["Fire Breathing","Body Slam","Rupture"],"picked":"SKIP","floor":14}],"player_experience":574259,"relics_obtained":[{"floor":6,"key":"Omamori"},{"floor":7,"key":"Odd Mushroom"},{"floor":9,"key":"Happy Flower"},{"floor":10,"key":"Blood Vial"},{"floor":13,"key":"Mummified Hand"}],"event_choices":[{"damage_healed":0,"gold_gain":0,"player_choice":"Got Potions","damage_taken":0,"max_hp_gain":0,"max_hp_loss":0,"event_name":"Lab","floor":2,"gold_loss":0},{"damage_healed":0,"gold_gain":0,"player_choice":"Fought Mushrooms","damage_taken":0,"max_hp_gain":0,"max_hp_loss":0,"event_name":"Mushrooms","floor":7,"gold_loss":0}],"is_beta":false,"boss_relics":[],"items_purged_floors":[],"is_endless":false,"potions_floor_spawned":[6,10,11,13,14],"killed_by":"Hexaghost","ascension_level":14}