{"gold_per_floor":[13,30,30,47,47,47,74,104],"floor_reached":8,"playtime":172,"items_purged":[],"score":84,"play_id":"3bab171a-2466-47cf-84ff-9ca8ca70d558","local_time":"20190425010137","is_ascension_mode":true,"campfire_choices":[{"data":"Immolate","floor":6,"key":"SMITH"}],"neow_cost":"NO_GOLD","seed_source_timestamp":960465459587521,"circlet_count":0,"master_deck":["AscendersBane","Strike_R","Strike_R","Strike_R","Strike_R+1","Strike_R","Defend_R","Defend_R","Defend_R","Defend_R","Bash+1","Immolate+1","Heavy Blade"],"relics":["Burning Blood","Ornamental Fan"],"potions_floor_usage":[8],"damage_taken":[{"damage":0,"enemies":"Cultist","floor":1,"turns":2},{"damage":0,"enemies":"2 Louse","floor":2,"turns":1},{"damage":7,"enemies":"Jaw Worm","floor":4,"turns":3},{"damage":42,"enemies":"Lagavulin","floor":7,"turns":6},{"damage":32,"enemies":"Gremlin Nob","floor":8,"turns":3}],"seed_played":"6211465694673757986","potions_obtained":[{"floor":4,"key":"Poison Potion"}],"is_trial":false,"path_per_floor":["M","M","$","M","?","R","E","?"],"character_chosen":"IRONCLAD","items_purchased":[],"campfire_rested":0,"item_purchase_floors":[],"current_hp_per_floor":[78,80,80,79,63,63,27,0],"gold":104,"neow_bonus":"THREE_RARE_CARDS","is_prod":false,"is_daily":false,"chose_seed":false,"campfire_upgraded":1,"win_rate":0,"timestamp":1556175697,"path_taken":["M","M","?","M","?","R","E","?"],"build_version":"2019-01-23","purchased_purges":0,"victory":false,"max_hp_per_floor":[80,80,80,80,80,80,80,80],"card_choices":[{"not_picked":["Barricade","Brutality"],"picked":"Immolate","floor":0},{"not_picked":["Searing Blow","Entrench"],"picked":"Heavy Blade","floor":1},{"not_picked":["Spot Weakness","Headbutt","Reckless Charge"],"picked":"SKIP","floor":2},{"not_picked":["Warcry","Havoc","Pommel Strike"],"picked":"SKIP","floor":4},{"not_picked":["Pommel Strike","Dark Embrace","Rampage"],"picked":"SKIP","floor":7}],"player_experience":532922,"relics_obtained":[{"floor":7,"key":"Ornamental Fan"}],"event_choices":[{"damage_healed":0,"gold_gain":0,"player_choice":"Entered Light","damage_taken":16,"max_hp_gain":0,"max_hp_loss":0,"event_name":"Shining Light","floor":5,"gold_loss":0,"cards_upgraded":["Strike_R","Bash"]},{"damage_healed":0,"gold_gain":30,"player_choice":"Searched \u00273\u0027 times","damage_taken":0,"max_hp_gain":0,"max_hp_loss":0,"event_name":"Dead Adventurer","floor":8,"gold_loss":0}],"is_beta":false,"boss_relics":[],"items_purged_floors":[],"is_endless":false,"potions_floor_spawned":[4],"killed_by":"Gremlin Nob","ascension_level":10}