{"gold_per_floor":[112,123,123,137,149,149,183,183,210,210,222,253,315,341,341,341],"floor_reached":16,"playtime":519,"items_purged":[],"score":156,"play_id":"95692048-5694-4f02-bdfe-2d83e9a68451","local_time":"20190422170857","is_ascension_mode":true,"campfire_choices":[{"data":"Cleave","floor":6.0,"key":"SMITH"},{"data":"Metallicize","floor":8,"key":"SMITH"},{"data":"Cleave","floor":10,"key":"SMITH"},{"floor":15,"key":"REST"}],"neow_cost":"NONE","seed_source_timestamp":758839430275780,"circlet_count":0,"master_deck":["Strike_R","Strike_R","Strike_R","Strike_R","Defend_R","Defend_R","Defend_R","Defend_R","Bash","Cleave+1","Cleave+1","Metallicize+1","Pommel Strike"],"special_seed":0,"relics":["Burning Blood","Strawberry","Art of War","Ancient Tea Set","Omamori","Potion Belt","Boot"],"potions_floor_usage":[7,13,14],"damage_taken":[{"damage":14.0,"enemies":"Cultist","floor":1.0,"turns":6.0},{"damage":6.0,"enemies":"Jaw Worm","floor":2.0,"turns":4.0},{"damage":0.0,"enemies":"Small Slimes","floor":4.0,"turns":2.0},{"damage":0.0,"enemies":"Exordium Wildlife","floor":5.0,"turns":2.0},{"damage":25,"enemies":"3 Sentries","floor":7,"turns":5},{"damage":7,"enemies":"Looter","floor":11,"turns":3},{"damage":32,"enemies":"Lagavulin","floor":12,"turns":5},{"damage":40,"enemies":"Lagavulin Event","floor":13,"turns":5},{"damage":5,"enemies":"3 Sentries","floor":14,"turns":3},{"damage":73,"enemies":"The Guardian","floor":16,"turns":16}],"seed_played":"4188380940777418839","potions_obtained":[{"floor":2.0,"key":"Regen Potion"},{"floor":5.0,"key":"PowerPotion"},{"floor":11,"key":"Explosive Potion"}],"is_trial":false,"path_per_floor":["M","M","?","M","M","R","E","R","T","R","M","E","?","E","R","B"],"character_chosen":"IRONCLAD","items_purchased":[],"campfire_rested":1,"item_purchase_floors":[],"current_hp_per_floor":[71,71,71,77,83,83,64,64,64,64,63,37,17,18,44,0],"gold":341,"neow_bonus":"RANDOM_COMMON_RELIC","is_prod":false,"is_daily":false,"chose_seed":false,"campfire_upgraded":3,"win_rate":0,"timestamp":1555974537,"path_taken":["M","?","?","M","M","R","E","R","T","R","?","E","?","E","R","BOSS"],"build_version":"2019-01-23","purchased_purges":0,"victory":false,"max_hp_per_floor":[87,87,87,87,87,87,87,87,87,87,87,87,87,87,87,87],"card_choices":[{"not_picked":["Thunderclap","Burning Pact"],"picked":"Cleave","floor":1.0},{"not_picked":["Power Through","Shockwave","Rupture"],"picked":"SKIP","floor":2.0},{"not_picked":["Infernal Blade","Clash"],"picked":"Cleave","floor":4.0},{"not_picked":["Shockwave","Reckless Charge","Headbutt"],"picked":"SKIP","floor":5.0},{"not_picked":["Bloodletting","Armaments"],"picked":"Metallicize","floor":7},{"not_picked":["Clash","Body Slam"],"picked":"Pommel Strike","floor":11},{"not_picked":["Shockwave","Brutality","Dual Wield"],"picked":"SKIP","floor":12},{"not_picked":["Warcry","Iron Wave","Perfected Strike"],"picked":"SKIP","floor":14}],"player_experience":507888,"relics_obtained":[{"floor":7,"key":"Art of War"},{"floor":9,"key":"Ancient Tea Set"},{"floor":12,"key":"Omamori"},{"floor":13,"key":"Potion Belt"},{"floor":14,"key":"Boot"}],"event_choices":[{"cards_removed":["Strike_R"],"damage_healed":0.0,"max_hp_gain":0.0,"max_hp_loss":0.0,"gold_gain":0.0,"event_name":"Wheel of Change","player_choice":"Card Removal","floor":3.0,"gold_loss":0.0,"damage_taken":0.0},{"damage_healed":0,"gold_gain":30,"player_choice":"Searched \u00272\u0027 times","damage_taken":0,"max_hp_gain":0,"max_hp_loss":0,"event_name":"Dead Adventurer","floor":13,"gold_loss":0}],"is_beta":false,"boss_relics":[],"items_purged_floors":[],"is_endless":false,"potions_floor_spawned":[2,5,11],"killed_by":"The Guardian","ascension_level":6}