{"gold_per_floor":[110,125,141,141,155,185,185,19,46,46,59,59,134,162,162,162],"floor_reached":16,"playtime":820,"items_purged":[],"score":204,"play_id":"c49d2a6c-0663-4c2b-81ff-16edd731f91e","local_time":"20190606134130","is_ascension_mode":true,"campfire_choices":[{"floor":7.0,"key":"REST"},{"data":"Zap","floor":10.0,"key":"SMITH"},{"floor":12.0,"key":"REST"},{"data":"Hyperbeam","floor":15.0,"key":"SMITH"}],"neow_cost":"NONE","seed_source_timestamp":426616600449800,"circlet_count":0,"master_deck":["AscendersBane","Strike_B+1","Strike_B","Strike_B","Strike_B","Defend_B","Defend_B","Defend_B","Defend_B","Zap+1","Dualcast","Sunder+1","Glacier","BootSequence","Decay","Tempest","All For One","Rebound","Hyperbeam+1"],"special_seed":0,"relics":["Cracked Core","Blood Vial","Pen Nib","Vajra","Happy Flower","Whetstone"],"potions_floor_usage":[16],"damage_taken":[{"damage":14.0,"enemies":"Jaw Worm","floor":1.0,"turns":4.0},{"damage":1.0,"enemies":"Cultist","floor":2.0,"turns":3.0},{"damage":0.0,"enemies":"2 Louse","floor":3.0,"turns":2.0},{"damage":9.0,"enemies":"Large Slime","floor":5.0,"turns":6.0},{"damage":40.0,"enemies":"Lagavulin","floor":6.0,"turns":7.0},{"damage":4.0,"enemies":"Red Slaver","floor":11.0,"turns":2.0},{"damage":16.0,"enemies":"3 Sentries","floor":14.0,"turns":7.0},{"damage":35,"enemies":"Slime Boss","floor":16,"turns":7}],"seed_played":"-4763118584451731474","potions_obtained":[{"floor":5.0,"key":"Fire Potion"},{"floor":11.0,"key":"Energy Potion"},{"floor":14.0,"key":"FocusPotion"}],"is_trial":false,"path_per_floor":["M","M","M","?","M","E","R","$","T","R","M","R","?","E","R","B"],"character_chosen":"DEFECT","items_purchased":["Vajra"],"campfire_rested":2,"item_purchase_floors":[8],"current_hp_per_floor":[52,53,55,55,48,10,31,31,31,31,29,50,39,25,25,0],"gold":162,"neow_bonus":"RANDOM_COMMON_RELIC","is_prod":false,"is_daily":false,"chose_seed":false,"campfire_upgraded":2,"win_rate":0,"timestamp":1559850090,"path_taken":["M","M","M","?","M","E","R","$","T","R","?","R","?","E","R","BOSS"],"build_version":"2019-01-23","purchased_purges":0,"victory":false,"max_hp_per_floor":[71,71,71,71,71,71,71,71,71,71,71,71,71,71,71,71],"card_choices":[{"not_picked":["Turbo","Barrage"],"picked":"Sunder","floor":1.0},{"not_picked":["Coolheaded","Barrage"],"picked":"Glacier","floor":2.0},{"not_picked":["Hello World","Blizzard"],"picked":"BootSequence","floor":3.0},{"not_picked":["Storm","Conserve Battery"],"picked":"Tempest","floor":5.0},{"not_picked":["Auto Shields","Beam Cell"],"picked":"All For One","floor":6.0},{"not_picked":["Barrage","Storm"],"picked":"Rebound","floor":11.0},{"not_picked":["Blizzard","Stack"],"picked":"Hyperbeam","floor":14.0}],"player_experience":850478,"relics_obtained":[{"floor":6.0,"key":"Pen Nib"},{"floor":9.0,"key":"Happy Flower"},{"floor":14.0,"key":"Whetstone"}],"event_choices":[{"damage_healed":0.0,"max_hp_gain":0.0,"max_hp_loss":0.0,"gold_gain":0.0,"event_name":"Wheel of Change","player_choice":"Cursed","floor":4.0,"gold_loss":0.0,"damage_taken":0.0,"cards_obtained":["Decay"]},{"damage_healed":0.0,"max_hp_gain":0.0,"max_hp_loss":0.0,"gold_gain":75.0,"event_name":"World of Goop","player_choice":"Gather Gold","floor":13.0,"gold_loss":0.0,"damage_taken":11.0}],"is_beta":false,"boss_relics":[],"items_purged_floors":[],"is_endless":false,"potions_floor_spawned":[5,11,14],"killed_by":"Slime Boss","ascension_level":17}