{"gold_per_floor":[114,128,143,162,162,162,196,212,212,212],"floor_reached":10,"playtime":357,"items_purged":[],"score":70,"play_id":"0a429d41-b8e9-428b-9dbd-46a7c3e7395f","local_time":"20190501202228","is_ascension_mode":false,"campfire_choices":[{"data":"Double Energy","floor":6,"key":"SMITH"}],"neow_cost":"NONE","seed_source_timestamp":11727030014902,"circlet_count":0,"master_deck":["Strike_B","Strike_B","Strike_B","Strike_B","Defend_B","Defend_B","Defend_B","Defend_B","Zap+1","Dualcast","Glacier","Stack","Steam","Double Energy+1","Conserve Battery","Chaos"],"relics":["Cracked Core","Potion Belt","Molten Egg 2","Singing Bowl"],"potions_floor_usage":[],"damage_taken":[{"damage":2,"enemies":"Small Slimes","floor":1,"turns":4},{"damage":2,"enemies":"Cultist","floor":2,"turns":4},{"damage":0,"enemies":"Jaw Worm","floor":3,"turns":4},{"damage":7,"enemies":"Looter","floor":4,"turns":3},{"damage":16,"enemies":"Lagavulin","floor":7,"turns":9},{"damage":8,"enemies":"Gremlin Gang","floor":8,"turns":4},{"damage":76,"enemies":"Gremlin Nob","floor":10,"turns":5}],"seed_played":"2084978352733319755","potions_obtained":[{"floor":4,"key":"Weak Potion"},{"floor":8,"key":"FairyPotion"}],"is_trial":false,"path_per_floor":["M","M","M","M","?","R","E","M","T","E"],"character_chosen":"DEFECT","items_purchased":[],"campfire_rested":0,"item_purchase_floors":[],"current_hp_per_floor":[73,71,71,64,64,64,48,40,40,0],"gold":212,"neow_bonus":"UPGRADE_CARD","is_prod":false,"is_daily":false,"chose_seed":false,"campfire_upgraded":1,"win_rate":0,"timestamp":1556706148,"path_taken":["M","M","M","M","?","R","E","?","T","E"],"build_version":"2019-01-23","purchased_purges":0,"victory":false,"max_hp_per_floor":[75,75,75,75,75,75,75,75,75,75],"card_choices":[{"not_picked":["Streamline","Gash"],"picked":"Glacier","floor":1},{"not_picked":["Turbo","Hologram"],"picked":"Stack","floor":2},{"not_picked":["Scrape","Reprogram"],"picked":"Steam","floor":3},{"not_picked":["Scrape","Reboot"],"picked":"Double Energy","floor":4},{"not_picked":["Coolheaded","Leap"],"picked":"Conserve Battery","floor":7},{"not_picked":["Redo","Hologram"],"picked":"Chaos","floor":8}],"player_experience":153474,"relics_obtained":[{"floor":7,"key":"Molten Egg 2"},{"floor":9,"key":"Singing Bowl"}],"event_choices":[{"damage_healed":0,"gold_gain":0,"player_choice":"Gave Potion","damage_taken":0,"relics_obtained":["Potion Belt"],"max_hp_gain":0,"max_hp_loss":0,"event_name":"WeMeetAgain","floor":5,"gold_loss":0}],"is_beta":false,"boss_relics":[],"items_purged_floors":[],"is_endless":false,"potions_floor_spawned":[4,8],"killed_by":"Gremlin Nob","ascension_level":0}