{"gold_per_floor":[113,113,188,198,198,227,227,254,308,308,308,334,299,311,311,415,415,415,415,50,50,50,50,50,50,50,50,50,50,50,50,50,50,50,50,50,50,50,50,50,50,50,50,50,50,50,2,2,2,2],"floor_reached":51,"playtime":3363,"items_purged":[],"score":952,"play_id":"e52b5eea-56a0-4df8-a69e-55df63c0a3d7","local_time":"20181029210752","is_ascension_mode":true,"campfire_choices":[{"floor":7,"key":"REST"},{"data":"Dodge and Roll","floor":10,"key":"SMITH"},{"data":"Well Laid Plans","floor":15,"key":"SMITH"},{"data":"Footwork","floor":23,"key":"SMITH"},{"data":"Malaise","floor":25,"key":"SMITH"},{"floor":32,"key":"DIG"},{"floor":46,"key":"REST"},{"floor":49,"key":"DIG"}],"neow_cost":"NONE","seed_source_timestamp":9779255987924,"circlet_count":0,"master_deck":["Defend_G+1","Defend_G+1","Defend_G+1","Defend_G+1","Defend_G+1","Strike_G+1","Strike_G+1","Strike_G+1","Strike_G+1","Strike_G+1","Survivor","Neutralize","Dash","Quick Slash","Dodge and Roll+1","Flying Knee","Well Laid Plans+1","Underhanded Strike","Malaise+1","Dagger Throw","Dagger Spray","Footwork+1","Backflip","Tactician","Blade Dance+1","Footwork","Blur","Night Terror","Tactician+1","Predator+1","Deflect+1","Prepared+1","Blade Dance+1","Footwork+1","Escape Plan","After Image","Slice+1","Flying Knee+1","Acrobatics","Tactician+1"],"relics":["Ring of the Snake","Orichalcum","Oddly Smooth Stone","PreservedInsect","Dream Catcher","Bag of Preparation","Bronze Scales","Ectoplasm","Mercury Hourglass","Shuriken","Tough Bandages","Shovel","Blood Vial","WristBlade","Du-Vu Doll","Pocketwatch","Pen Nib","Ice Cream","Ornamental Fan","Regal Pillow","Art of War"],"potions_floor_usage":[6,8,16,31,36,41,41,45,48,50],"damage_taken":[{"damage":9,"enemies":"Small Slimes","floor":1,"turns":4},{"damage":0,"enemies":"2 Louse","floor":4,"turns":3},{"damage":22,"enemies":"Lagavulin","floor":6,"turns":8},{"damage":4,"enemies":"3 Sentries","floor":8,"turns":5},{"damage":9,"enemies":"Lagavulin","floor":12,"turns":7},{"damage":0,"enemies":"Jaw Worm","floor":14,"turns":3},{"damage":20,"enemies":"Hexaghost","floor":16,"turns":12},{"damage":0,"enemies":"3 Byrds","floor":18,"turns":4},{"damage":4,"enemies":"Chosen","floor":19,"turns":6},{"damage":0,"enemies":"Snake Plant","floor":22,"turns":4},{"damage":0,"enemies":"Cultist and Chosen","floor":24,"turns":5},{"damage":0,"enemies":"3 Cultists","floor":27,"turns":4},{"damage":0,"enemies":"Snecko","floor":28,"turns":6},{"damage":23,"enemies":"Slavers","floor":29,"turns":4},{"damage":0,"enemies":"Book of Stabbing","floor":31,"turns":4},{"damage":10,"enemies":"Champ","floor":33,"turns":11},{"damage":3,"enemies":"Orb Walker","floor":35,"turns":5},{"damage":37,"enemies":"2 Orb Walkers","floor":36,"turns":7},{"damage":0,"enemies":"3 Shapes","floor":37,"turns":4},{"damage":0,"enemies":"Mind Bloom Boss Battle","floor":38,"turns":6},{"damage":0,"enemies":"3 Darklings","floor":39,"turns":4},{"damage":0,"enemies":"Reptomancer","floor":40,"turns":5},{"damage":15,"enemies":"Maw","floor":41,"turns":8},{"damage":0,"enemies":"Nemesis","floor":42,"turns":7},{"damage":2,"enemies":"Reptomancer","floor":44,"turns":5},{"damage":8,"enemies":"Transient","floor":45,"turns":5},{"damage":3,"enemies":"Writhing Mass","floor":48,"turns":7},{"damage":42,"enemies":"Donu and Deca","floor":50,"turns":11}],"seed_played":"5600201255412247260","potions_obtained":[{"floor":1,"key":"SpeedPotion"},{"floor":4,"key":"PowerPotion"},{"floor":6,"key":"AttackPotion"},{"floor":14,"key":"Poison Potion"},{"floor":18,"key":"Dexterity Potion"},{"floor":24,"key":"PowerPotion"},{"floor":29,"key":"SkillPotion"},{"floor":31,"key":"Strength Potion"},{"floor":36,"key":"EssenceOfSteel"},{"floor":41,"key":"LiquidBronze"},{"floor":44,"key":"Weak Potion"}],"is_trial":false,"path_per_floor":["M","?","?","M","?","E","R","E","T","R","$","E","?","M","R","B",null,"M","M","$","?","M","R","M","R","T","M","M","E","?","E","R","B",null,"M","?","M","?","M","E","M","E","T","E","M","R","$","M","R","B"],"character_chosen":"THE_SILENT","items_purchased":["Mercury Hourglass","Footwork","Backflip","Acrobatics"],"campfire_rested":2,"item_purchase_floors":[20,20,20,47],"current_hp_per_floor":[61,66,55,55,37,15,37,33,33,33,33,24,42,42,42,22,75,75,71,71,71,71,71,71,71,71,71,71,48,73,73,73,65,75,72,37,39,41,43,45,32,34,34,34,28,65,65,64,64,24],"gold":2,"neow_bonus":"RANDOM_COMMON_RELIC","is_prod":false,"is_daily":false,"chose_seed":false,"campfire_upgraded":4,"win_rate":0,"timestamp":1540807672,"path_taken":["M","?","?","M","?","E","R","E","T","R","$","E","?","M","R","BOSS","M","M","$","?","M","R","M","R","T","M","M","E","?","E","R","BOSS","M","?","M","?","M","E","M","E","T","E","?","R","$","M","R","BOSS"],"build_version":"2018-10-25v2","purchased_purges":0,"victory":true,"max_hp_per_floor":[70,75,75,75,75,75,75,75,75,75,75,75,75,75,75,75,75,75,75,75,75,75,75,75,75,75,75,75,75,75,75,75,75,75,75,75,75,75,75,75,75,75,75,75,75,75,75,75,75,75],"card_choices":[{"not_picked":["Bane","Outmaneuver"],"picked":"Dash","floor":1},{"not_picked":["Riddle With Holes","Deflect"],"picked":"Quick Slash","floor":4},{"not_picked":["Escape Plan","Heel Hook"],"picked":"Dodge and Roll","floor":6},{"not_picked":["Slice","Endless Agony"],"picked":"Flying Knee","floor":8},{"not_picked":["Leg Sweep","Dagger Throw"],"picked":"Well Laid Plans","floor":12},{"not_picked":["Flying Knee","Heel Hook"],"picked":"Underhanded Strike","floor":14},{"not_picked":["Storm of Steel","Wraith Form v2"],"picked":"Malaise","floor":16},{"not_picked":["Accuracy+1","Underhanded Strike"],"picked":"Dagger Throw","floor":18},{"not_picked":["Quick Slash","All Out Attack"],"picked":"Dagger Spray","floor":19},{"not_picked":["Dagger Spray+1","Sucker Punch"],"picked":"Tactician","floor":22},{"not_picked":["Cloak And Dagger","Acrobatics","Dash"],"picked":"SKIP","floor":24},{"not_picked":["Cloak And Dagger+1","Slice+1"],"picked":"Blade Dance+1","floor":27},{"not_picked":["Quick Slash","Eviscerate"],"picked":"Footwork","floor":28},{"not_picked":["Corpse Explosion","Footwork","Bane"],"picked":"SKIP","floor":29},{"not_picked":["Accuracy","Poisoned Stab"],"picked":"Blur","floor":31},{"not_picked":["Bullet Time","Venomology"],"picked":"Night Terror","floor":33},{"not_picked":["Masterful Stab+1","Backflip"],"picked":"Tactician+1","floor":35},{"not_picked":["Quick Slash","Flying Knee+1"],"picked":"Predator+1","floor":36},{"not_picked":["Cloak And Dagger","Predator+1"],"picked":"Deflect+1","floor":37},{"not_picked":["Deflect","Sucker Punch"],"picked":"Prepared+1","floor":38},{"not_picked":["Reflex+1","Riddle With Holes+1"],"picked":"Blade Dance+1","floor":39},{"not_picked":["Blade Dance","PiercingWail"],"picked":"Footwork+1","floor":40},{"not_picked":["Eviscerate","Deflect"],"picked":"Escape Plan","floor":41},{"not_picked":["Heel Hook","PiercingWail+1"],"picked":"After Image","floor":42},{"not_picked":["Concentrate+1","Dagger Spray"],"picked":"Slice+1","floor":44},{"not_picked":["Predator+1","Quick Slash"],"picked":"Flying Knee+1","floor":45},{"not_picked":["Doppelganger","Distraction"],"picked":"Tactician+1","floor":48}],"player_experience":135908,"relics_obtained":[{"floor":6,"key":"PreservedInsect"},{"floor":8,"key":"Dream Catcher"},{"floor":9,"key":"Bag of Preparation"},{"floor":12,"key":"Bronze Scales"},{"floor":26,"key":"Shuriken"},{"floor":29,"key":"Tough Bandages"},{"floor":31,"key":"Shovel"},{"floor":32,"key":"Blood Vial"},{"floor":36,"key":"Du-Vu Doll"},{"floor":38,"key":"Pocketwatch"},{"floor":40,"key":"Pen Nib"},{"floor":42,"key":"Ice Cream"},{"floor":43,"key":"Ornamental Fan"},{"floor":44,"key":"Regal Pillow"},{"floor":49,"key":"Art of War"}],"event_choices":[{"damage_healed":0,"gold_gain":0,"player_choice":"Donut","damage_taken":0,"max_hp_gain":5,"max_hp_loss":0,"event_name":"Big Fish","floor":2,"gold_loss":0},{"damage_healed":0,"gold_gain":75,"player_choice":"Gather Gold","damage_taken":11,"max_hp_gain":0,"max_hp_loss":0,"event_name":"World of Goop","floor":3,"gold_loss":0},{"damage_healed":0,"gold_gain":0,"player_choice":"Success","damage_taken":18,"relics_obtained":["Oddly Smooth Stone"],"max_hp_gain":0,"max_hp_loss":0,"event_name":"Scrap Ooze","floor":5,"gold_loss":0},{"damage_healed":18,"gold_gain":0,"player_choice":"Healed","damage_taken":0,"max_hp_gain":0,"max_hp_loss":0,"event_name":"The Cleric","floor":13,"gold_loss":35},{"damage_healed":0,"gold_gain":0,"player_choice":"Simplicity","damage_taken":0,"max_hp_gain":0,"max_hp_loss":0,"event_name":"Back to Basics","floor":21,"gold_loss":0,"cards_upgraded":["Defend_G","Defend_G","Defend_G","Defend_G","Defend_G","Strike_G","Strike_G","Strike_G","Strike_G","Strike_G"]},{"damage_healed":25,"gold_gain":0,"player_choice":"Heal","damage_taken":0,"max_hp_gain":0,"max_hp_loss":0,"event_name":"The Library","floor":30,"gold_loss":0},{"damage_healed":0,"gold_gain":0,"player_choice":"Fight","damage_taken":0,"max_hp_gain":0,"max_hp_loss":0,"event_name":"Mysterious Sphere","floor":36,"gold_loss":0},{"damage_healed":0,"gold_gain":0,"player_choice":"Fight","damage_taken":0,"max_hp_gain":0,"max_hp_loss":0,"event_name":"MindBloom","floor":38,"gold_loss":0}],"is_beta":true,"boss_relics":[{"not_picked":["Eternal Feather","Coffee Dripper"],"picked":"Ectoplasm"},{"not_picked":["Runic Dome","Fusion Hammer"],"picked":"WristBlade"}],"items_purged_floors":[],"is_endless":false,"potions_floor_spawned":[1,4,6,14,18,24,29,31,33,36,38,40,41,44],"ascension_level":2}