{"gold_per_floor":[114,129,141,141,155,155,4,4,4,4,48,48,67,142,142,273,273,292,342,355,355,371,371,422,422,422,456,471,471,490,153,153,153],"floor_reached":33,"playtime":998,"items_purged":["Strike_R"],"score":441,"play_id":"aaa4b750-d7e0-4124-9a2d-46d7fac05fea","local_time":"20190422234920","is_ascension_mode":true,"campfire_choices":[{"data":"Carnage","floor":6.0,"key":"SMITH"},{"data":"Twin Strike","floor":8.0,"key":"SMITH"},{"floor":10.0,"key":"DIG"},{"floor":12.0,"key":"DIG"},{"floor":15.0,"key":"DIG"},{"floor":23,"key":"DIG"},{"floor":25,"key":"DIG"},{"floor":29,"key":"DIG"},{"floor":32,"key":"DIG"}],"neow_cost":"NONE","seed_source_timestamp":782461067197213,"circlet_count":0,"master_deck":["Strike_R","Strike_R","Strike_R","Strike_R","Defend_R","Defend_R","Defend_R","Defend_R","Bash+1","Carnage+1","Twin Strike+1","Uppercut","Clothesline+1","Shrug It Off+1","Flex+1"],"special_seed":0,"relics":["Burning Blood","Bloody Idol","Bronze Scales","Shovel","Prayer Wheel","Toxic Egg 2","Strawberry","PreservedInsect","Mark of Pain","Art of War","Anchor","Unceasing Top","Peace Pipe","Self Forming Clay","Centennial Puzzle","Question Card","Bottled Flame"],"potions_floor_usage":[27,27,30,33],"damage_taken":[{"damage":6.0,"enemies":"Cultist","floor":1.0,"turns":4.0},{"damage":4.0,"enemies":"2 Louse","floor":2.0,"turns":4.0},{"damage":2.0,"enemies":"Jaw Worm","floor":3.0,"turns":3.0},{"damage":23.0,"enemies":"Exordium Wildlife","floor":5.0,"turns":7.0},{"damage":40.0,"enemies":"3 Sentries","floor":11.0,"turns":7.0},{"damage":4.0,"enemies":"2 Fungi Beasts","floor":13.0,"turns":2.0},{"damage":0.0,"enemies":"Slime Boss","floor":16.0,"turns":5.0},{"damage":33.0,"enemies":"Spheric Guardian","floor":18.0,"turns":4.0},{"damage":3,"enemies":"3 Byrds","floor":20,"turns":3},{"damage":15,"enemies":"Snecko","floor":22,"turns":3},{"damage":5,"enemies":"Book of Stabbing","floor":27,"turns":3},{"damage":31,"enemies":"Centurion and Healer","floor":28,"turns":6},{"damage":7,"enemies":"Chosen and Byrds","floor":30,"turns":5},{"damage":57,"enemies":"Collector","floor":33,"turns":6}],"seed_played":"-2365937135664507629","potions_obtained":[{"floor":1.0,"key":"Poison Potion"},{"floor":11.0,"key":"Strength Potion"},{"floor":13.0,"key":"AttackPotion"},{"floor":16.0,"key":"Strength Potion"},{"floor":20,"key":"SpeedPotion"},{"floor":27,"key":"AttackPotion"},{"floor":28,"key":"FearPotion"}],"is_trial":false,"path_per_floor":["M","M","M","?","M","R","$","R","T","R","E","R","M","?","R","B",null,"M","?","M","?","M","R","T","R","T","E","M","R","M","$","R","B"],"character_chosen":"IRONCLAD","items_purchased":["Bronze Scales","Question Card"],"campfire_rested":0,"item_purchase_floors":[7,31],"current_hp_per_floor":[72,74,78,74,57,57,57,57,57,57,23,30,32,21,21,27,68,41,41,44,44,40,40,45,45,45,51,31,31,35,35,35,0],"gold":153,"neow_bonus":"UPGRADE_CARD","is_prod":false,"is_daily":false,"chose_seed":false,"campfire_upgraded":2,"win_rate":0,"timestamp":1555998560,"path_taken":["M","M","M","?","M","R","$","R","T","R","E","R","M","?","R","BOSS","M","?","?","?","M","R","?","R","T","E","M","R","M","$","R","BOSS"],"build_version":"2019-01-23","purchased_purges":1,"victory":false,"max_hp_per_floor":[80,80,80,74,74,74,74,74,74,74,74,81,81,81,81,81,81,81,81,81,81,81,81,81,81,81,81,81,81,81,81,81,81],"card_choices":[{"not_picked":["Rupture","Perfected Strike"],"picked":"Carnage","floor":1.0},{"not_picked":["Fire Breathing","Headbutt"],"picked":"Twin Strike","floor":2.0},{"not_picked":["Perfected Strike","Warcry","Anger"],"picked":"SKIP","floor":3.0},{"not_picked":["Flex","Sword Boomerang","Sentinel"],"picked":"SKIP","floor":5.0},{"not_picked":["Hemokinesis","Wild Strike","Second Wind"],"picked":"SKIP","floor":11.0},{"not_picked":["True Grit+1","Rampage"],"picked":"Uppercut","floor":13.0},{"not_picked":["Body Slam","Warcry+1","Twin Strike"],"picked":"SKIP","floor":13.0},{"not_picked":["Corruption","Clash","Dual Wield+1"],"picked":"SKIP","floor":18.0},{"not_picked":["Fire Breathing","Sword Boomerang","Havoc+1"],"picked":"SKIP","floor":18.0},{"not_picked":["Sentinel+1","Berserk","Heavy Blade"],"picked":"SKIP","floor":20},{"not_picked":["Corruption","Clash","Thunderclap"],"picked":"SKIP","floor":20},{"not_picked":["Heavy Blade","Sword Boomerang"],"picked":"Clothesline+1","floor":22},{"not_picked":["Sword Boomerang+1","Burning Pact+1","Dual Wield+1"],"picked":"SKIP","floor":22},{"not_picked":["Evolve","Hemokinesis","Heavy Blade"],"picked":"SKIP","floor":27},{"not_picked":["Dual Wield+1","True Grit+1"],"picked":"Shrug It Off+1","floor":28},{"not_picked":["Clothesline","Rage+1","Blood for Blood"],"picked":"SKIP","floor":28},{"not_picked":["Shrug It Off+1","Wild Strike"],"picked":"Flex+1","floor":30},{"not_picked":["Rampage+1","Dual Wield+1","Twin Strike"],"picked":"SKIP","floor":30}],"player_experience":520944,"relics_obtained":[{"floor":9.0,"key":"Shovel"},{"floor":10.0,"key":"Prayer Wheel"},{"floor":11.0,"key":"Toxic Egg 2"},{"floor":12.0,"key":"Strawberry"},{"floor":15.0,"key":"PreservedInsect"},{"floor":23,"key":"Art of War"},{"floor":24,"key":"Anchor"},{"floor":25,"key":"Unceasing Top"},{"floor":26,"key":"Peace Pipe"},{"floor":27,"key":"Self Forming Clay"},{"floor":29,"key":"Centennial Puzzle"},{"floor":32,"key":"Bottled Flame"}],"event_choices":[{"damage_healed":0.0,"max_hp_gain":0.0,"max_hp_loss":6.0,"gold_gain":0.0,"event_name":"Golden Idol","player_choice":"Lose Max HP","floor":4.0,"gold_loss":0.0,"damage_taken":0.0,"relics_obtained":["Golden Idol"]},{"damage_healed":0.0,"max_hp_gain":0.0,"max_hp_loss":0.0,"gold_gain":75.0,"event_name":"World of Goop","player_choice":"Gather Gold","floor":14.0,"gold_loss":0.0,"damage_taken":11.0},{"damage_healed":0.0,"max_hp_gain":0.0,"max_hp_loss":0.0,"gold_gain":100.0,"event_name":"The Joust","player_choice":"Bet on Murderer","floor":19.0,"gold_loss":50.0,"damage_taken":0.0},{"damage_healed":0,"gold_gain":0,"player_choice":"Gave Idol","damage_taken":0,"relics_obtained":["Bloody Idol"],"max_hp_gain":0,"max_hp_loss":0,"event_name":"Forgotten Altar","floor":21,"relics_lost":["Golden Idol"],"gold_loss":0}],"is_beta":false,"boss_relics":[{"not_picked":["Runic Dome","Snecko Eye"],"picked":"Mark of Pain"}],"items_purged_floors":[31],"is_endless":false,"potions_floor_spawned":[1,11,13,16,20,27,28],"killed_by":"Collector","ascension_level":8}