{"path_per_floor":["M","M","?","?","M","R","E","R","T","?","M","?","R","M","R","B",null,"M","?","$","M","?","E","M","$","T","$","M","?"],"character_chosen":"IRONCLAD","items_purchased":["Anchor","Bag of Marbles","Girya"],"gold_per_floor":[114,128,128,128,138,138,173,173,173,173,184,184,184,198,198,324,324,339,339,36,61,61,392,417,35,82,82,95,95,95],"floor_reached":30,"campfire_rested":1,"playtime":1063,"item_purchase_floors":[20,20,25],"current_hp_per_floor":[76,75,75,75,80,80,40,40,40,40,22,22,22,17,41,19,80,76,76,76,68,68,32,17,17,17,17,14,6,0],"items_purged":["Strike_R"],"gold":95,"score":248,"play_id":"1094c254-54fb-42c4-98ea-0ec6861a18d6","local_time":"20180529164129","is_prod":false,"is_daily":false,"chose_seed":false,"is_ascension_mode":false,"campfire_upgraded":3,"win_rate":0,"timestamp":1527576089,"campfire_choices":[{"data":"Twin Strike","floor":6,"key":"SMITH"},{"data":"Headbutt","floor":8,"key":"SMITH"},{"data":"Cleave","floor":13,"key":"SMITH"},{"floor":15,"key":"REST"}],"path_taken":["M","M","?","?","M","R","E","R","T","?","?","?","R","M","R","BOSS","M","?","?","?","?","E","M","$","T","?","M","?","M"],"build_version":"2018-05-27","seed_source_timestamp":26719051293259,"purchased_purges":1,"victory":false,"master_deck":["Strike_R","Strike_R","Defend_R","Defend_R","Defend_R","Defend_R","Bash+1","Twin Strike+1","Headbutt+1","Disarm","Corruption","Bash","Cleave+1","Injury","Iron Wave","Offering","Pommel Strike","Cleave+1","Heavy Blade","Pummel","Reaper"],"max_hp_per_floor":[80,80,80,80,80,80,80,80,80,80,80,80,80,80,80,80,80,80,80,80,80,80,80,80,80,80,80,80,80,80],"relics":["Burning Blood","Ice Cream","Pantograph","Golden Idol","Mark of Pain","Anchor","Bag of Marbles","Old Coin","Girya","Juzu Bracelet"],"card_choices":[{"not_picked":["Flex","Rage"],"picked":"Twin Strike","floor":1},{"not_picked":["Thunderclap","Second Wind"],"picked":"Headbutt","floor":2},{"not_picked":["Thunderclap","Body Slam","Flex"],"picked":"SKIP","floor":5},{"not_picked":["Infernal Blade","Flex","Corruption"],"picked":"SKIP","floor":7},{"not_picked":["Burning Pact","Dual Wield"],"picked":"Cleave","floor":11},{"not_picked":["Warcry","Flame Barrier"],"picked":"Iron Wave","floor":14},{"not_picked":["Dark Embrace","Bludgeon"],"picked":"Offering","floor":16},{"not_picked":["Iron Wave","Warcry+1"],"picked":"Pommel Strike","floor":18},{"not_picked":["Rampage","Iron Wave","Warcry"],"picked":"SKIP","floor":21},{"not_picked":["Body Slam+1","Headbutt+1","Flame Barrier"],"picked":"SKIP","floor":23},{"not_picked":["Searing Blow","Cleave"],"picked":"Pummel","floor":24},{"not_picked":["Cleave","Flame Barrier"],"picked":"Reaper","floor":28}],"player_experience":25605,"potions_floor_usage":[23,30],"damage_taken":[{"damage":10,"enemies":"Jaw Worm","floor":1,"turns":4},{"damage":7,"enemies":"Small Slimes","floor":2,"turns":4},{"damage":1,"enemies":"Cultist","floor":5,"turns":3},{"damage":46,"enemies":"3 Sentries","floor":7,"turns":10},{"damage":24,"enemies":"3 Louse","floor":11,"turns":3},{"damage":11,"enemies":"Looter","floor":14,"turns":3},{"damage":53,"enemies":"Slime Boss","floor":16,"turns":11},{"damage":10,"enemies":"Chosen","floor":18,"turns":3},{"damage":14,"enemies":"Spheric Guardian","floor":21,"turns":3},{"damage":42,"enemies":"Book of Stabbing","floor":23,"turns":5},{"damage":21,"enemies":"Snake Plant","floor":24,"turns":3},{"damage":26,"enemies":"Sentry and Sphere","floor":28,"turns":4},{"damage":18,"enemies":"Cultist and Chosen","floor":30,"turns":4}],"relics_obtained":[{"floor":7,"key":"Ice Cream"},{"floor":9,"key":"Pantograph"},{"floor":23,"key":"Old Coin"},{"floor":26,"key":"Juzu Bracelet"}],"event_choices":[{"event_name":"Living Wall","player_choice":"Change","floor":3,"damage_taken":0},{"event_name":"Transmorgrifier","player_choice":"Transform","floor":4,"damage_taken":0},{"event_name":"Match and Keep!","player_choice":"1 cards matched","floor":10,"damage_taken":0},{"event_name":"Golden Idol","player_choice":"Take Wound","floor":12,"damage_taken":0},{"event_name":"Duplicator","player_choice":"One dupe","floor":19,"damage_taken":0},{"event_name":"The Library","player_choice":"Read","floor":22,"damage_taken":0},{"event_name":"Wheel of Change","player_choice":"Damage","floor":29,"damage_taken":0}],"boss_relics":[{"not_picked":["White Beast Statue","Lizard Tail"],"picked":"Mark of Pain"}],"items_purged_floors":[25],"potions_floor_spawned":[2,5,14,16,18],"seed_played":"5712597899606329550","killed_by":"Cultist and Chosen","ascension_level":0,"potions_obtained":[{"floor":2,"key":"GamblersBrew"},{"floor":5,"key":"Poison Potion"},{"floor":14,"key":"FairyPotion"}],"is_trial":false}