{"path_per_floor":["M","?","?","?","M","E","$","M","T","E","?","R","M","$","R","B",null,"M","?","?","M","M"],"character_chosen":"DEFECT","items_purchased":["Static Discharge","Creative AI"],"gold_per_floor":[117,117,117,117,136,161,90,104,159,185,285,285,301,145,145,241,241,259,259,259,270,288,288],"floor_reached":23,"campfire_rested":1,"playtime":1255,"item_purchase_floors":[7,14],"current_hp_per_floor":[74,79,63,56,56,33,33,28,28,25,25,64,62,62,62,27,80,70,70,54,34,30,0],"items_purged":["Defend_B"],"gold":288,"score":209,"play_id":"0deb6939-e756-47c2-b754-3adf54971df3","local_time":"20180621204107","is_prod":false,"is_daily":false,"chose_seed":false,"is_ascension_mode":true,"campfire_upgraded":1,"win_rate":0,"timestamp":1529577667,"campfire_choices":[{"floor":12,"key":"REST"},{"data":"Chaos","floor":15,"key":"SMITH"}],"path_taken":["M","?","?","?","?","E","$","M","T","E","?","R","M","$","R","BOSS","M","?","?","M","M","E"],"build_version":"2018-06-20v2","seed_source_timestamp":43539810089291,"purchased_purges":1,"circlet_count":0,"victory":false,"master_deck":["Strike_B+1","Strike_B","Strike_B+1","Defend_B","Defend_B+1","Defend_B","Zap+1","Dualcast+1","Coolheaded","Electrodynamics","Static Discharge","Compile Driver","Chaos+1","Creative AI","Echo Form","Doom and Gloom+1","Reprogram+1","Leap"],"max_hp_per_floor":[75,80,80,80,80,80,80,80,80,80,80,80,80,80,80,80,80,80,80,80,80,80,80],"relics":["Cracked Core","Regal Pillow","Whetstone","Bronze Scales","Sozu","Nilry\u0027s Codex"],"card_choices":[{"not_picked":["Barrage","Redo"],"picked":"Coolheaded","floor":1},{"not_picked":["Hologram","Stack","Streamline"],"picked":"SKIP","floor":5},{"not_picked":["Cold Snap","Undo"],"picked":"Electrodynamics","floor":6},{"not_picked":["Barrage","Aggregate"],"picked":"Compile Driver","floor":8},{"not_picked":["Buffer","Gash"],"picked":"Chaos","floor":10},{"not_picked":["Steam","Sunder","Turbo"],"picked":"SKIP","floor":13},{"not_picked":["Hyperbeam","Thunder Strike"],"picked":"Echo Form","floor":16},{"not_picked":["Beam Cell","Undo"],"picked":"Doom and Gloom+1","floor":18},{"not_picked":["Steam","Turbo"],"picked":"Reprogram+1","floor":21},{"not_picked":["Heatsinks+1","Conserve Battery"],"picked":"Leap","floor":22}],"player_experience":58749,"potions_floor_usage":[22,23],"damage_taken":[{"damage":1,"enemies":"Jaw Worm","floor":1,"turns":2},{"damage":0,"enemies":"2 Louse","floor":5,"turns":2},{"damage":23,"enemies":"Lagavulin","floor":6,"turns":7},{"damage":5,"enemies":"Small Slimes","floor":8,"turns":2},{"damage":3,"enemies":"3 Sentries","floor":10,"turns":2},{"damage":2,"enemies":"Blue Slaver","floor":13,"turns":3},{"damage":35,"enemies":"Slime Boss","floor":16,"turns":7},{"damage":10,"enemies":"Spheric Guardian","floor":18,"turns":4},{"damage":20,"enemies":"2 Thieves","floor":21,"turns":2},{"damage":4,"enemies":"Centurion and Healer","floor":22,"turns":3},{"damage":30,"enemies":"Book of Stabbing","floor":23,"turns":3}],"relics_obtained":[{"floor":6,"key":"Regal Pillow"},{"floor":9,"key":"Whetstone"},{"floor":10,"key":"Bronze Scales"},{"floor":20,"key":"Nilry\u0027s Codex"}],"event_choices":[{"event_name":"Big Fish","player_choice":"Donut","floor":2,"damage_taken":0},{"event_name":"Shining Light","player_choice":"Entered Light","floor":3,"damage_taken":0},{"event_name":"Golden Wing","player_choice":"Card Removal","floor":4,"damage_taken":0},{"event_name":"Golden Shrine","player_choice":"Pray","floor":11,"damage_taken":0},{"event_name":"Drug Dealer","player_choice":"Ignored","floor":19,"damage_taken":0},{"event_name":"Cursed Tome","player_choice":"Obtained Book","floor":20,"damage_taken":0}],"boss_relics":[{"not_picked":["Cursed Key","Velvet Choker"],"picked":"Sozu"}],"items_purged_floors":[14],"is_endless":false,"potions_floor_spawned":[8,13,16,18,21],"seed_played":"532007130453678332","killed_by":"Book of Stabbing","ascension_level":1,"potions_obtained":[{"floor":8,"key":"SteroidPotion"},{"floor":13,"key":"Explosive Potion"},{"floor":16,"key":"Poison Potion"}],"is_trial":false}