{"gold_per_floor":[119,269,286,40,40,115,115,179,206,206,234,248,248,279,279,279],"floor_reached":16,"playtime":444,"items_purged":["Doubt"],"score":212,"play_id":"5524f43a-7740-4602-8f10-8f3024d1d82d","local_time":"20190405233815","is_ascension_mode":true,"campfire_choices":[{"data":"Noxious Fumes","floor":7,"key":"SMITH"},{"data":"Well Laid Plans","floor":10,"key":"SMITH"},{"floor":13,"key":"REST"},{"floor":15,"key":"REST"}],"neow_cost":"NONE","seed_source_timestamp":700374870417414,"circlet_count":0,"master_deck":["AscendersBane","Defend_G","Defend_G","Defend_G","Defend_G","Defend_G","Strike_G","Strike_G","Strike_G","Strike_G","Strike_G","Survivor","Neutralize+1","Noxious Fumes+1","Well Laid Plans+1","Dagger Throw","Backflip"],"relics":["Ring of the Snake","NeowsBlessing","Bag of Preparation","Omamori","Lantern","Bag of Marbles","Du-Vu Doll"],"potions_floor_usage":[11,14,16],"damage_taken":[{"damage":0,"enemies":"Jaw Worm","floor":1,"turns":1},{"damage":0,"enemies":"2 Louse","floor":3,"turns":1},{"damage":0,"enemies":"Gremlin Nob","floor":8,"turns":1},{"damage":43,"enemies":"Gremlin Nob","floor":11,"turns":5},{"damage":0,"enemies":"Small Slimes","floor":12,"turns":2},{"damage":22,"enemies":"Lagavulin","floor":14,"turns":5},{"damage":32,"enemies":"Slime Boss","floor":16,"turns":7}],"seed_played":"-3796400758982446518","potions_obtained":[{"floor":8,"key":"Strength Potion"},{"floor":11,"key":"Ancient Potion"},{"floor":14,"key":"FearPotion"}],"is_trial":false,"path_per_floor":["M","?","M","$","?","?","R","?","T","R","E","M","R","E","R","B"],"character_chosen":"THE_SILENT","items_purchased":["Bag of Preparation"],"campfire_rested":2,"item_purchase_floors":[4],"current_hp_per_floor":[59,59,59,59,59,48,48,48,48,48,5,5,24,2,21,0],"gold":279,"neow_bonus":"THREE_ENEMY_KILL","is_prod":false,"is_daily":false,"chose_seed":false,"campfire_upgraded":2,"win_rate":0,"timestamp":1554529095,"path_taken":["M","?","M","$","?","?","R","?","T","R","E","M","R","E","R","BOSS"],"build_version":"2019-01-23","purchased_purges":1,"victory":false,"max_hp_per_floor":[66,66,66,66,66,66,66,66,66,66,66,66,66,66,66,66],"card_choices":[{"not_picked":["Slice","PiercingWail"],"picked":"Noxious Fumes","floor":1},{"not_picked":["Finisher","Flechettes"],"picked":"Well Laid Plans","floor":3},{"not_picked":["Blade Dance","Doppelganger","Quick Slash"],"picked":"SKIP","floor":11},{"not_picked":["Outmaneuver","Flechettes"],"picked":"Dagger Throw","floor":12},{"not_picked":["Heel Hook","Acrobatics"],"picked":"Backflip","floor":14}],"player_experience":458538,"relics_obtained":[{"floor":8,"key":"Omamori"},{"floor":9,"key":"Lantern"},{"floor":11,"key":"Bag of Marbles"},{"floor":14,"key":"Du-Vu Doll"}],"event_choices":[{"damage_healed":0,"gold_gain":150,"player_choice":"AGREE","damage_taken":0,"max_hp_gain":0,"max_hp_loss":0,"event_name":"Liars Game","floor":2,"gold_loss":0,"cards_obtained":["Doubt"]},{"damage_healed":0,"gold_gain":0,"player_choice":"Grow","damage_taken":0,"max_hp_gain":0,"max_hp_loss":0,"event_name":"Living Wall","floor":5,"gold_loss":0,"cards_upgraded":["Neutralize"]},{"damage_healed":0,"gold_gain":75,"player_choice":"Gather Gold","damage_taken":11,"max_hp_gain":0,"max_hp_loss":0,"event_name":"World of Goop","floor":6,"gold_loss":0},{"damage_healed":0,"gold_gain":0,"player_choice":"Searched \u00271\u0027 times","damage_taken":0,"max_hp_gain":0,"max_hp_loss":0,"event_name":"Dead Adventurer","floor":8,"gold_loss":0}],"is_beta":false,"boss_relics":[],"items_purged_floors":[4],"is_endless":false,"potions_floor_spawned":[8,11,14],"killed_by":"Slime Boss","ascension_level":20}