{"gold_per_floor":[113,124,138,153,171,171,199,199,276,292,61,96,96,171,171,275,275,288,288,122,134,134,134,134,134,161,161,161,171,181,181,181,181],"floor_reached":33,"playtime":1422,"items_purged":["Strike_R","Defend_R"],"score":370,"play_id":"647bb261-9008-467b-8772-0e5355ecf72d","local_time":"20190608192745","is_ascension_mode":true,"campfire_choices":[{"data":"Searing Blow","floor":6.0,"key":"SMITH"},{"data":"Searing Blow+1","floor":8.0,"key":"SMITH"},{"data":"Armaments","floor":15.0,"key":"SMITH"},{"data":"Searing Blow+2","floor":23.0,"key":"SMITH"},{"data":"Searing Blow+3","floor":25.0,"key":"SMITH"},{"data":"Searing Blow+4","floor":27.0,"key":"SMITH"},{"data":"Searing Blow+5","floor":32.0,"key":"SMITH"}],"neow_cost":"NONE","seed_source_timestamp":0,"circlet_count":0,"master_deck":["Strike_R","Defend_R","Defend_R","Bash","Trip","Sword Boomerang","Flame Barrier","Immolate","Searing Blow+6","Shockwave","Metallicize","Armaments+1","Fiend Fire","Heavy Blade+1","Feel No Pain+1","Havoc+1","Metallicize","Havoc+1","Battle Trance","Headbutt"],"special_seed":0,"relics":["Burning Blood","Potion Belt","Pantograph","Membership Card","Turnip","Astrolabe","PreservedInsect","Centennial Puzzle","Boot"],"potions_floor_usage":[],"damage_taken":[{"damage":1.0,"enemies":"Cultist","floor":1.0,"turns":3.0},{"damage":4.0,"enemies":"Small Slimes","floor":2.0,"turns":4.0},{"damage":4.0,"enemies":"Jaw Worm","floor":3.0,"turns":4.0},{"damage":9.0,"enemies":"Blue Slaver","floor":4.0,"turns":3.0},{"damage":3.0,"enemies":"Large Slime","floor":5.0,"turns":5.0},{"damage":24.0,"enemies":"Gremlin Nob","floor":7.0,"turns":4.0},{"damage":0.0,"enemies":"3 Louse","floor":10.0,"turns":3.0},{"damage":18.0,"enemies":"3 Sentries","floor":12.0,"turns":5.0},{"damage":13.0,"enemies":"Slime Boss","floor":16.0,"turns":12.0},{"damage":17.0,"enemies":"2 Thieves","floor":18.0,"turns":4.0},{"damage":24.0,"enemies":"Shell Parasite","floor":21.0,"turns":5.0},{"damage":0.0,"enemies":"Snecko","floor":29.0,"turns":3.0},{"damage":12.0,"enemies":"3 Cultists","floor":30.0,"turns":4.0},{"damage":85,"enemies":"Automaton","floor":33,"turns":6}],"seed_played":"-3975031340260048574","potions_obtained":[{"floor":2.0,"key":"Explosive Potion"},{"floor":3.0,"key":"Fire Potion"},{"floor":4.0,"key":"LiquidBronze"},{"floor":16.0,"key":"SkillPotion"},{"floor":21.0,"key":"EssenceOfSteel"}],"is_trial":false,"path_per_floor":["M","M","M","M","M","R","E","R","T","M","$","E","?","?","R","B",null,"M","?","$","M","?","R","?","R","T","R","?","M","M","?","R","B"],"character_chosen":"IRONCLAD","items_purchased":["Membership Card","Metallicize","PreservedInsect"],"campfire_rested":0,"item_purchase_floors":[11,20,20],"current_hp_per_floor":[77,79,80,77,80,80,62,62,62,68,68,56,49,38,38,56,74,63,48,48,30,30,30,30,30,30,30,58,64,58,58,58,0],"gold":181,"neow_bonus":"RANDOM_COLORLESS","is_prod":false,"is_daily":false,"chose_seed":false,"campfire_upgraded":7,"win_rate":0,"timestamp":1560036465,"path_taken":["M","M","M","M","M","R","E","R","T","M","$","E","?","?","R","BOSS","M","?","$","M","?","R","?","R","T","R","?","?","M","?","R","BOSS"],"build_version":"2019-01-23","purchased_purges":2,"victory":false,"max_hp_per_floor":[80,80,80,80,80,80,80,80,80,80,80,80,80,80,80,80,80,80,85,85,85,85,85,85,85,85,85,85,85,85,85,85,85],"card_choices":[{"not_picked":["Pommel Strike","Twin Strike"],"picked":"Sword Boomerang","floor":1.0},{"not_picked":["Flex","Reckless Charge"],"picked":"Flame Barrier","floor":2.0},{"not_picked":["Headbutt","Twin Strike"],"picked":"Immolate","floor":3.0},{"not_picked":["Havoc","Carnage"],"picked":"Searing Blow","floor":4.0},{"not_picked":["Twin Strike","Anger"],"picked":"Shockwave","floor":5.0},{"not_picked":["Rupture","Fire Breathing"],"picked":"Metallicize","floor":7.0},{"not_picked":["Pommel Strike","Iron Wave"],"picked":"Armaments","floor":10.0},{"not_picked":["Juggernaut","Immolate","Seeing Red"],"picked":"SKIP","floor":12.0},{"not_picked":["Barricade","Immolate"],"picked":"Fiend Fire","floor":16.0},{"not_picked":["Perfected Strike","Clothesline","Blood for Blood"],"picked":"SKIP","floor":18.0},{"not_picked":["Flex","Reckless Charge"],"picked":"Havoc+1","floor":21.0},{"not_picked":["Hemokinesis+1","Perfected Strike+1"],"picked":"Battle Trance","floor":29.0},{"not_picked":["Pommel Strike+1","Anger"],"picked":"Headbutt","floor":30.0}],"player_experience":212138,"relics_obtained":[{"floor":7.0,"key":"Potion Belt"},{"floor":9.0,"key":"Pantograph"},{"floor":12.0,"key":"Turnip"},{"floor":26.0,"key":"Boot"}],"event_choices":[{"cards_removed":["Strike_R"],"damage_healed":0.0,"max_hp_gain":0.0,"max_hp_loss":0.0,"gold_gain":0.0,"event_name":"Golden Wing","player_choice":"Card Removal","floor":13.0,"gold_loss":0.0,"damage_taken":7.0},{"damage_healed":0.0,"max_hp_gain":0.0,"max_hp_loss":0.0,"gold_gain":75.0,"event_name":"World of Goop","player_choice":"Gather Gold","floor":14.0,"gold_loss":0.0,"damage_taken":11.0},{"damage_healed":0.0,"max_hp_gain":5.0,"max_hp_loss":0.0,"gold_gain":0.0,"event_name":"Forgotten Altar","player_choice":"Shed Blood","floor":19.0,"gold_loss":0.0,"damage_taken":20.0},{"damage_healed":0.0,"max_hp_gain":0.0,"max_hp_loss":0.0,"gold_gain":0.0,"event_name":"Vampires","player_choice":"Ignored","floor":22.0,"gold_loss":0.0,"damage_taken":0.0},{"damage_healed":0.0,"max_hp_gain":0.0,"max_hp_loss":0.0,"gold_gain":0.0,"event_name":"The Mausoleum","player_choice":"Opened","floor":24.0,"gold_loss":0.0,"damage_taken":0.0,"relics_obtained":["Centennial Puzzle"],"cards_obtained":["Writhe"]},{"damage_healed":28.0,"max_hp_gain":0.0,"max_hp_loss":0.0,"gold_gain":0.0,"event_name":"The Library","player_choice":"Heal","floor":28.0,"gold_loss":0.0,"damage_taken":0.0},{"cards_removed":["Writhe"],"damage_healed":0.0,"max_hp_gain":0.0,"max_hp_loss":0.0,"gold_gain":0.0,"event_name":"Back to Basics","player_choice":"Elegance","floor":31.0,"gold_loss":0.0,"damage_taken":0.0}],"is_beta":false,"boss_relics":[{"not_picked":["Fusion Hammer","Eternal Feather"],"picked":"Astrolabe"}],"items_purged_floors":[11,20],"is_endless":false,"potions_floor_spawned":[2,3,4,16,21],"killed_by":"Automaton","ascension_level":9}