{"path_per_floor":["M","?","M","?","?","E","R","?","T","T","M","R","E","M","R","B",null,"M","M","?","?","?","R","?","R","T","?","$","R","M","M","R","B",null,"M","M","?","M","$","R","M","R","T","R"],"character_chosen":"DEFECT","items_purchased":["Gremlin Horn","Molten Egg 2"],"gold_per_floor":[116,116,139,119,119,158,158,258,258,258,282,282,315,330,330,455,455,468,488,488,488,488,488,488,488,513,553,220,220,240,260,260,380,380,395,408,408,422,76,76,96,96,96,96,96],"floor_reached":45,"campfire_rested":2,"playtime":1835,"item_purchase_floors":[28,39],"current_hp_per_floor":[71,53,52,52,37,18,42,42,42,42,42,42,38,38,38,7,80,75,75,75,75,75,75,75,75,75,67,67,67,53,42,42,22,80,80,75,75,54,54,54,33,33,33,57,0],"items_purged":["Defend_B","Strike_B"],"gold":96,"score":419,"play_id":"8d1916c0-221b-4d2a-b5ba-59d4180e4848","local_time":"20180529222452","is_prod":false,"is_daily":false,"chose_seed":false,"is_ascension_mode":false,"campfire_upgraded":7,"win_rate":0,"timestamp":1527596692,"campfire_choices":[{"floor":7,"key":"REST"},{"data":"1","floor":12,"key":"LIFT"},{"data":"Double Energy","floor":15,"key":"SMITH"},{"data":"Lockon","floor":23,"key":"SMITH"},{"data":"Defragment","floor":25,"key":"SMITH"},{"data":"Sunder","floor":29,"key":"SMITH"},{"data":"Biased Cognition","floor":32,"key":"SMITH"},{"data":"Defragment","floor":40,"key":"SMITH"},{"data":"Fission","floor":42,"key":"SMITH"},{"floor":44,"key":"REST"}],"path_taken":["M","?","M","?","?","E","R","?","T","?","M","R","E","M","R","BOSS","M","M","?","?","?","R","?","R","T","?","$","R","M","?","R","BOSS","M","M","?","M","$","R","M","R","T","R","E"],"build_version":"2018-05-28","seed_source_timestamp":506775986800,"purchased_purges":2,"victory":false,"master_deck":["Strike_B","Defend_B+1","Defend_B","Zap+1","Dualcast","Ball Lightning","BootSequence","Sunder+1","Double Energy+1","Redo","Biased Cognition+1","Auto Shields","Defragment+1","Lockon+1","Steam","Auto Shields+1","White Noise+1","Ball Lightning","Fission+1","Double Energy+1","Hello World","Defragment+1"],"max_hp_per_floor":[75,75,75,75,75,80,80,80,80,80,80,80,80,80,80,80,80,80,80,80,80,80,80,80,80,80,80,80,80,80,80,80,80,80,80,80,80,80,80,80,80,80,80,80,80],"relics":["Cracked Core","Golden Idol","Oddly Smooth Stone","Girya","Darkstone Periapt","Thread and Needle","Runic Pyramid","Lantern","Red Mask","Gremlin Horn","Nuclear Battery","Molten Egg 2","Kunai"],"card_choices":[{"not_picked":["Cold Snap","Rebound"],"picked":"Ball Lightning","floor":1},{"not_picked":["Hologram","Auto Shields"],"picked":"BootSequence","floor":3},{"not_picked":["Stack","Coolheaded"],"picked":"FTL","floor":6},{"not_picked":["Streamline","Beam Cell"],"picked":"Sunder","floor":11},{"not_picked":["Undo","Chill"],"picked":"Double Energy","floor":13},{"not_picked":["Hologram","Barrage"],"picked":"Redo","floor":14},{"not_picked":["Hyperbeam","Echo Form"],"picked":"Biased Cognition","floor":16},{"not_picked":["Compile Driver","Sweeping Beam"],"picked":"Auto Shields","floor":18},{"not_picked":["Self Repair","Leap"],"picked":"Defragment","floor":19},{"not_picked":["Reprogram","Cold Snap"],"picked":"Auto Shields+1","floor":27},{"not_picked":["Undo","Core Surge"],"picked":"White Noise+1","floor":30},{"not_picked":["Go for the Eyes+1","Streamline+1"],"picked":"Ball Lightning","floor":31},{"not_picked":["Rainbow","Amplify"],"picked":"Fission","floor":33},{"not_picked":["Lockon+1","Cold Snap"],"picked":"Double Energy+1","floor":35},{"not_picked":["Coolheaded","Steam+1"],"picked":"Hello World","floor":36},{"not_picked":["Sweeping Beam","Tempest+1"],"picked":"Defragment","floor":38},{"not_picked":["Go for the Eyes+1","Barrage+1","Darkness+1"],"picked":"SKIP","floor":41}],"player_experience":27744,"potions_floor_usage":[6,6,16,16,27,27,38,38],"damage_taken":[{"damage":4,"enemies":"2 Louse","floor":1,"turns":3},{"damage":1,"enemies":"Jaw Worm","floor":3,"turns":3},{"damage":24,"enemies":"Gremlin Nob","floor":6,"turns":4},{"damage":0,"enemies":"Cultist","floor":11,"turns":3},{"damage":4,"enemies":"3 Sentries","floor":13,"turns":4},{"damage":0,"enemies":"3 Louse","floor":14,"turns":2},{"damage":31,"enemies":"The Guardian","floor":16,"turns":9},{"damage":5,"enemies":"Shell Parasite","floor":18,"turns":4},{"damage":0,"enemies":"Spheric Guardian","floor":19,"turns":3},{"damage":8,"enemies":"Masked Bandits","floor":27,"turns":5},{"damage":14,"enemies":"Snecko","floor":30,"turns":5},{"damage":11,"enemies":"Cultist and Chosen","floor":31,"turns":6},{"damage":20,"enemies":"Collector","floor":33,"turns":9},{"damage":0,"enemies":"3 Shapes","floor":35,"turns":4},{"damage":5,"enemies":"Orb Walker","floor":36,"turns":4},{"damage":21,"enemies":"Sphere and 2 Shapes","floor":38,"turns":6},{"damage":21,"enemies":"Spire Growth","floor":41,"turns":6},{"damage":59,"enemies":"2 Orb Walkers","floor":45,"turns":4}],"relics_obtained":[{"floor":6,"key":"Oddly Smooth Stone"},{"floor":9,"key":"Girya"},{"floor":10,"key":"Darkstone Periapt"},{"floor":13,"key":"Thread and Needle"},{"floor":26,"key":"Lantern"},{"floor":27,"key":"Red Mask"},{"floor":43,"key":"Kunai"}],"event_choices":[{"event_name":"Golden Idol","player_choice":"Take Damage","floor":2,"damage_taken":0},{"event_name":"The Woman in Blue","player_choice":"Bought 1 Potion","floor":4,"damage_taken":0},{"event_name":"Shining Light","player_choice":"Entered Light","floor":5,"damage_taken":0},{"event_name":"Golden Shrine","player_choice":"Pray","floor":8,"damage_taken":0},{"event_name":"Vampires","player_choice":"Ignored","floor":20,"damage_taken":0},{"event_name":"The Library","player_choice":"Read","floor":21,"damage_taken":0},{"event_name":"Transmorgrifier","player_choice":"Transform","floor":22,"damage_taken":0},{"event_name":"Purifier","player_choice":"One Purge","floor":24,"damage_taken":0},{"event_name":"Masked Bandits","player_choice":"Fought over 513 gold","floor":27,"damage_taken":0}],"boss_relics":[{"not_picked":["Velvet Choker","Philosopher\u0027s Stone"],"picked":"Runic Pyramid"},{"not_picked":["Tiny House","Orrery"],"picked":"Nuclear Battery"}],"items_purged_floors":[28,39],"potions_floor_spawned":[3,6,13,18,19,31,33,35,36],"seed_played":"-5404234467853421393","killed_by":"2 Orb Walkers","ascension_level":0,"potions_obtained":[{"floor":3,"key":"Fruit Juice"},{"floor":4,"key":"FearPotion"},{"floor":6,"key":"SpeedPotion"},{"floor":13,"key":"SkillPotion"},{"floor":18,"key":"Swift Potion"},{"floor":19,"key":"AttackPotion"},{"floor":31,"key":"PowerPotion"},{"floor":33,"key":"Strength Potion"},{"floor":35,"key":"GamblersBrew"},{"floor":36,"key":"Swift Potion"}],"is_trial":false}