{"gold_per_floor":[218,165,165,96,113,113,188,216,239,239,249,249,260,260,260,355,355,341,19,33,33,33,33,53,65,65,65,83,0,13,13,13,13],"floor_reached":33,"playtime":1085,"items_purged":["Strike_B"],"score":380,"play_id":"299b0be4-579a-4570-bff7-17a20351e4c1","local_time":"20180828195839","is_ascension_mode":true,"campfire_choices":[{"data":"Zap","floor":6,"key":"SMITH"},{"floor":10,"key":"REST"},{"data":"Self Repair","floor":12,"key":"SMITH"},{"data":"Sunder","floor":15,"key":"SMITH"},{"data":"Seek","floor":23,"key":"SMITH"},{"floor":27,"key":"REST"},{"data":"Dualcast","floor":32,"key":"SMITH"}],"neow_cost":"NONE","seed_source_timestamp":1197308579679708,"circlet_count":0,"master_deck":["Strike_B","Strike_B","Defend_B","Defend_B","Defend_B","Defend_B","Zap+1","Dualcast+1","AscendersBane","Ball Lightning","Sunder+1","Self Repair+1","Leap","Coolheaded","Electrodynamics","Turbo","Seek+1","Conserve Battery","Cold Snap+1","Conserve Battery+1","Cold Snap","Darkness"],"relics":["Cracked Core","Darkstone Periapt","Bronze Scales","Inserter","Runic Capacitor","Smiling Mask"],"potions_floor_usage":[16,18,25,30,33],"damage_taken":[{"damage":0,"enemies":"Small Slimes","floor":1,"turns":3},{"damage":2,"enemies":"Jaw Worm","floor":5,"turns":3},{"damage":30,"enemies":"Lagavulin","floor":8,"turns":6},{"damage":0,"enemies":"Cultist","floor":11,"turns":3},{"damage":0,"enemies":"3 Louse","floor":13,"turns":2},{"damage":46,"enemies":"Hexaghost","floor":16,"turns":9},{"damage":14,"enemies":"2 Thieves","floor":18,"turns":4},{"damage":14,"enemies":"Shell Parasite","floor":20,"turns":6},{"damage":11,"enemies":"Centurion and Healer","floor":24,"turns":7},{"damage":37,"enemies":"Snake Plant","floor":25,"turns":3},{"damage":22,"enemies":"Shelled Parasite and Fungi","floor":28,"turns":6},{"damage":13,"enemies":"Centurion and Healer","floor":30,"turns":5},{"damage":56,"enemies":"Collector","floor":33,"turns":7}],"seed_played":"-4600070953794393269","potions_obtained":[{"floor":8,"key":"EssenceOfSteel"},{"floor":16,"key":"SpeedPotion"},{"floor":20,"key":"Energy Potion"},{"floor":25,"key":"Fruit Juice"},{"floor":30,"key":"SpeedPotion"}],"is_trial":false,"path_per_floor":["M","$","?","$","M","R","?","E","T","R","M","R","M","?","R","B",null,"M","$","M","?","$","R","M","M","T","R","M","?","M","?","R"],"character_chosen":"DEFECT","items_purchased":["Ball Lightning","Sunder","Runic Capacitor","Conserve Battery"],"campfire_rested":2,"item_purchase_floors":[2,4,19,19],"current_hp_per_floor":[68,68,68,68,66,66,55,32,32,54,61,61,71,71,71,25,63,59,59,55,55,55,55,54,32,32,56,44,44,41,41,41,0],"gold":13,"neow_bonus":"HUNDRED_GOLD","is_prod":false,"is_daily":false,"chose_seed":false,"campfire_upgraded":5,"win_rate":0,"timestamp":1535500719,"path_taken":["M","$","?","$","M","R","?","E","T","R","M","R","M","?","R","BOSS","M","$","M","?","?","R","M","M","T","R","?","?","M","?","R","BOSS"],"build_version":"2018-08-23v2","purchased_purges":1,"victory":false,"max_hp_per_floor":[75,75,75,75,75,75,75,75,75,75,75,75,75,75,75,75,75,75,75,75,75,75,75,75,80,80,80,80,80,80,80,80,80],"card_choices":[{"not_picked":["Steam","Barrage","Gash"],"picked":"SKIP","floor":1},{"not_picked":["Storm","Stack"],"picked":"Self Repair","floor":5},{"not_picked":["Stack","Rebound"],"picked":"Leap","floor":8},{"not_picked":["Chill","Barrage"],"picked":"Coolheaded","floor":11},{"not_picked":["Compile Driver","Ball Lightning"],"picked":"Electrodynamics","floor":13},{"not_picked":["Amplify","All For One"],"picked":"Seek","floor":16},{"not_picked":["Undo","Redo+1","Rebound"],"picked":"SKIP","floor":18},{"not_picked":["Ball Lightning+1","Turbo"],"picked":"Cold Snap+1","floor":20},{"not_picked":["BootSequence","Reprogram+1","Stack"],"picked":"SKIP","floor":24},{"not_picked":["BootSequence","Steam"],"picked":"Conserve Battery+1","floor":25},{"not_picked":["Hologram","Hyperbeam"],"picked":"Cold Snap","floor":28},{"not_picked":["Aggregate","Hologram+1","Recycle"],"picked":"SKIP","floor":30}],"player_experience":125768,"relics_obtained":[{"floor":8,"key":"Darkstone Periapt"},{"floor":9,"key":"Bronze Scales"},{"floor":26,"key":"Smiling Mask"}],"event_choices":[{"event_name":"The Cleric","player_choice":"Leave","floor":3,"damage_taken":0},{"event_name":"World of Goop","player_choice":"Gather Gold","floor":7,"damage_taken":0},{"event_name":"Transmorgrifier","player_choice":"Transform","floor":14,"damage_taken":0},{"event_name":"Vampires","player_choice":"Ignored","floor":21,"damage_taken":0},{"event_name":"Masked Bandits","player_choice":"Paid Fearfully","floor":29,"damage_taken":0},{"event_name":"The Library","player_choice":"Read","floor":31,"damage_taken":0}],"is_beta":false,"boss_relics":[{"not_picked":["Fusion Hammer","Lizard Tail"],"picked":"Inserter"}],"items_purged_floors":[19],"is_endless":false,"potions_floor_spawned":[8,16,20,25,30],"killed_by":"Collector","ascension_level":11}