{"gold_per_floor":[118,131,131,131,151,151,182,208,208,208],"floor_reached":10,"playtime":178,"items_purged":[],"score":112,"play_id":"36e2826e-d114-4388-979d-a1b3783c04ee","local_time":"20190517234135","is_ascension_mode":true,"campfire_choices":[{"data":"Heavy Blade","floor":6,"key":"SMITH"}],"neow_cost":"NONE","seed_source_timestamp":1299427438052408,"circlet_count":0,"master_deck":["AscendersBane","Strike_R","Strike_R","Strike_R","Strike_R","Strike_R","Defend_R","Defend_R","Defend_R","Defend_R","Bash","Pommel Strike+1","Heavy Blade+1"],"relics":["Burning Blood","NeowsBlessing","Golden Idol","Gremlin Horn","Odd Mushroom","Frozen Egg 2"],"potions_floor_usage":[],"damage_taken":[{"damage":0,"enemies":"2 Louse","floor":1,"turns":1},{"damage":0,"enemies":"Jaw Worm","floor":2,"turns":1},{"damage":0,"enemies":"Small Slimes","floor":5,"turns":1},{"damage":32,"enemies":"Gremlin Nob","floor":7,"turns":4},{"damage":31,"enemies":"The Mushroom Lair","floor":8,"turns":4},{"damage":20,"enemies":"3 Sentries","floor":10,"turns":3}],"seed_played":"8312166451574348446","potions_obtained":[{"floor":1,"key":"Fire Potion"},{"floor":2,"key":"Energy Potion"}],"is_trial":false,"path_per_floor":["M","M","?","?","M","R","E","?","T","E"],"character_chosen":"IRONCLAD","items_purchased":[],"campfire_rested":0,"item_purchase_floors":[],"current_hp_per_floor":[74,75,69,69,69,69,43,18,18,0],"gold":208,"neow_bonus":"THREE_ENEMY_KILL","is_prod":false,"is_daily":false,"chose_seed":false,"campfire_upgraded":1,"win_rate":0,"timestamp":1558158095,"path_taken":["M","M","?","?","M","R","E","?","T","E"],"build_version":"2019-01-23","purchased_purges":0,"victory":false,"max_hp_per_floor":[75,75,69,69,69,69,69,69,69,69],"card_choices":[{"not_picked":["Seeing Red","Battle Trance","Bloodletting"],"picked":"SKIP","floor":1},{"not_picked":["Hemokinesis","Fire Breathing"],"picked":"Pommel Strike","floor":2},{"not_picked":["Evolve","Body Slam"],"picked":"Heavy Blade","floor":5},{"not_picked":["Feel No Pain","Reaper","Fire Breathing"],"picked":"SKIP","floor":7}],"player_experience":564785,"relics_obtained":[{"floor":7,"key":"Gremlin Horn"},{"floor":8,"key":"Odd Mushroom"},{"floor":9,"key":"Frozen Egg 2"}],"event_choices":[{"damage_healed":0,"gold_gain":0,"player_choice":"Lose Max HP","damage_taken":0,"relics_obtained":["Golden Idol"],"max_hp_gain":0,"max_hp_loss":6,"event_name":"Golden Idol","floor":3,"gold_loss":0},{"damage_healed":0,"gold_gain":0,"player_choice":"Grow","damage_taken":0,"max_hp_gain":0,"max_hp_loss":0,"event_name":"Living Wall","floor":4,"gold_loss":0,"cards_upgraded":["Pommel Strike"]},{"damage_healed":0,"gold_gain":0,"player_choice":"Fought Mushrooms","damage_taken":0,"max_hp_gain":0,"max_hp_loss":0,"event_name":"Mushrooms","floor":8,"gold_loss":0}],"is_beta":false,"boss_relics":[],"items_purged_floors":[],"is_endless":false,"potions_floor_spawned":[1,2],"killed_by":"3 Sentries","ascension_level":14}