{"gold_per_floor":[110,185,185,203,203,234,246,246,269,269,283,318,337,337,337,433,433,449,65,65,45,59,59,73,92,92,120,135,135,135,150,150,150],"floor_reached":33,"playtime":1301,"items_purged":["Strike_R"],"score":349,"play_id":"b5b95048-871c-4e0c-8cb0-de4100d5dd6a","local_time":"20190421211219","is_ascension_mode":true,"campfire_choices":[{"data":"Metallicize","floor":8,"key":"SMITH"},{"data":"Bash","floor":10,"key":"SMITH"},{"data":"1","floor":15,"key":"LIFT"},{"data":"2","floor":23,"key":"LIFT"},{"data":"3","floor":29,"key":"LIFT"},{"data":"Inflame","floor":32,"key":"SMITH"}],"neow_cost":"NONE","seed_source_timestamp":686372404202727,"circlet_count":0,"master_deck":["Strike_R","Strike_R","Strike_R","Defend_R","Defend_R","Defend_R","Defend_R","Bash+1","Flame Barrier+1","Metallicize+1","Inflame+1","Flame Barrier","Shrug It Off","Heavy Blade+1","Cleave","Decay","Whirlwind+1"],"relics":["Burning Blood","Art of War","Lantern","Girya","Coffee Dripper","Ice Cream","Question Card","Bag of Marbles"],"potions_floor_usage":[12,16,16,27,27,33,33,33],"damage_taken":[{"damage":11,"enemies":"Jaw Worm","floor":1,"turns":4},{"damage":5,"enemies":"Small Slimes","floor":4,"turns":3},{"damage":34,"enemies":"3 Sentries","floor":6,"turns":12},{"damage":1,"enemies":"Cultist","floor":7,"turns":4},{"damage":3,"enemies":"Blue Slaver","floor":11,"turns":6},{"damage":16,"enemies":"Gremlin Nob","floor":12,"turns":4},{"damage":1,"enemies":"Exordium Wildlife","floor":13,"turns":4},{"damage":25,"enemies":"Slime Boss","floor":16,"turns":11},{"damage":12,"enemies":"Shell Parasite","floor":18,"turns":5},{"damage":16,"enemies":"2 Thieves","floor":21,"turns":4},{"damage":13,"enemies":"Chosen and Byrds","floor":22,"turns":7},{"damage":19,"enemies":"Shelled Parasite and Fungi","floor":24,"turns":8},{"damage":8,"enemies":"Snake Plant","floor":25,"turns":4},{"damage":25,"enemies":"Slavers","floor":27,"turns":11},{"damage":7,"enemies":"3 Cultists","floor":28,"turns":6},{"damage":3,"enemies":"Cultist and Chosen","floor":31,"turns":6},{"damage":47,"enemies":"Automaton","floor":33,"turns":6}],"seed_played":"-8152976946766217006","potions_obtained":[{"floor":4,"key":"Strength Potion"},{"floor":6,"key":"Explosive Potion"},{"floor":11,"key":"SpeedPotion"},{"floor":12,"key":"SneckoOil"},{"floor":13,"key":"EssenceOfSteel"},{"floor":20,"key":"Block Potion"},{"floor":20,"key":"FairyPotion"},{"floor":20,"key":"Energy Potion"},{"floor":22,"key":"Fire Potion"},{"floor":27,"key":"Fire Potion"},{"floor":31,"key":"Poison Potion"}],"is_trial":false,"path_per_floor":["M","?","?","M","?","E","M","R","T","R","M","E","M","?","R","B",null,"M","$","?","M","M","R","M","M","T","E","M","R","?","M","R","B"],"character_chosen":"IRONCLAD","items_purchased":["Ice Cream"],"campfire_rested":0,"item_purchase_floors":[19],"current_hp_per_floor":[83,72,72,73,73,45,50,50,50,50,53,43,48,41,41,22,72,66,66,66,56,49,49,36,34,34,15,14,14,14,17,17,0],"gold":150,"neow_bonus":"TEN_PERCENT_HP_BONUS","is_prod":false,"is_daily":false,"chose_seed":false,"campfire_upgraded":3,"win_rate":0,"timestamp":1555902739,"path_taken":["M","?","?","M","?","E","M","R","T","R","M","E","?","?","R","BOSS","M","$","?","M","M","R","M","?","T","E","M","R","?","M","R","BOSS"],"build_version":"2019-01-23","purchased_purges":1,"victory":false,"max_hp_per_floor":[88,88,88,88,88,88,88,88,88,88,88,88,88,88,88,88,88,88,88,88,88,88,88,88,88,88,88,88,88,88,88,88,88],"card_choices":[{"not_picked":["Clothesline","Infernal Blade"],"picked":"Flame Barrier","floor":1},{"not_picked":["Warcry","Armaments","Fiend Fire"],"picked":"SKIP","floor":4},{"not_picked":["True Grit","Armaments","Iron Wave"],"picked":"SKIP","floor":6},{"not_picked":["Infernal Blade","Dual Wield"],"picked":"Metallicize","floor":7},{"not_picked":["Heavy Blade","Flex","Clash"],"picked":"SKIP","floor":11},{"not_picked":["Intimidate","Shrug It Off"],"picked":"Inflame","floor":12},{"not_picked":["Dropkick","Sword Boomerang","Warcry"],"picked":"SKIP","floor":13},{"not_picked":["Carnage","Wild Strike","Thunderclap+1"],"picked":"SKIP","floor":18},{"not_picked":["Intimidate","Hemokinesis","Perfected Strike"],"picked":"SKIP","floor":21},{"not_picked":["Twin Strike","Havoc"],"picked":"Flame Barrier","floor":22},{"not_picked":["Battle Trance","Iron Wave+1"],"picked":"Shrug It Off","floor":24},{"not_picked":["Intimidate","Clash+1","Armaments"],"picked":"SKIP","floor":25},{"not_picked":["Rampage","Inflame","Berserk"],"picked":"Heavy Blade+1","floor":27},{"not_picked":["Intimidate","Pommel Strike","Wild Strike+1"],"picked":"Cleave","floor":28},{"not_picked":["Dropkick","Perfected Strike","Anger"],"picked":"Whirlwind+1","floor":31}],"player_experience":501453,"relics_obtained":[{"floor":6,"key":"Art of War"},{"floor":9,"key":"Lantern"},{"floor":12,"key":"Girya"},{"floor":26,"key":"Question Card"},{"floor":27,"key":"Bag of Marbles"}],"event_choices":[{"damage_healed":0,"gold_gain":75,"player_choice":"Gather Gold","damage_taken":11,"max_hp_gain":0,"max_hp_loss":0,"event_name":"World of Goop","floor":2,"gold_loss":0},{"damage_healed":0,"gold_gain":0,"player_choice":"Ignored","damage_taken":0,"max_hp_gain":0,"max_hp_loss":0,"event_name":"Liars Game","floor":3,"gold_loss":0},{"damage_healed":0,"gold_gain":0,"player_choice":"Forge","damage_taken":0,"max_hp_gain":0,"max_hp_loss":0,"event_name":"Accursed Blacksmith","floor":5,"gold_loss":0,"cards_upgraded":["Flame Barrier"]},{"cards_removed":["Strike_R"],"damage_healed":0,"gold_gain":0,"player_choice":"Card Removal","damage_taken":7,"max_hp_gain":0,"max_hp_loss":0,"event_name":"Golden Wing","floor":14,"gold_loss":0},{"damage_healed":0,"gold_gain":0,"player_choice":"Got Potions","damage_taken":0,"max_hp_gain":0,"max_hp_loss":0,"event_name":"Lab","floor":20,"gold_loss":0},{"damage_healed":0,"gold_gain":0,"player_choice":"Smashed Altar","damage_taken":0,"max_hp_gain":0,"max_hp_loss":0,"event_name":"Forgotten Altar","floor":30,"gold_loss":0,"cards_obtained":["Decay"]}],"is_beta":false,"boss_relics":[{"not_picked":["Busted Crown","Sozu"],"picked":"Coffee Dripper"}],"items_purged_floors":[19],"is_endless":false,"potions_floor_spawned":[4,6,11,12,13,22,25,27,31],"killed_by":"Automaton","ascension_level":5}