{"gold_per_floor":[214,389,389,399,399,399,399,415,415,187,187,187,201,221,221,297,297,314,314,17,17,17,17,32,60,60,60,77,88,88,103,103,103],"floor_reached":33,"playtime":1199,"items_purged":["Doubt"],"score":446,"play_id":"e9c80bf2-fe61-4624-af60-3b80c374b42e","local_time":"20190427011101","is_ascension_mode":true,"campfire_choices":[{"data":"Bash","floor":6,"key":"SMITH"},{"data":"Ghostly Armor","floor":11,"key":"SMITH"},{"data":"Inflame","floor":15,"key":"SMITH"},{"data":"Cleave","floor":23,"key":"SMITH"},{"data":"Heavy Blade","floor":27,"key":"SMITH"},{"data":"Uppercut","floor":32,"key":"SMITH"}],"neow_cost":"NONE","seed_source_timestamp":119070622152741,"circlet_count":0,"master_deck":["AscendersBane","Defend_R","Defend_R+1","Defend_R+1","Defend_R+1","Bash+1","Iron Wave+1","Ghostly Armor+1","Twin Strike","Inflame+1","Cleave+1","Bite","Bite","Bite","Bite","Bite","Heavy Blade+1","Flex+1","Uppercut+1"],"relics":["Burning Blood","Mummified Hand","Matryoshka","War Paint","Coffee Dripper","Nilry\u0027s Codex","Bag of Marbles","Orichalcum","Darkstone Periapt","Toxic Egg 2","StoneCalendar"],"potions_floor_usage":[33],"damage_taken":[{"damage":5,"enemies":"Jaw Worm","floor":1,"turns":5},{"damage":7,"enemies":"Small Slimes","floor":4,"turns":4},{"damage":3,"enemies":"2 Louse","floor":8,"turns":4},{"damage":0,"enemies":"Looter","floor":13,"turns":4},{"damage":1,"enemies":"3 Louse","floor":14,"turns":4},{"damage":54,"enemies":"The Guardian","floor":16,"turns":15},{"damage":4,"enemies":"Chosen","floor":18,"turns":5},{"damage":5,"enemies":"2 Thieves","floor":24,"turns":4},{"damage":39,"enemies":"Slavers","floor":25,"turns":6},{"damage":6,"enemies":"Cultist and Chosen","floor":28,"turns":5},{"damage":14,"enemies":"Centurion and Healer","floor":29,"turns":4},{"damage":17,"enemies":"3 Cultists","floor":31,"turns":5},{"damage":72,"enemies":"Collector","floor":33,"turns":7}],"seed_played":"3589156688067804656","potions_obtained":[{"floor":8,"key":"Ancient Potion"},{"floor":13,"key":"GamblersBrew"},{"floor":16,"key":"Energy Potion"},{"floor":28,"key":"Weak Potion"}],"is_trial":false,"path_per_floor":["M","?","?","M","?","R","T","M","T","$","R","?","M","M","R","B",null,"M","?","$","?","?","R","M","E","T","R","M","M","?","M","R","B"],"character_chosen":"IRONCLAD","items_purchased":["War Paint","Bag of Marbles","Orichalcum"],"campfire_rested":0,"item_purchase_floors":[10,20,20],"current_hp_per_floor":[73,73,78,77,77,77,77,80,80,80,80,63,69,74,74,26,70,72,56,56,56,46,46,55,34,34,34,44,48,48,45,45,0],"gold":103,"neow_bonus":"HUNDRED_GOLD","is_prod":false,"is_daily":false,"chose_seed":false,"campfire_upgraded":6,"win_rate":0,"timestamp":1556349061,"path_taken":["M","?","?","M","?","R","?","M","T","$","R","?","?","M","R","BOSS","M","?","$","?","?","R","M","E","T","R","M","M","?","M","R","BOSS"],"build_version":"2019-01-23","purchased_purges":1,"victory":false,"max_hp_per_floor":[80,80,85,85,85,85,85,85,85,85,85,85,85,85,85,85,85,85,85,85,59,64,64,64,64,64,64,64,64,64,64,64,64],"card_choices":[{"not_picked":["Metallicize","Havoc"],"picked":"Iron Wave","floor":1},{"not_picked":["Bloodletting","Armaments","Anger"],"picked":"SKIP","floor":4},{"not_picked":["Clash","Wild Strike"],"picked":"Ghostly Armor","floor":8},{"not_picked":["Headbutt","Spot Weakness"],"picked":"Twin Strike","floor":13},{"not_picked":["Havoc","Dropkick"],"picked":"Inflame","floor":14},{"not_picked":["Iron Wave","Carnage"],"picked":"Cleave","floor":18},{"not_picked":["Seeing Red","Rage+1"],"picked":"Heavy Blade","floor":24},{"not_picked":["Power Through+1","Wild Strike","Headbutt"],"picked":"SKIP","floor":25},{"not_picked":["True Grit+1","Shrug It Off+1"],"picked":"Flex+1","floor":28},{"not_picked":["True Grit+1","Shrug It Off+1","Cleave"],"picked":"SKIP","floor":29},{"not_picked":["Sever Soul","Anger","Battle Trance+1"],"picked":"SKIP","floor":31}],"player_experience":546880,"relics_obtained":[{"floor":7,"key":"Mummified Hand"},{"floor":9,"key":"Matryoshka"},{"floor":19,"key":"Nilry\u0027s Codex"},{"floor":25,"key":"Darkstone Periapt"},{"floor":26,"key":"Toxic Egg 2"},{"floor":26,"key":"StoneCalendar"}],"event_choices":[{"damage_healed":0,"gold_gain":175,"player_choice":"AGREE","damage_taken":0,"max_hp_gain":0,"max_hp_loss":0,"event_name":"Liars Game","floor":2,"gold_loss":0,"cards_obtained":["Doubt"]},{"damage_healed":0,"gold_gain":0,"player_choice":"Donut","damage_taken":0,"max_hp_gain":5,"max_hp_loss":0,"event_name":"Big Fish","floor":3,"gold_loss":0},{"damage_healed":0,"gold_gain":0,"player_choice":"Grow","damage_taken":0,"max_hp_gain":0,"max_hp_loss":0,"event_name":"Living Wall","floor":5,"gold_loss":0,"cards_upgraded":["Iron Wave"]},{"damage_healed":0,"gold_gain":0,"player_choice":"Entered Light","damage_taken":17,"max_hp_gain":0,"max_hp_loss":0,"event_name":"Shining Light","floor":12,"gold_loss":0,"cards_upgraded":["Defend_R","Strike_R"]},{"damage_healed":0,"gold_gain":0,"player_choice":"Obtained Book","damage_taken":16,"max_hp_gain":0,"max_hp_loss":0,"event_name":"Cursed Tome","floor":19,"gold_loss":0},{"damage_healed":0,"gold_gain":0,"player_choice":"Became a vampire","damage_taken":0,"max_hp_gain":0,"max_hp_loss":26,"event_name":"Vampires","floor":21,"gold_loss":0,"cards_obtained":["Bite","Bite","Bite","Bite","Bite"]},{"damage_healed":0,"gold_gain":0,"player_choice":"Shed Blood","damage_taken":15,"max_hp_gain":5,"max_hp_loss":0,"event_name":"Forgotten Altar","floor":22,"gold_loss":0},{"damage_healed":0,"gold_gain":0,"player_choice":"Read","damage_taken":0,"max_hp_gain":0,"max_hp_loss":0,"event_name":"The Library","floor":30,"gold_loss":0,"cards_obtained":["Uppercut"]}],"is_beta":false,"boss_relics":[{"not_picked":["Mark of Pain","Velvet Choker"],"picked":"Coffee Dripper"}],"items_purged_floors":[10],"is_endless":false,"potions_floor_spawned":[8,13,16,18,25,28],"killed_by":"Collector","ascension_level":13}