{"gold_per_floor":[114,114,94,119,119,119,119,158,158,196,196,212,253,278,278,401,401,417,417,437,8,8,8],"floor_reached":23,"playtime":702,"items_purged":["Strike_R"],"score":313,"play_id":"440afef6-de5a-46cd-a65e-5aad9d931ffd","local_time":"20190422202831","is_ascension_mode":true,"campfire_choices":[{"data":"Shrug It Off","floor":6.0,"key":"SMITH"},{"data":"Defend_R","floor":11.0,"key":"SMITH"},{"data":"Strike_R","floor":15.0,"key":"SMITH"}],"neow_cost":"NONE","seed_source_timestamp":770480931380563,"circlet_count":0,"master_deck":["Strike_R+1","Strike_R","Strike_R","Strike_R","Defend_R+1","Defend_R+1","Defend_R+1","Bash+1","Shrug It Off+1","Uppercut+1","Rampage+1","Demon Form","Pommel Strike+1","Swift Strike+1"],"special_seed":0,"relics":["Burning Blood","Golden Idol","Question Card","Molten Egg 2","War Paint","Bottled Flame","Eternal Feather","Pocketwatch","Pantograph","Nloth\u0027s Gift"],"potions_floor_usage":[16,20,23],"damage_taken":[{"damage":0.0,"enemies":"Jaw Worm","floor":1.0,"turns":1.0},{"damage":0.0,"enemies":"Cultist","floor":4.0,"turns":1.0},{"damage":0.0,"enemies":"Gremlin Nob","floor":8.0,"turns":1.0},{"damage":39.0,"enemies":"3 Sentries","floor":10.0,"turns":9.0},{"damage":0.0,"enemies":"Small Slimes","floor":12.0,"turns":3.0},{"damage":15.0,"enemies":"Lagavulin","floor":13.0,"turns":5.0},{"damage":0.0,"enemies":"3 Louse","floor":14.0,"turns":5.0},{"damage":21,"enemies":"Slime Boss","floor":16,"turns":10},{"damage":17,"enemies":"Shell Parasite","floor":18,"turns":6},{"damage":24,"enemies":"Spheric Guardian","floor":20,"turns":4},{"damage":37,"enemies":"Book of Stabbing","floor":23,"turns":3}],"seed_played":"9146388157787708215","potions_obtained":[{"floor":3.0,"key":"Strength Potion"},{"floor":4.0,"key":"Block Potion"},{"floor":10.0,"key":"Poison Potion"},{"floor":13.0,"key":"Strength Potion"},{"floor":16,"key":"SkillPotion"},{"floor":20,"key":"SteroidPotion"}],"is_trial":false,"path_per_floor":["M","?","?","M","?","R","?","E","T","E","R","M","E","M","R","B",null,"M","?","M","$","?","E"],"character_chosen":"IRONCLAD","items_purchased":["Pantograph","Pommel Strike+1","Swift Strike+1"],"campfire_rested":0,"item_purchase_floors":[21,21,21],"current_hp_per_floor":[78,74,74,74,67,67,67,73,73,40,40,46,37,43,43,28,63,52,52,34,34,34,0],"gold":8,"neow_bonus":"THREE_ENEMY_KILL","is_prod":false,"is_daily":false,"chose_seed":false,"campfire_upgraded":3,"win_rate":0,"timestamp":1555986511,"path_taken":["M","?","?","?","?","R","?","E","T","E","R","M","E","M","R","BOSS","M","?","?","?","?","E"],"build_version":"2019-01-23","purchased_purges":1,"victory":false,"max_hp_per_floor":[80,74,74,74,74,74,74,74,74,74,74,74,74,74,74,74,74,74,74,74,74,74,74],"card_choices":[{"not_picked":["Perfected Strike","Headbutt","Havoc"],"picked":"SKIP","floor":1.0},{"not_picked":["Evolve","Sentinel"],"picked":"Shrug It Off","floor":4.0},{"not_picked":["Body Slam","Evolve","Burning Pact"],"picked":"SKIP","floor":8.0},{"not_picked":["Warcry","Dropkick+1","Heavy Blade+1"],"picked":"Uppercut+1","floor":10.0},{"not_picked":["Havoc","Battle Trance","Searing Blow+1"],"picked":"Rampage+1","floor":12.0},{"not_picked":["Thunderclap+1","Bloodletting","Body Slam+1","Disarm"],"picked":"SKIP","floor":13.0},{"not_picked":["Perfected Strike+1","Double Tap","Flex","Armaments"],"picked":"SKIP","floor":14.0},{"not_picked":["Feed+1","Dark Embrace","Berserk"],"picked":"Demon Form","floor":16},{"not_picked":["Sever Soul+1","Body Slam+1","Battle Trance","Corruption"],"picked":"SKIP","floor":18},{"not_picked":["Twin Strike+1","Clothesline+1","Rage+1","True Grit"],"picked":"SKIP","floor":20}],"player_experience":518376,"relics_obtained":[{"floor":8.0,"key":"Question Card"},{"floor":9.0,"key":"Molten Egg 2"},{"floor":10.0,"key":"War Paint"},{"floor":13.0,"key":"Bottled Flame"}],"event_choices":[{"damage_healed":0.0,"max_hp_gain":0.0,"max_hp_loss":6.0,"gold_gain":0.0,"event_name":"Golden Idol","player_choice":"Lose Max HP","floor":2.0,"gold_loss":0.0,"damage_taken":0.0,"relics_obtained":["Golden Idol"]},{"damage_healed":0.0,"max_hp_gain":0.0,"max_hp_loss":0.0,"gold_gain":0.0,"event_name":"The Woman in Blue","player_choice":"Bought 1 Potion","floor":3.0,"gold_loss":0.0,"damage_taken":0.0},{"cards_removed":["Defend_R"],"damage_healed":0.0,"max_hp_gain":0.0,"max_hp_loss":0.0,"gold_gain":0.0,"event_name":"Golden Wing","player_choice":"Card Removal","floor":5.0,"gold_loss":0.0,"damage_taken":7.0},{"damage_healed":0.0,"max_hp_gain":0.0,"max_hp_loss":0.0,"gold_gain":0.0,"event_name":"Living Wall","player_choice":"Grow","floor":7.0,"gold_loss":0.0,"damage_taken":0.0,"cards_upgraded":["Bash"]},{"damage_healed":0,"gold_gain":0,"player_choice":"Gave Potion","damage_taken":0,"relics_obtained":["Pocketwatch"],"max_hp_gain":0,"max_hp_loss":0,"event_name":"WeMeetAgain","floor":19,"gold_loss":0},{"damage_healed":0,"gold_gain":0,"player_choice":"Traded Relic","damage_taken":0,"relics_obtained":["Nloth\u0027s Gift"],"max_hp_gain":0,"max_hp_loss":0,"event_name":"N\u0027loth","floor":22,"relics_lost":["NeowsBlessing"],"gold_loss":0}],"is_beta":false,"boss_relics":[{"not_picked":["Empty Cage","Fusion Hammer"],"picked":"Eternal Feather"}],"items_purged_floors":[21],"is_endless":false,"potions_floor_spawned":[4,10,13,16,20],"killed_by":"Book of Stabbing","ascension_level":7}