{"gold_per_floor":[15,32,32,47,147,147,158,11,11,11,11],"floor_reached":11,"playtime":537,"items_purged":["Strike_B"],"score":104,"play_id":"6a358eaf-e548-412e-ae1e-90b5184d5533","local_time":"20190424202312","is_ascension_mode":true,"campfire_choices":[{"data":"Fission","floor":6,"key":"SMITH"},{"data":"Defragment","floor":10,"key":"SMITH"}],"neow_cost":"NO_GOLD","seed_source_timestamp":632525532952900,"circlet_count":0,"master_deck":["AscendersBane","Defend_B","Defend_B","Defend_B","Defend_B","Zap","Dualcast","Fission+1","Gash","Cold Snap","Go for the Eyes","Turbo","Auto Shields","Defragment+1"],"relics":["Cracked Core","WingedGreaves"],"potions_floor_usage":[],"damage_taken":[{"damage":13,"enemies":"Jaw Worm","floor":1,"turns":4},{"damage":0,"enemies":"2 Louse","floor":2,"turns":2},{"damage":3,"enemies":"Cultist","floor":4,"turns":5},{"damage":5,"enemies":"Red Slaver","floor":7,"turns":4},{"damage":44,"enemies":"Gremlin Nob","floor":11,"turns":7}],"seed_played":"-5028217562423875077","potions_obtained":[{"floor":7,"key":"LiquidBronze"}],"is_trial":false,"path_per_floor":["M","M","?","M","?","R","M","$","T","R","E"],"character_chosen":"DEFECT","items_purchased":["Defragment"],"campfire_rested":0,"item_purchase_floors":[8],"current_hp_per_floor":[55,55,48,45,45,45,40,40,40,40,0],"gold":11,"neow_bonus":"TRANSFORM_TWO_CARDS","is_prod":false,"is_daily":false,"chose_seed":false,"campfire_upgraded":2,"win_rate":0,"timestamp":1556158992,"path_taken":["M","M","?","M","?","R","M","$","T","R","E"],"build_version":"2019-01-23","purchased_purges":1,"victory":false,"max_hp_per_floor":[75,75,75,75,75,75,75,75,75,75,75],"card_choices":[{"not_picked":["Barrage","Conserve Battery"],"picked":"Cold Snap","floor":1},{"not_picked":["Conserve Battery","White Noise"],"picked":"Go for the Eyes","floor":2},{"not_picked":["Go for the Eyes","Auto Shields"],"picked":"Turbo","floor":4},{"not_picked":["Conserve Battery","Streamline"],"picked":"Auto Shields","floor":7}],"player_experience":661897,"relics_obtained":[{"floor":9,"key":"WingedGreaves"}],"event_choices":[{"cards_removed":["Strike_B"],"damage_healed":0,"gold_gain":0,"player_choice":"Card Removal","damage_taken":7,"max_hp_gain":0,"max_hp_loss":0,"event_name":"Golden Wing","floor":3,"gold_loss":0},{"damage_healed":0,"gold_gain":100,"player_choice":"Pray","damage_taken":0,"max_hp_gain":0,"max_hp_loss":0,"event_name":"Golden Shrine","floor":5,"gold_loss":0}],"is_beta":false,"boss_relics":[],"items_purged_floors":[8],"is_endless":false,"potions_floor_spawned":[7],"killed_by":"Gremlin Nob","ascension_level":13}