{"gold_per_floor":[109,122,138,158,233,260,260,293,345,345,364,374,374,404,404,505,505,522,538,276,276],"floor_reached":21,"playtime":1110,"items_purged":[],"score":201,"play_id":"1640cf00-ef9e-461f-b8ce-7dadc5cdbc4d","local_time":"20181106185156","is_ascension_mode":false,"campfire_choices":[{"data":"White Noise","floor":7,"key":"SMITH"},{"floor":15,"key":"RECALL"}],"neow_cost":"NONE","seed_source_timestamp":4638857051465,"circlet_count":0,"master_deck":["Strike_B","Strike_B","Strike_B","Strike_B","Defend_B","Defend_B","Defend_B","Defend_B","Zap","Dualcast","Conserve Battery","Chaos","BootSequence","Beam Cell","White Noise+1","FTL","Coolheaded","Leap","Consume","Rainbow","Go for the Eyes","Compile Driver"],"relics":["Cracked Core","Mercury Hourglass","Sundial","Oddly Smooth Stone","Inserter","Letter Opener"],"potions_floor_usage":[4,6,21,21],"damage_taken":[{"damage":0,"enemies":"2 Louse","floor":1,"turns":2},{"damage":1,"enemies":"Jaw Worm","floor":2,"turns":4},{"damage":0,"enemies":"Small Slimes","floor":3,"turns":3},{"damage":0,"enemies":"2 Fungi Beasts","floor":4,"turns":4},{"damage":22,"enemies":"3 Sentries","floor":6,"turns":10},{"damage":14,"enemies":"Lagavulin","floor":8,"turns":8},{"damage":1,"enemies":"Exordium Thugs","floor":11,"turns":4},{"damage":0,"enemies":"Large Slime","floor":12,"turns":5},{"damage":35,"enemies":"Gremlin Nob","floor":14,"turns":5},{"damage":17,"enemies":"Hexaghost","floor":16,"turns":13},{"damage":24,"enemies":"2 Thieves","floor":18,"turns":5},{"damage":11,"enemies":"Spheric Guardian","floor":19,"turns":4},{"damage":13,"enemies":"Colosseum Slavers","floor":21,"turns":4},{"damage":59,"enemies":"Colosseum Nobs","floor":21,"turns":4}],"seed_played":"-2239314856889337393","potions_obtained":[{"floor":2,"key":"Regen Potion"},{"floor":4,"key":"Fruit Juice"},{"floor":8,"key":"Strength Potion"},{"floor":16,"key":"Dexterity Potion"},{"floor":19,"key":"Block Potion"}],"is_trial":false,"path_per_floor":["M","M","M","M","?","E","R","E","T","?","M","M","?","E","R","B",null,"M","M","$","?"],"character_chosen":"DEFECT","items_purchased":["Letter Opener"],"campfire_rested":0,"item_purchase_floors":[20],"current_hp_per_floor":[82,81,81,86,75,68,68,54,54,54,53,53,53,18,18,1,87,63,52,52,0],"gold":276,"neow_bonus":"TEN_PERCENT_HP_BONUS","is_prod":false,"is_daily":false,"chose_seed":false,"campfire_upgraded":1,"win_rate":0,"timestamp":1541490716,"path_taken":["M","M","M","M","?","E","R","E","T","?","M","M","?","E","R","BOSS","M","M","$","?"],"build_version":"2018-11-02","purchased_purges":0,"victory":false,"max_hp_per_floor":[82,82,82,87,87,87,87,87,87,87,87,87,87,87,87,87,87,87,87,87,87],"card_choices":[{"not_picked":["Beam Cell","Cold Snap"],"picked":"Conserve Battery","floor":1},{"not_picked":["Redo","Turbo"],"picked":"Chaos","floor":2},{"not_picked":["Reprogram","Barrage"],"picked":"BootSequence","floor":3},{"not_picked":["Stack","Reprogram"],"picked":"Beam Cell","floor":4},{"not_picked":["Heatsinks","Steam"],"picked":"White Noise","floor":6},{"not_picked":["Chaos","Steam"],"picked":"FTL","floor":8},{"not_picked":["Core Surge","Hello World"],"picked":"Coolheaded","floor":11},{"not_picked":["Compile Driver","Coolheaded"],"picked":"Leap","floor":12},{"not_picked":["Redo","Turbo"],"picked":"Consume","floor":14},{"not_picked":["Core Surge","Biased Cognition"],"picked":"Rainbow","floor":16},{"not_picked":["Ball Lightning+1","Streamline"],"picked":"Go for the Eyes","floor":18},{"not_picked":["Streamline","FTL"],"picked":"Compile Driver","floor":19}],"player_experience":185806,"relics_obtained":[{"floor":6,"key":"Mercury Hourglass"},{"floor":8,"key":"Sundial"},{"floor":14,"key":"Oddly Smooth Stone"}],"event_choices":[{"damage_healed":0,"gold_gain":75,"player_choice":"Gather Gold","damage_taken":11,"max_hp_gain":0,"max_hp_loss":0,"event_name":"World of Goop","floor":5,"gold_loss":0},{"damage_healed":0,"gold_gain":0,"player_choice":"Ignored","damage_taken":0,"max_hp_gain":0,"max_hp_loss":0,"event_name":"Golden Wing","floor":10,"gold_loss":0},{"damage_healed":0,"gold_gain":0,"player_choice":"Ignored","damage_taken":0,"max_hp_gain":0,"max_hp_loss":0,"event_name":"Liars Game","floor":13,"gold_loss":0},{"damage_healed":0,"gold_gain":0,"player_choice":"Fight","damage_taken":0,"max_hp_gain":0,"max_hp_loss":0,"event_name":"Colosseum","floor":21,"gold_loss":0},{"damage_healed":0,"gold_gain":0,"player_choice":"Fought Nobs","damage_taken":0,"max_hp_gain":0,"max_hp_loss":0,"event_name":"Colosseum","floor":21,"gold_loss":0}],"is_beta":true,"boss_relics":[{"not_picked":["Orrery","Coffee Dripper"],"picked":"Inserter"}],"items_purged_floors":[],"is_endless":false,"potions_floor_spawned":[2,4,8,16,19],"killed_by":"Colosseum Nobs","ascension_level":0}