{"gold_per_floor":[116,116,133,308,308,343,343,13,13,13,25,53,53,64,64,64],"floor_reached":16,"playtime":396,"items_purged":["Doubt"],"score":162,"play_id":"3a0a4c0f-f5d6-415e-acd8-da25b6e9a83b","local_time":"20190425011748","is_ascension_mode":true,"campfire_choices":[{"floor":7,"key":"REST"},{"data":"Uppercut","floor":13,"key":"SMITH"},{"floor":15,"key":"REST"}],"neow_cost":"NONE","seed_source_timestamp":961162495335391,"circlet_count":0,"master_deck":["AscendersBane","Strike_R+1","Strike_R","Strike_R","Strike_R","Strike_R","Defend_R","Defend_R","Defend_R","Defend_R","Bash","Brutality+1","Cleave+1","Uppercut+1","Heavy Blade+1","Twin Strike+1"],"special_seed":0,"relics":["Burning Blood","Molten Egg 2","Dead Branch","Self Forming Clay","FossilizedHelix","Bottled Lightning"],"potions_floor_usage":[],"damage_taken":[{"damage":5.0,"enemies":"Jaw Worm","floor":1.0,"turns":5.0},{"damage":8.0,"enemies":"2 Louse","floor":3.0,"turns":3.0},{"damage":48,"enemies":"Gremlin Nob","floor":6,"turns":5},{"damage":2,"enemies":"Small Slimes","floor":11,"turns":3},{"damage":38,"enemies":"Lagavulin","floor":12,"turns":5},{"damage":4,"enemies":"Exordium Thugs","floor":14,"turns":4},{"damage":35,"enemies":"Slime Boss","floor":16,"turns":7}],"seed_played":"5440473904644685755","potions_obtained":[{"floor":12,"key":"SteroidPotion"}],"is_trial":false,"path_per_floor":["M","?","M","?","T","E","R","$","T","?","M","E","R","M","R","B"],"character_chosen":"IRONCLAD","items_purchased":["Self Forming Clay"],"campfire_rested":2,"item_purchase_floors":[8],"current_hp_per_floor":[73,57,55,55,55,13,37,37,37,37,41,9,9,11,35,0],"gold":64,"neow_bonus":"ONE_RANDOM_RARE_CARD","is_prod":false,"is_daily":false,"chose_seed":false,"campfire_upgraded":1,"win_rate":0,"timestamp":1556176668,"path_taken":["M","?","M","?","?","E","R","$","T","?","M","E","R","M","R","BOSS"],"build_version":"2019-01-23","purchased_purges":1,"victory":false,"max_hp_per_floor":[80,80,80,80,80,80,80,80,80,80,80,80,80,80,80,80],"card_choices":[{"not_picked":["Clothesline","Headbutt"],"picked":"Cleave","floor":1.0},{"not_picked":["Clash","Cleave"],"picked":"Uppercut","floor":3.0},{"not_picked":["Wild Strike+1","Headbutt+1","Warcry"],"picked":"SKIP","floor":6},{"not_picked":["Entrench","Fiend Fire+1"],"picked":"Heavy Blade+1","floor":11},{"not_picked":["Power Through","Sword Boomerang+1","Headbutt+1"],"picked":"SKIP","floor":12},{"not_picked":["Combust","Entrench"],"picked":"Twin Strike+1","floor":14}],"player_experience":533603,"relics_obtained":[{"floor":5.0,"key":"Molten Egg 2"},{"floor":6,"key":"Dead Branch"},{"floor":9,"key":"FossilizedHelix"},{"floor":12,"key":"Bottled Lightning"}],"event_choices":[{"damage_healed":0.0,"max_hp_gain":0.0,"max_hp_loss":0.0,"gold_gain":0.0,"event_name":"Shining Light","player_choice":"Entered Light","floor":2.0,"gold_loss":0.0,"damage_taken":16.0,"cards_upgraded":["Cleave","Strike_R"]},{"damage_healed":0.0,"max_hp_gain":0.0,"max_hp_loss":0.0,"gold_gain":175.0,"event_name":"Liars Game","player_choice":"AGREE","floor":4.0,"gold_loss":0.0,"damage_taken":0.0,"cards_obtained":["Doubt"]},{"damage_healed":0,"gold_gain":0,"player_choice":"Grow","damage_taken":0,"max_hp_gain":0,"max_hp_loss":0,"event_name":"Living Wall","floor":10,"gold_loss":0,"cards_upgraded":["Brutality"]}],"is_beta":false,"boss_relics":[],"items_purged_floors":[8],"is_endless":false,"potions_floor_spawned":[12],"killed_by":"Slime Boss","ascension_level":10}