{"path_per_floor":["M","M","?","$","?","E","R","M","T","M","R","M","R","M","R","B",null,"M","M","M","M","?","R","E","R","T","M","M","M","E","M","R","B",null,"M","?","M","?","$","E","M","R","T","M","M","$","M","E","R"],"character_chosen":"THE_SILENT","items_purchased":["Bouncing Flask","Secret Technique"],"gold_per_floor":[114,128,78,41,41,72,72,91,91,104,104,120,120,132,132,227,227,242,256,270,287,212,212,247,247,247,259,278,297,322,333,333,435,435,452,452,467,467,197,227,243,243,293,311,325,325,337,372,372,372],"floor_reached":50,"campfire_rested":1,"playtime":2609,"item_purchase_floors":[4,39],"current_hp_per_floor":[61,55,55,55,41,30,30,30,30,42,42,42,42,41,41,43,70,70,70,70,63,63,63,56,56,56,56,55,43,40,39,60,40,70,70,70,60,70,70,48,47,47,47,38,44,44,41,38,38,0],"items_purged":["Writhe"],"gold":372,"score":575,"play_id":"cb470014-681a-4a26-bd93-19592d942c4c","local_time":"20180525231415","is_prod":false,"is_daily":false,"chose_seed":false,"is_ascension_mode":false,"campfire_upgraded":8,"win_rate":0,"timestamp":1527254055,"campfire_choices":[{"data":"Backstab","floor":7,"key":"SMITH"},{"data":"Backstab","floor":11,"key":"SMITH"},{"data":"Dagger Spray","floor":13,"key":"SMITH"},{"data":"Dagger Spray","floor":15,"key":"SMITH"},{"data":"Backstab","floor":23,"key":"SMITH"},{"data":"Bouncing Flask","floor":25,"key":"SMITH"},{"floor":32,"key":"REST"},{"data":"Catalyst","floor":42,"key":"SMITH"},{"data":"Distraction","floor":49,"key":"SMITH"}],"path_taken":["M","M","?","$","?","E","R","M","T","M","R","M","R","M","R","BOSS","M","M","M","M","?","R","E","R","T","M","M","M","E","M","R","BOSS","M","?","?","?","$","E","M","R","T","?","M","?","M","E","R","BOSS"],"build_version":"2018-05-24","seed_source_timestamp":47676734831658,"purchased_purges":1,"victory":false,"master_deck":["Survivor","Neutralize","Dagger Spray+1","Dodge and Roll","Bouncing Flask+1","Backstab+1","Backstab+1","Dagger Throw","Dagger Spray+1","Finisher","Flying Knee","Prepared","Backflip","Deflect","Slice","Backflip","Acrobatics","Cloak And Dagger","Bane+1","Backstab+1","Deflect+1","PiercingWail","Bouncing Flask+1","Terror+1","Deadly Poison","Catalyst+1","Tools of the Trade","Secret Technique","Crippling Poison+1","Distraction+1"],"max_hp_per_floor":[70,70,70,70,70,70,70,70,70,70,70,70,70,70,70,70,70,70,70,70,70,70,70,70,70,70,70,70,70,70,70,70,70,70,70,70,70,70,70,70,70,70,70,70,70,70,70,70,70,70],"relics":["Ring of the Snake","Gambling Chip","Torii","Meat on the Bone","Pandora\u0027s Box","Paper Crane","Mercury Hourglass","Bronze Scales","Philosopher\u0027s Stone","Ancient Tea Set","Regal Pillow","Pantograph"],"card_choices":[{"not_picked":["Acrobatics","PiercingWail"],"picked":"Dagger Spray","floor":1},{"not_picked":["Deflect","Backflip"],"picked":"Dodge and Roll","floor":2},{"not_picked":["Underhanded Strike","Finisher"],"picked":"Backstab","floor":6},{"not_picked":["Sucker Punch","Cloak And Dagger","Dodge and Roll"],"picked":"SKIP","floor":8},{"not_picked":["Adrenaline","Heel Hook"],"picked":"Backstab","floor":10},{"not_picked":["Deflect","Sucker Punch"],"picked":"Dagger Throw","floor":12},{"not_picked":["Backflip","Eviscerate"],"picked":"Dagger Spray","floor":14},{"not_picked":["Acrobatics","Accuracy"],"picked":"Bane+1","floor":18},{"not_picked":["PiercingWail","Leg Sweep+1"],"picked":"Backstab","floor":19},{"not_picked":["Dodge and Roll","Cloak And Dagger"],"picked":"Deflect+1","floor":20},{"not_picked":["Sucker Punch","Finisher+1"],"picked":"PiercingWail","floor":21},{"not_picked":["Adrenaline","Prepared+1"],"picked":"Bouncing Flask","floor":24},{"not_picked":["Well Laid Plans+1","Expertise","Outmaneuver"],"picked":"SKIP","floor":27},{"not_picked":["Flechettes","Backflip","Prepared"],"picked":"SKIP","floor":28},{"not_picked":["Backflip","All Out Attack"],"picked":"Terror+1","floor":29},{"not_picked":["Prepared","Deflect"],"picked":"Deadly Poison","floor":30},{"not_picked":["Dagger Throw+1","Blur+1"],"picked":"Catalyst","floor":31},{"not_picked":["Storm of Steel","Phantasmal Killer"],"picked":"Tools of the Trade","floor":33},{"not_picked":["Dash+1","Dagger Spray","Slice"],"picked":"SKIP","floor":35},{"not_picked":["Deflect","Dagger Spray+1","Underhanded Strike"],"picked":"SKIP","floor":37},{"not_picked":["Bane","Bullet Time","All Out Attack"],"picked":"SKIP","floor":40},{"not_picked":["Underhanded Strike","Masterful Stab+1"],"picked":"Crippling Poison+1","floor":41},{"not_picked":["Escape Plan","Cloak And Dagger+1","Bane"],"picked":"SKIP","floor":44},{"not_picked":["Escape Plan","Underhanded Strike+1","Poisoned Stab"],"picked":"SKIP","floor":45},{"not_picked":["Deflect+1","Dodge and Roll+1","Accuracy"],"picked":"SKIP","floor":47},{"not_picked":["Reflex","Blade Dance+1"],"picked":"Distraction","floor":48}],"player_experience":76796,"potions_floor_usage":[16,19,33,33,44,48,50],"damage_taken":[{"damage":9,"enemies":"Small Slimes","floor":1,"turns":7},{"damage":6,"enemies":"Jaw Worm","floor":2,"turns":5},{"damage":11,"enemies":"Gremlin Nob","floor":6,"turns":4},{"damage":0,"enemies":"2 Louse","floor":8,"turns":2},{"damage":0,"enemies":"Exordium Wildlife","floor":10,"turns":2},{"damage":0,"enemies":"Large Slime","floor":12,"turns":4},{"damage":1,"enemies":"2 Fungi Beasts","floor":14,"turns":3},{"damage":10,"enemies":"The Guardian","floor":16,"turns":9},{"damage":0,"enemies":"2 Thieves","floor":18,"turns":2},{"damage":0,"enemies":"Spheric Guardian","floor":19,"turns":1},{"damage":0,"enemies":"Cultist and Chosen","floor":20,"turns":5},{"damage":7,"enemies":"3 Cultists","floor":21,"turns":4},{"damage":7,"enemies":"Slavers","floor":24,"turns":4},{"damage":0,"enemies":"Snecko","floor":27,"turns":2},{"damage":1,"enemies":"Centurion and Healer","floor":28,"turns":3},{"damage":12,"enemies":"Chosen and Byrds","floor":29,"turns":3},{"damage":3,"enemies":"Gremlin Leader","floor":30,"turns":4},{"damage":13,"enemies":"Snake Plant","floor":31,"turns":2},{"damage":32,"enemies":"Automaton","floor":33,"turns":8},{"damage":0,"enemies":"Orb Walker","floor":35,"turns":2},{"damage":10,"enemies":"3 Shapes","floor":37,"turns":2},{"damage":22,"enemies":"2 Orb Walkers","floor":40,"turns":4},{"damage":1,"enemies":"3 Darklings","floor":41,"turns":4},{"damage":14,"enemies":"4 Shapes","floor":44,"turns":2},{"damage":6,"enemies":"Maw","floor":45,"turns":4},{"damage":15,"enemies":"Sphere and 2 Shapes","floor":47,"turns":5},{"damage":15,"enemies":"Giant Head","floor":48,"turns":4},{"damage":63,"enemies":"Time Eater","floor":50,"turns":9}],"relics_obtained":[{"floor":6,"key":"Torii"},{"floor":9,"key":"Meat on the Bone"},{"floor":24,"key":"Paper Crane"},{"floor":26,"key":"Mercury Hourglass"},{"floor":30,"key":"Bronze Scales"},{"floor":40,"key":"Ancient Tea Set"},{"floor":43,"key":"Regal Pillow"},{"floor":48,"key":"Pantograph"}],"event_choices":[{"event_name":"The Cleric","player_choice":"Card Removal","floor":3,"damage_taken":0},{"event_name":"Shining Light","player_choice":"Entered Light","floor":5,"damage_taken":0},{"event_name":"Beggar","player_choice":"Gave Gold","floor":22,"damage_taken":0},{"event_name":"Tomb of Lord Red Mask","player_choice":"Ignored","floor":36,"damage_taken":0},{"event_name":"Winding Halls","player_choice":"Writhe","floor":38,"damage_taken":0}],"boss_relics":[{"not_picked":["Astrolabe","Snecko Eye"],"picked":"Pandora\u0027s Box"},{"not_picked":["Black Star","Orrery"],"picked":"Philosopher\u0027s Stone"}],"items_purged_floors":[39],"potions_floor_spawned":[6,10,14,18,19,27,31,33,37,44,47],"seed_played":"5978513355089618450","killed_by":"Time Eater","ascension_level":0,"potions_obtained":[{"floor":6,"key":"Swift Potion"},{"floor":10,"key":"Block Potion"},{"floor":14,"key":"Dexterity Potion"},{"floor":18,"key":"Weak Potion"},{"floor":19,"key":"Fire Potion"},{"floor":27,"key":"SteroidPotion"},{"floor":33,"key":"Poison Potion"},{"floor":37,"key":"Regen Potion"},{"floor":44,"key":"Explosive Potion"}],"is_trial":false}