{"gold_per_floor":[112,122,142,142,158,158,175,175,175,230,259,32,32,45,45,122,122,136,151,167,167,194,194,212,212,212,231,266,266,93,93,93,168,168,178,278,278,292,192,219,219,50,122,137,148,163,163,194,194,194],"floor_reached":50,"playtime":2151,"items_purged":["Strike_R","Anger"],"score":1092,"play_id":"8c560822-6451-47cd-a116-a8d5c2abaaef","local_time":"20190527093503","is_ascension_mode":true,"campfire_choices":[{"data":"Iron Wave","floor":6.0,"key":"SMITH"},{"data":"Spot Weakness","floor":13.0,"key":"SMITH"},{"data":"Carnage","floor":15.0,"key":"SMITH"},{"floor":23.0,"key":"REST"},{"floor":25.0,"key":"REST"},{"floor":32.0,"key":"REST"},{"floor":41.0,"key":"REST"},{"floor":47.0,"key":"REST"},{"floor":49.0,"key":"REST"}],"neow_cost":"NONE","seed_source_timestamp":0,"circlet_count":0,"master_deck":["AscendersBane","Strike_R","Strike_R","Strike_R","Strike_R","Defend_R","Defend_R","Defend_R","Bash+1","Iron Wave+1","Carnage+1","Spot Weakness+1","Shrug It Off","Offering","Cleave","Finesse","Shrug It Off","Offering","Fiend Fire","Disarm"],"special_seed":0,"relics":["Burning Blood","NeowsBlessing","Sundial","Mercury Hourglass","Dream Catcher","Lee\u0027s Waffle","Fusion Hammer","Red Mask","Mummified Hand","Bag of Preparation","Enchiridion","Snecko Eye","Mango","Torii","Question Card","Oddly Smooth Stone"],"potions_floor_usage":[50,50],"damage_taken":[{"damage":0.0,"enemies":"2 Louse","floor":1.0,"turns":1.0},{"damage":0.0,"enemies":"Cultist","floor":2.0,"turns":1.0},{"damage":0.0,"enemies":"Small Slimes","floor":3.0,"turns":2.0},{"damage":16.0,"enemies":"Looter","floor":5.0,"turns":4.0},{"damage":7.0,"enemies":"Blue Slaver","floor":7.0,"turns":4.0},{"damage":42.0,"enemies":"3 Sentries","floor":10.0,"turns":9.0},{"damage":15.0,"enemies":"Lagavulin","floor":11.0,"turns":4.0},{"damage":5.0,"enemies":"Exordium Wildlife","floor":14.0,"turns":3.0},{"damage":24.0,"enemies":"Slime Boss","floor":16.0,"turns":8.0},{"damage":8.0,"enemies":"Chosen","floor":18.0,"turns":4.0},{"damage":17.0,"enemies":"2 Thieves","floor":19.0,"turns":3.0},{"damage":19.0,"enemies":"Snake Plant","floor":20.0,"turns":3.0},{"damage":7.0,"enemies":"Masked Bandits","floor":22.0,"turns":3.0},{"damage":30.0,"enemies":"Centurion and Healer","floor":24.0,"turns":7.0},{"damage":17.0,"enemies":"Snecko","floor":27.0,"turns":3.0},{"damage":22.0,"enemies":"Slavers","floor":28.0,"turns":4.0},{"damage":28.0,"enemies":"Automaton","floor":33.0,"turns":6.0},{"damage":9.0,"enemies":"Orb Walker","floor":35.0,"turns":3.0},{"damage":16.0,"enemies":"Mind Bloom Boss Battle","floor":36.0,"turns":9.0},{"damage":21.0,"enemies":"3 Shapes","floor":38.0,"turns":2.0},{"damage":12.0,"enemies":"Nemesis","floor":40.0,"turns":3.0},{"damage":14.0,"enemies":"Jaw Worm Horde","floor":44.0,"turns":3.0},{"damage":22.0,"enemies":"Spire Growth","floor":45.0,"turns":3.0},{"damage":10.0,"enemies":"4 Shapes","floor":46.0,"turns":3.0},{"damage":55.0,"enemies":"Giant Head","floor":48.0,"turns":5.0},{"damage":59,"enemies":"Awakened One","floor":50,"turns":8}],"seed_played":"5736003132821036761","potions_obtained":[{"floor":2.0,"key":"SkillPotion"},{"floor":3.0,"key":"Ancient Potion"},{"floor":7.0,"key":"AttackPotion"},{"floor":14.0,"key":"Strength Potion"},{"floor":16.0,"key":"AttackPotion"},{"floor":20.0,"key":"Ancient Potion"},{"floor":24.0,"key":"Weak Potion"},{"floor":36.0,"key":"Weak Potion"},{"floor":38.0,"key":"SkillPotion"}],"is_trial":false,"path_per_floor":["M","M","M","?","M","R","M","?","T","?","E","$","R","M","R","B",null,"M","M","M","?","?","R","M","R","T","M","E","?","$","?","R","B",null,"M","?","?","M","$","E","R","$","T","M","M","M","R","E","R","B"],"character_chosen":"IRONCLAD","items_purchased":["Lee\u0027s Waffle","Finesse","Fiend Fire"],"campfire_rested":6,"item_purchase_floors":[12,30,42],"current_hp_per_floor":[74,75,75,75,65,65,64,64,64,28,19,82,82,82,82,64,78,76,65,52,52,51,75,51,75,75,64,48,27,27,27,51,29,69,66,70,70,55,55,49,77,77,77,69,53,49,77,28,56,0],"gold":194,"neow_bonus":"THREE_ENEMY_KILL","is_prod":false,"is_daily":false,"chose_seed":false,"campfire_upgraded":3,"win_rate":0,"timestamp":1558971303,"path_taken":["M","M","M","?","?","R","M","?","T","?","E","?","R","M","R","BOSS","M","M","M","?","?","R","M","R","T","M","E","?","$","?","R","BOSS","M","?","?","M","$","E","R","?","T","M","M","?","R","E","R","BOSS"],"build_version":"2019-01-23","purchased_purges":2,"victory":false,"max_hp_per_floor":[75,75,75,75,75,75,75,75,75,75,75,82,82,82,82,82,82,82,82,82,82,82,82,82,82,82,82,82,82,82,82,82,82,82,82,96,96,96,96,96,96,96,96,96,96,96,96,96,96,96],"card_choices":[{"not_picked":["Warcry","Body Slam"],"picked":"Iron Wave","floor":1.0},{"not_picked":["Headbutt","Heavy Blade","Body Slam"],"picked":"SKIP","floor":2.0},{"not_picked":["Armaments","Headbutt","Heavy Blade"],"picked":"SKIP","floor":3.0},{"not_picked":["Iron Wave","Perfected Strike"],"picked":"Anger","floor":5.0},{"not_picked":["Feed","Dropkick","Thunderclap"],"picked":"SKIP","floor":7.0},{"not_picked":["Body Slam","Shockwave"],"picked":"Carnage","floor":10.0},{"not_picked":["Bloodletting","Pommel Strike"],"picked":"Spot Weakness","floor":11.0},{"not_picked":["Warcry","Double Tap","Power Through"],"picked":"SKIP","floor":14.0},{"not_picked":["Headbutt","Iron Wave","Clash"],"picked":"SKIP","floor":18.0},{"not_picked":["Sword Boomerang","Pummel"],"picked":"Shrug It Off","floor":19.0},{"not_picked":["Flex","Hemokinesis","Warcry"],"picked":"SKIP","floor":20.0},{"not_picked":["Combust","Clothesline"],"picked":"Offering","floor":24.0},{"not_picked":["Thunderclap","Rampage"],"picked":"Cleave","floor":25.0},{"not_picked":["Perfected Strike","Flex","Clothesline"],"picked":"SKIP","floor":27.0},{"not_picked":["Metallicize","Armaments","True Grit"],"picked":"SKIP","floor":28.0},{"not_picked":["Pummel","Flex"],"picked":"Shrug It Off","floor":32.0},{"not_picked":["Limit Break","Exhume"],"picked":"Offering","floor":33.0},{"not_picked":["Shrug It Off","Dropkick","Perfected Strike"],"picked":"SKIP","floor":35.0},{"not_picked":["Sever Soul+1","Iron Wave","Brutality"],"picked":"SKIP","floor":38.0},{"not_picked":["Ghostly Armor","Body Slam","Reckless Charge"],"picked":"SKIP","floor":40.0},{"not_picked":["Rupture+1","Armaments+1","Heavy Blade","Pommel Strike"],"picked":"SKIP","floor":44.0},{"not_picked":["Ghostly Armor","Sentinel","Armaments+1","Wild Strike+1"],"picked":"SKIP","floor":45.0},{"not_picked":["Evolve+1","Rage","Rampage+1","Twin Strike+1"],"picked":"SKIP","floor":46.0},{"not_picked":["Armaments+1","Twin Strike","Fire Breathing+1"],"picked":"Disarm","floor":48.0}],"player_experience":631589,"relics_obtained":[{"floor":9.0,"key":"Sundial"},{"floor":10.0,"key":"Mercury Hourglass"},{"floor":11.0,"key":"Dream Catcher"},{"floor":22.0,"key":"Red Mask"},{"floor":26.0,"key":"Mummified Hand"},{"floor":28.0,"key":"Bag of Preparation"},{"floor":29.0,"key":"Enchiridion"},{"floor":36.0,"key":"Mango"},{"floor":40.0,"key":"Torii"},{"floor":43.0,"key":"Question Card"},{"floor":48.0,"key":"Oddly Smooth Stone"}],"event_choices":[{"cards_removed":["Defend_R"],"damage_healed":0.0,"max_hp_gain":0.0,"max_hp_loss":0.0,"gold_gain":0.0,"event_name":"Bonfire Elementals","player_choice":"Offered Basic","floor":4.0,"gold_loss":0.0,"damage_taken":0.0},{"damage_healed":0.0,"max_hp_gain":0.0,"max_hp_loss":0.0,"gold_gain":0.0,"event_name":"Living Wall","player_choice":"Grow","floor":8.0,"gold_loss":0.0,"damage_taken":0.0,"cards_upgraded":["Bash"]},{"damage_healed":0.0,"max_hp_gain":0.0,"max_hp_loss":0.0,"gold_gain":0.0,"event_name":"Dead Adventurer","player_choice":"Searched \u00271\u0027 times","floor":10.0,"gold_loss":0.0,"damage_taken":0.0},{"damage_healed":0.0,"max_hp_gain":0.0,"max_hp_loss":0.0,"gold_gain":0.0,"event_name":"Vampires","player_choice":"Ignored","floor":21.0,"gold_loss":0.0,"damage_taken":0.0},{"damage_healed":0.0,"max_hp_gain":0.0,"max_hp_loss":0.0,"gold_gain":0.0,"event_name":"Masked Bandits","player_choice":"Fought Bandits","floor":22.0,"gold_loss":0.0,"damage_taken":0.0},{"damage_healed":0.0,"max_hp_gain":0.0,"max_hp_loss":0.0,"gold_gain":0.0,"event_name":"Cursed Tome","player_choice":"Obtained Book","floor":29.0,"gold_loss":0.0,"damage_taken":21.0},{"damage_healed":0.0,"max_hp_gain":0.0,"max_hp_loss":0.0,"gold_gain":0.0,"event_name":"Duplicator","player_choice":"Copied","floor":31.0,"gold_loss":0.0,"damage_taken":0.0,"cards_obtained":["Finesse"]},{"damage_healed":0.0,"max_hp_gain":0.0,"max_hp_loss":0.0,"gold_gain":0.0,"event_name":"MindBloom","player_choice":"Fight","floor":36.0,"gold_loss":0.0,"damage_taken":0.0},{"cards_removed":["Finesse"],"damage_healed":0.0,"max_hp_gain":0.0,"max_hp_loss":0.0,"gold_gain":0.0,"event_name":"Falling","player_choice":"Removed Skill","floor":37.0,"gold_loss":0.0,"damage_taken":0.0}],"is_beta":false,"boss_relics":[{"not_picked":["Eternal Feather","Empty Cage"],"picked":"Fusion Hammer"},{"not_picked":["Philosopher\u0027s Stone","Tiny House"],"picked":"Snecko Eye"}],"items_purged_floors":[30,39],"is_endless":false,"potions_floor_spawned":[2,3,7,14,16,20,24,27,36,38,40,46],"killed_by":"Awakened One","ascension_level":19}