{"gold_per_floor":[114,114,133,133,151,151,225,248,321,359,391,417,429,441,453,585,597,628,820,851,881,911,923,976,988,1025,1061,1073,781,801,815,815,940,940,954,407,482,501,515,515,529,529,529,529,552,567,587,647,647,647],"floor_reached":51,"playtime":2091,"items_purged":["Strike_R"],"score":740,"play_id":"8c92f88d-6727-44f1-80c6-1333be956a20","local_time":"20190410212053","is_ascension_mode":true,"campfire_choices":[{"data":"Flame Barrier","floor":6.0,"key":"SMITH"},{"data":"Flame Barrier","floor":13.0,"key":"SMITH"},{"data":"Thunderclap","floor":15.0,"key":"SMITH"},{"data":"Cleave","floor":23.0,"key":"SMITH"},{"floor":28.0,"key":"REST"},{"data":"Whirlwind","floor":32.0,"key":"SMITH"},{"data":"Disarm","floor":40,"key":"SMITH"},{"data":"Inflame","floor":42,"key":"SMITH"},{"data":"Dark Shackles","floor":44,"key":"SMITH"},{"floor":49,"key":"REST"}],"neow_cost":"NONE","seed_source_timestamp":0,"circlet_count":0,"master_deck":["Strike_R","Strike_R","Strike_R","Strike_R","Defend_R","Defend_R","Bash","Inflame+1","Flame Barrier+1","Anger","Perfected Strike+1","Thunderclap+1","Flame Barrier+1","Disarm+1","Cleave+1","Shrug It Off","Whirlwind+1","Dark Shackles+1","Shrug It Off","Impervious","Ghostly Armor","Flame Barrier","Disarm"],"special_seed":0,"relics":["Burning Blood","NeowsBlessing","Golden Idol","Tiny Chest","Strawberry","Matryoshka","MawBank","Mark of Pain","StoneCalendar","Omamori","Lantern","Bag of Marbles","Sozu","Pen Nib","Kunai","Bronze Scales","Pantograph","Calipers"],"potions_floor_usage":[50,50],"damage_taken":[{"damage":0.0,"enemies":"Jaw Worm","floor":1.0,"turns":1.0},{"damage":0.0,"enemies":"Cultist","floor":3.0,"turns":1.0},{"damage":0.0,"enemies":"2 Louse","floor":5.0,"turns":1.0},{"damage":20.0,"enemies":"Lagavulin","floor":7.0,"turns":6.0},{"damage":6.0,"enemies":"Gremlin Nob","floor":10.0,"turns":3.0},{"damage":7.0,"enemies":"Blue Slaver","floor":11.0,"turns":3.0},{"damage":6.0,"enemies":"2 Fungi Beasts","floor":12.0,"turns":2.0},{"damage":47.0,"enemies":"Hexaghost","floor":16.0,"turns":8.0},{"damage":9.0,"enemies":"Chosen","floor":18.0,"turns":5.0},{"damage":24.0,"enemies":"2 Thieves","floor":20.0,"turns":4.0},{"damage":6.0,"enemies":"Snake Plant","floor":21.0,"turns":4.0},{"damage":9.0,"enemies":"Snecko","floor":22.0,"turns":5.0},{"damage":26.0,"enemies":"Book of Stabbing","floor":24.0,"turns":4.0},{"damage":5.0,"enemies":"Chosen and Byrds","floor":27.0,"turns":5.0},{"damage":8.0,"enemies":"Cultist and Chosen","floor":30.0,"turns":6.0},{"damage":8.0,"enemies":"Shelled Parasite and Fungi","floor":31.0,"turns":5.0},{"damage":34.0,"enemies":"Collector","floor":33.0,"turns":9.0},{"damage":0,"enemies":"Orb Walker","floor":35,"turns":3},{"damage":0,"enemies":"3 Darklings","floor":38,"turns":1},{"damage":24,"enemies":"Sphere and 2 Shapes","floor":39,"turns":5},{"damage":10,"enemies":"Spire Growth","floor":41,"turns":5},{"damage":0,"enemies":"Jaw Worm Horde","floor":45,"turns":1},{"damage":0,"enemies":"Maw","floor":46,"turns":7},{"damage":26,"enemies":"Transient","floor":47,"turns":5},{"damage":24,"enemies":"2 Orb Walkers","floor":48,"turns":4},{"damage":54,"enemies":"Donu and Deca","floor":50,"turns":11}],"seed_played":"-9015786451497919946","potions_obtained":[{"floor":5.0,"key":"Fire Potion"},{"floor":7.0,"key":"Energy Potion"},{"floor":11.0,"key":"SpeedPotion"},{"floor":12.0,"key":"Poison Potion"},{"floor":16.0,"key":"PowerPotion"},{"floor":21.0,"key":"EntropicBrew"},{"floor":24.0,"key":"Strength Potion"},{"floor":31.0,"key":"Strength Potion"},{"floor":33.0,"key":"Poison Potion"}],"is_trial":false,"path_per_floor":["M","?","M","?","M","R","E","T","T","E","M","M","R","?","R","B",null,"M","?","M","M","M","R","E","?","T","M","R","$","M","M","R","B",null,"M","$","?","M","M","R","M","R","T","R","M","M","M","?","R","B",null],"character_chosen":"IRONCLAD","items_purchased":["Bag of Marbles","Whirlwind","Dark Shackles","Pen Nib","Kunai","Flame Barrier"],"campfire_rested":2,"item_purchase_floors":[29,29,29,36,36,36],"current_hp_per_floor":[80,80,80,74,74,74,60,67,67,67,66,66,66,66,66,25,81,78,54,36,36,33,33,21,21,21,22,46,46,44,42,42,14,81,81,81,73,79,61,61,57,57,57,57,63,69,49,31,55,32],"gold":647,"neow_bonus":"THREE_ENEMY_KILL","is_prod":false,"is_daily":false,"chose_seed":false,"campfire_upgraded":8,"win_rate":0,"timestamp":1554952853,"path_taken":["M","?","?","?","M","R","E","?","T","E","M","M","R","?","R","BOSS","M","?","?","M","M","R","E","?","T","M","R","$","M","?","R","BOSS","M","$","?","?","M","R","M","R","T","R","M","?","M","?","R","BOSS"],"build_version":"2019-01-23","purchased_purges":1,"victory":true,"max_hp_per_floor":[80,80,80,74,74,74,74,81,81,81,81,81,81,81,81,81,81,81,81,81,81,81,81,81,81,81,81,81,81,81,81,81,81,81,81,81,81,81,81,81,81,81,81,81,81,81,81,81,81,81],"card_choices":[{"not_picked":["Havoc","Carnage"],"picked":"Inflame","floor":1.0},{"not_picked":["Warcry","Headbutt"],"picked":"Flame Barrier","floor":3.0},{"not_picked":["Rage","Havoc"],"picked":"Anger","floor":5.0},{"not_picked":["Wild Strike","Limit Break"],"picked":"Perfected Strike","floor":7.0},{"not_picked":["Perfected Strike","Battle Trance"],"picked":"Thunderclap","floor":10.0},{"not_picked":["Dual Wield","Sentinel"],"picked":"Flame Barrier","floor":11.0},{"not_picked":["Inflame","Anger","Sentinel"],"picked":"SKIP","floor":12.0},{"not_picked":["Sentinel","Body Slam"],"picked":"Disarm","floor":18.0},{"not_picked":["Headbutt","Second Wind","Corruption"],"picked":"SKIP","floor":20.0},{"not_picked":["Intimidate","Anger"],"picked":"Cleave","floor":21.0},{"not_picked":["Flex+1","Twin Strike","Perfected Strike"],"picked":"SKIP","floor":22.0},{"not_picked":["Juggernaut","Twin Strike+1"],"picked":"Shrug It Off","floor":24.0},{"not_picked":["Flex","Second Wind","Clash"],"picked":"SKIP","floor":27.0},{"not_picked":["Sword Boomerang+1","Offering"],"picked":"Shrug It Off","floor":30.0},{"not_picked":["Sever Soul","Pommel Strike","Warcry"],"picked":"SKIP","floor":31.0},{"not_picked":["Limit Break","Dark Embrace"],"picked":"Impervious","floor":33.0},{"not_picked":["Thunderclap","Armaments+1"],"picked":"Ghostly Armor","floor":35},{"not_picked":["Sword Boomerang+1","Sentinel","Pommel Strike"],"picked":"SKIP","floor":38},{"not_picked":["Spot Weakness","Pommel Strike","Power Through+1"],"picked":"SKIP","floor":39},{"not_picked":["Havoc","Wild Strike","Warcry"],"picked":"SKIP","floor":41},{"not_picked":["Wild Strike+1","Flex+1","Entrench+1"],"picked":"SKIP","floor":45},{"not_picked":["Hemokinesis+1","Iron Wave","Armaments"],"picked":"SKIP","floor":46},{"not_picked":["Burning Pact","Flame Barrier"],"picked":"Disarm","floor":47}],"player_experience":476509,"relics_obtained":[{"floor":7.0,"key":"Tiny Chest"},{"floor":8.0,"key":"Strawberry"},{"floor":9.0,"key":"Matryoshka"},{"floor":10.0,"key":"MawBank"},{"floor":24.0,"key":"StoneCalendar"},{"floor":26.0,"key":"Omamori"},{"floor":26.0,"key":"Lantern"},{"floor":43,"key":"Bronze Scales"},{"floor":43,"key":"Pantograph"},{"floor":48,"key":"Calipers"}],"event_choices":[{"cards_removed":["Defend_R"],"damage_healed":0.0,"max_hp_gain":0.0,"max_hp_loss":0.0,"gold_gain":0.0,"event_name":"Bonfire Elementals","player_choice":"Offered Basic","floor":2.0,"gold_loss":0.0,"damage_taken":0.0},{"damage_healed":0.0,"max_hp_gain":0.0,"max_hp_loss":6.0,"gold_gain":0.0,"event_name":"Golden Idol","player_choice":"Lose Max HP","floor":4.0,"gold_loss":0.0,"damage_taken":0.0,"relics_obtained":["Golden Idol"]},{"damage_healed":0.0,"max_hp_gain":0.0,"max_hp_loss":0.0,"gold_gain":0.0,"event_name":"Living Wall","player_choice":"Grow","floor":14.0,"gold_loss":0.0,"damage_taken":0.0,"cards_upgraded":["Perfected Strike"]},{"damage_healed":0.0,"max_hp_gain":0.0,"max_hp_loss":0.0,"gold_gain":180.0,"event_name":"Knowing Skull","player_choice":"GOLD GOLD ","floor":19.0,"potions_obtained":[],"gold_loss":0.0,"damage_taken":24.0,"cards_obtained":[]},{"cards_removed":["Defend_R"],"damage_healed":0.0,"max_hp_gain":0.0,"max_hp_loss":0.0,"gold_gain":0.0,"event_name":"Purifier","player_choice":"Purged","floor":25.0,"gold_loss":0.0,"damage_taken":0.0},{"damage_healed":0,"gold_gain":75,"player_choice":"Touch","damage_taken":8,"max_hp_gain":0,"max_hp_loss":0,"event_name":"FaceTrader","floor":37,"gold_loss":0},{"damage_healed":0,"gold_gain":0,"player_choice":"Fight","damage_taken":0,"max_hp_gain":0,"max_hp_loss":0,"event_name":"Mysterious Sphere","floor":48,"gold_loss":0}],"is_beta":false,"boss_relics":[{"not_picked":["Tiny House","Philosopher\u0027s Stone"],"picked":"Mark of Pain"},{"not_picked":["Runic Pyramid","Snecko Eye"],"picked":"Sozu"}],"items_purged_floors":[36],"is_endless":false,"potions_floor_spawned":[5,7,11,12,16,21,24,31,33,38,41,45],"ascension_level":1}