{"gold_per_floor":[115,115,115,115,145,186,186,200,251,264,291,334,350,363,363,487,487,512,281,305,328,328,328,349,349,349,349,368,381,381,381,381,381],"floor_reached":33,"playtime":1011,"items_purged":[],"score":282,"play_id":"fc4848e9-f559-4588-9afc-1116cca90042","local_time":"20181104141747","is_ascension_mode":false,"campfire_choices":[{"data":"Pummel","floor":7,"key":"SMITH"},{"floor":15,"key":"REST"},{"floor":23,"key":"RECALL"},{"data":"Armaments","floor":30,"key":"SMITH"},{"data":"Rage","floor":32,"key":"SMITH"}],"neow_cost":"NONE","seed_source_timestamp":17687276176420,"circlet_count":0,"master_deck":["Bash+1","Reckless Charge+1","Cleave","Evolve","Combust","Twin Strike","Seeing Red","Hemokinesis","Whirlwind+1","Armaments+1","Injury","Pummel+1","Thunderclap","Spot Weakness","Juggernaut","Rampage","Feed","Rage+1","Flex","Writhe","Iron Wave"],"relics":["Pandora\u0027s Box","Golden Idol","Tiny Chest","Vajra","Bag of Marbles","Centennial Puzzle","Busted Crown","Bag of Preparation","Pen Nib","Pear","Shuriken"],"potions_floor_usage":[12,12,33],"damage_taken":[{"damage":1,"enemies":"Cultist","floor":1,"turns":2},{"damage":16,"enemies":"3 Sentries","floor":6,"turns":3},{"damage":0,"enemies":"Small Slimes","floor":8,"turns":2},{"damage":3,"enemies":"2 Louse","floor":10,"turns":1},{"damage":3,"enemies":"Lagavulin","floor":12,"turns":2},{"damage":3,"enemies":"2 Fungi Beasts","floor":13,"turns":2},{"damage":0,"enemies":"3 Louse","floor":14,"turns":1},{"damage":38,"enemies":"Slime Boss","floor":16,"turns":7},{"damage":10,"enemies":"2 Thieves","floor":18,"turns":2},{"damage":13,"enemies":"Shell Parasite","floor":20,"turns":3},{"damage":3,"enemies":"Snecko","floor":21,"turns":3},{"damage":19,"enemies":"Centurion and Healer","floor":24,"turns":3},{"damage":10,"enemies":"Cultist and Chosen","floor":28,"turns":2},{"damage":18,"enemies":"Shelled Parasite and Fungi","floor":29,"turns":2},{"damage":78,"enemies":"Collector","floor":33,"turns":7}],"seed_played":"-814246168496637071","potions_obtained":[{"floor":1,"key":"Strength Potion"},{"floor":8,"key":"SkillPotion"},{"floor":10,"key":"Swift Potion"},{"floor":14,"key":"Energy Potion"},{"floor":21,"key":"LiquidBronze"}],"is_trial":false,"path_per_floor":["M","?","?","?","?","E","R","M","T","M","T","E","M","M","R","B",null,"M","$","M","M","$","R","M","?","T","?","M","M","R","T","R","B"],"character_chosen":"IRONCLAD","items_purchased":["Rage","Bag of Preparation"],"campfire_rested":1,"item_purchase_floors":[19,19],"current_hp_per_floor":[79,79,79,63,60,44,44,44,44,41,41,38,35,35,59,21,80,70,70,57,54,54,54,35,35,45,90,80,65,65,65,65,0],"gold":381,"neow_bonus":"BOSS_RELIC","is_prod":false,"is_daily":false,"chose_seed":false,"campfire_upgraded":3,"win_rate":0,"timestamp":1541301467,"path_taken":["M","?","?","?","?","E","R","M","T","M","?","E","M","M","R","BOSS","M","$","M","M","$","R","M","?","T","?","M","?","R","?","R","BOSS"],"build_version":"2018-11-02","purchased_purges":0,"victory":false,"max_hp_per_floor":[80,80,80,80,80,80,80,80,80,80,80,80,80,80,80,80,80,80,80,80,80,80,80,80,80,90,90,90,93,93,93,93,93],"card_choices":[{"not_picked":["Infernal Blade","Anger"],"picked":"Armaments","floor":1},{"not_picked":["Iron Wave","Havoc"],"picked":"Pummel","floor":6},{"not_picked":["Pummel","Clothesline"],"picked":"Thunderclap","floor":8},{"not_picked":["Heavy Blade","Havoc"],"picked":"Spot Weakness","floor":10},{"not_picked":["Spot Weakness","Cleave"],"picked":"Juggernaut","floor":12},{"not_picked":["Cleave","Havoc","Perfected Strike"],"picked":"SKIP","floor":13},{"not_picked":["Whirlwind","Body Slam"],"picked":"Rampage","floor":14},{"not_picked":["Double Tap","Bludgeon"],"picked":"Feed","floor":16},{"not_picked":["Whirlwind"],"picked":"SKIP","floor":18},{"not_picked":["Seeing Red"],"picked":"SKIP","floor":20},{"not_picked":["Burning Pact"],"picked":"SKIP","floor":21},{"not_picked":[],"picked":"Flex","floor":24},{"not_picked":[],"picked":"Iron Wave","floor":28},{"not_picked":["Cleave"],"picked":"SKIP","floor":29}],"player_experience":178792,"relics_obtained":[{"floor":6,"key":"Vajra"},{"floor":9,"key":"Bag of Marbles"},{"floor":12,"key":"Centennial Puzzle"},{"floor":26,"key":"Pear"},{"floor":31,"key":"Shuriken"}],"event_choices":[{"damage_healed":0,"gold_gain":0,"player_choice":"Grow","damage_taken":0,"max_hp_gain":0,"max_hp_loss":0,"event_name":"Living Wall","floor":2,"gold_loss":0,"cards_upgraded":["Whirlwind"]},{"damage_healed":0,"gold_gain":0,"player_choice":"Take Wound","damage_taken":0,"relics_obtained":["Golden Idol"],"max_hp_gain":0,"max_hp_loss":0,"event_name":"Golden Idol","floor":3,"gold_loss":0,"cards_obtained":["Injury"]},{"damage_healed":0,"gold_gain":0,"player_choice":"Entered Light","damage_taken":16,"max_hp_gain":0,"max_hp_loss":0,"event_name":"Shining Light","floor":4,"gold_loss":0,"cards_upgraded":["Reckless Charge","Bash"]},{"damage_healed":0,"gold_gain":0,"player_choice":"Success","damage_taken":3,"relics_obtained":["Tiny Chest"],"max_hp_gain":0,"max_hp_loss":0,"event_name":"Scrap Ooze","floor":5,"gold_loss":0},{"damage_healed":0,"gold_gain":0,"player_choice":"Opened","damage_taken":0,"relics_obtained":["Pen Nib"],"max_hp_gain":0,"max_hp_loss":0,"event_name":"The Mausoleum","floor":25,"gold_loss":0,"cards_obtained":["Writhe"]},{"cards_removed":["Searing Blow"],"damage_healed":45,"gold_gain":0,"player_choice":"Offered Uncommon","damage_taken":0,"max_hp_gain":0,"max_hp_loss":0,"event_name":"Bonfire Elementals","floor":27,"gold_loss":0}],"is_beta":true,"boss_relics":[{"not_picked":["Coffee Dripper","Eternal Feather"],"picked":"Busted Crown"}],"items_purged_floors":[],"is_endless":false,"potions_floor_spawned":[1,8,10,14,21,24,29],"killed_by":"Collector","ascension_level":0}