{"path_per_floor":["M","M","M","?","M","R","M","R","T","M","?","R","M","M","R","B",null,"M","M","$","M","M","R"],"character_chosen":"IRONCLAD","items_purchased":["Molten Egg 2","Pen Nib"],"gold_per_floor":[110,130,144,244,264,264,278,278,349,367,367,367,381,405,405,525,525,525,525,127,127,127,127,127],"floor_reached":24,"campfire_rested":2,"playtime":1658,"current_hp_per_floor":[45,46,47,47,29,53,43,43,43,33,33,55,60,53,53,42,74,74,68,68,39,47,47,0],"items_purged":[],"gold":127,"score":194,"play_id":"7c8b711a-9645-418d-ac5a-8e3b812be387","local_time":"20180522143150","is_prod":false,"is_daily":false,"chose_seed":false,"is_ascension_mode":false,"campfire_upgraded":0,"timestamp":1526963510,"campfire_choices":[{"floor":6.0,"key":"REST"},{"data":"1","floor":8.0,"key":"LIFT"},{"floor":12.0,"key":"REST"},{"data":"2","floor":15,"key":"LIFT"},{"data":"3","floor":23,"key":"LIFT"}],"path_taken":["M","M","?","?","M","R","M","R","T","M","?","R","?","M","R","BOSS","M","M","$","M","M","R","E"],"build_version":"2018-05-17","seed_source_timestamp":0,"purchased_purges":0,"victory":false,"master_deck":["Strike_R","Strike_R","Strike_R","Strike_R","Strike_R","Defend_R","Defend_R","Defend_R","Defend_R","Bash","Rampage","Flex","Flame Barrier","Demon Form","Iron Wave","Pommel Strike","Inflame","Reaper","Feed","Armaments+1","Anger+1","Cleave+1","Spot Weakness+1"],"max_hp_per_floor":[80,80,80,80,80,80,80,80,80,80,74,74,74,74,74,74,74,74,77,77,77,80,80,80],"relics":["Burning Blood","Girya","Toolbox","Golden Idol","Ectoplasm","Molten Egg 2","Pen Nib"],"card_choices":[{"not_picked":["Thunderclap","Shrug It Off"],"picked":"Rampage","floor":1.0},{"not_picked":["Sword Boomerang","Hemokinesis"],"picked":"Flex","floor":2.0},{"not_picked":["Metallicize","Clothesline"],"picked":"Flame Barrier","floor":3.0},{"not_picked":["Cleave","Headbutt"],"picked":"Demon Form","floor":5.0},{"not_picked":["Warcry","Twin Strike"],"picked":"Iron Wave","floor":7.0},{"not_picked":["Sword Boomerang","Power Through"],"picked":"Pommel Strike","floor":10.0},{"not_picked":["Fire Breathing","Anger"],"picked":"Inflame","floor":13},{"not_picked":["True Grit","Warcry"],"picked":"Reaper","floor":14},{"not_picked":["Barricade","Brutality"],"picked":"Feed","floor":16},{"not_picked":["Headbutt","Anger"],"picked":"Armaments+1","floor":18},{"not_picked":["Pommel Strike","Clothesline"],"picked":"Anger+1","floor":19},{"not_picked":["Armaments","Power Through"],"picked":"Cleave+1","floor":21},{"not_picked":["Armaments","Flex"],"picked":"Spot Weakness+1","floor":22}],"player_experience":23693,"potions_floor_usage":[16,21,22],"damage_taken":[{"damage":1.0,"enemies":"Cultist","floor":1.0,"turns":3.0},{"damage":5.0,"enemies":"Small Slimes","floor":2.0,"turns":4.0},{"damage":5.0,"enemies":"2 Louse","floor":3.0,"turns":3.0},{"damage":24.0,"enemies":"Large Slime","floor":5.0,"turns":8.0},{"damage":16.0,"enemies":"Lots of Slimes","floor":7.0,"turns":6.0},{"damage":16.0,"enemies":"Exordium Thugs","floor":10.0,"turns":5.0},{"damage":1,"enemies":"Exordium Wildlife","floor":13,"turns":3},{"damage":13,"enemies":"2 Fungi Beasts","floor":14,"turns":3},{"damage":17,"enemies":"Hexaghost","floor":16,"turns":7},{"damage":5,"enemies":"Chosen","floor":18,"turns":3},{"damage":24,"enemies":"Shell Parasite","floor":19,"turns":6},{"damage":35,"enemies":"3 Cultists","floor":21,"turns":6},{"damage":16,"enemies":"Cultist and Chosen","floor":22,"turns":5},{"damage":59,"enemies":"Book of Stabbing","floor":24,"turns":5}],"relics_obtained":[{"floor":9.0,"key":"Toolbox"}],"event_choices":[{"event_name":"Golden Shrine","player_choice":"Pray","floor":4.0,"damage_taken":0.0},{"event_name":"Golden Idol","player_choice":"Lose Max HP","floor":11.0,"damage_taken":0.0}],"boss_relics":[{"not_picked":["Eternal Feather","Lizard Tail"],"picked":"Ectoplasm"}],"potions_floor_spawned":[1,3,7,13,16,19],"seed_played":"8200742659513087349","killed_by":"Book of Stabbing","ascension_level":0,"potions_obtained":[{"floor":1.0,"key":"Ancient Potion"},{"floor":3.0,"key":"LiquidBronze"},{"floor":7.0,"key":"Explosive Potion"},{"floor":13,"key":"Explosive Potion"},{"floor":16,"key":"Dexterity Potion"},{"floor":19,"key":"Weak Potion"}],"is_trial":false}