{"gold_per_floor":[113,133,145,109,59,87,87,12,12,53,53,96,116,140,140,264,264,280,280,79,79,103,137,149,149,175,203,215,226,301,328,328,426,426,440,455,467,485,85,119,219,219,243,271,70,103,103,129,129,129,129,129,29,54,54],"floor_reached":56,"playtime":5884,"items_purged":["Injury","Feed"],"score":1367,"play_id":"c0eab7ff-d570-46d0-a453-80c61dc48693","local_time":"20190602212702","is_ascension_mode":true,"campfire_choices":[{"floor":11,"key":"REST"},{"floor":15,"key":"REST"},{"data":"Double Tap","floor":25,"key":"SMITH"},{"data":"Rage","floor":32,"key":"SMITH"},{"floor":47,"key":"RECALL"},{"floor":49,"key":"REST"},{"data":"Uppercut","floor":52,"key":"SMITH"}],"neow_cost":"NONE","seed_source_timestamp":343465029750017,"circlet_count":0,"master_deck":["Bash","Ghostly Armor","Spot Weakness","Rage+1","Battle Trance","Double Tap+1","Shrug It Off+1","Flex+1","Twin Strike","Anger","Pummel+1","Infernal Blade+1","Uppercut+1","Infernal Blade+1","Flex+1","Battle Trance+1","Ghostly Armor+1","Juggernaut","Bludgeon","True Grit+1","Headbutt","Evolve","Sword Boomerang","Fiend Fire","Bludgeon","Sever Soul","Power Through+1","Spot Weakness+1","Evolve+1","Shrug It Off+1","Seeing Red+1","Flame Barrier+1"],"relics":["Burning Blood","Question Card","Bloody Idol","Toxic Egg 2","Centennial Puzzle","Art of War","Velvet Choker","ClockworkSouvenir","Oddly Smooth Stone","Ancient Tea Set","Vajra","Lantern","Anchor","Red Skull","Pandora\u0027s Box","Bag of Marbles","Medical Kit","Blood Vial","Ice Cream","Darkstone Periapt","OrangePellets","Pear","Bag of Preparation","Gremlin Horn"],"potions_floor_usage":[6,6,10,16,33,55,55],"damage_taken":[{"damage":15,"enemies":"Small Slimes","floor":1,"turns":5},{"damage":6,"enemies":"Jaw Worm","floor":2,"turns":5},{"damage":0,"enemies":"2 Louse","floor":3,"turns":3},{"damage":64,"enemies":"Gremlin Nob","floor":6,"turns":7},{"damage":25,"enemies":"Lagavulin","floor":10,"turns":7},{"damage":26,"enemies":"Gremlin Nob","floor":12,"turns":5},{"damage":8,"enemies":"Lots of Slimes","floor":13,"turns":5},{"damage":7,"enemies":"Blue Slaver","floor":14,"turns":2},{"damage":27,"enemies":"Slime Boss","floor":16,"turns":11},{"damage":0,"enemies":"Spheric Guardian","floor":18,"turns":3},{"damage":18,"enemies":"Book of Stabbing","floor":23,"turns":4},{"damage":0,"enemies":"3 Byrds","floor":24,"turns":3},{"damage":7,"enemies":"Slavers","floor":27,"turns":4},{"damage":0,"enemies":"Centurion and Healer","floor":28,"turns":2},{"damage":11,"enemies":"Snake Plant","floor":29,"turns":2},{"damage":2,"enemies":"Gremlin Leader","floor":31,"turns":2},{"damage":68,"enemies":"Automaton","floor":33,"turns":7},{"damage":11,"enemies":"3 Darklings","floor":35,"turns":3},{"damage":6,"enemies":"3 Shapes","floor":36,"turns":2},{"damage":9,"enemies":"Transient","floor":37,"turns":5},{"damage":4,"enemies":"Maw","floor":38,"turns":6},{"damage":30,"enemies":"Giant Head","floor":40,"turns":6},{"damage":25,"enemies":"Mind Bloom Boss Battle","floor":41,"turns":5},{"damage":9,"enemies":"Reptomancer","floor":44,"turns":5},{"damage":30,"enemies":"Giant Head","floor":46,"turns":8},{"damage":8,"enemies":"Reptomancer","floor":48,"turns":5},{"damage":71,"enemies":"Awakened One","floor":50,"turns":8},{"damage":7,"enemies":"Shield and Spear","floor":54,"turns":4},{"damage":90,"enemies":"The Heart","floor":55,"turns":8}],"seed_played":"3636104528428843363","potions_obtained":[{"floor":1,"key":"Strength Potion"},{"floor":2,"key":"Block Potion"},{"floor":3,"key":"Strength Potion"},{"floor":13,"key":"AttackPotion"},{"floor":23,"key":"SmokeBomb"},{"floor":24,"key":"Poison Potion"},{"floor":27,"key":"Regen Potion"},{"floor":36,"key":"SteroidPotion"},{"floor":44,"key":"SkillPotion"},{"floor":48,"key":"PowerPotion"}],"is_trial":false,"path_per_floor":["?","?","$","?","?","T","?","M","?","?"],"character_chosen":"IRONCLAD","items_purchased":["Battle Trance","ClockworkSouvenir","Shrug It Off+1","Bag of Marbles","Medical Kit","OrangePellets"],"campfire_rested":3,"item_purchase_floors":[4,20,39,39,39,45],"current_hp_per_floor":[79,79,85,85,85,27,27,27,27,8,34,14,12,11,37,16,88,88,88,88,88,88,81,91,91,91,94,94,94,85,94,94,37,94,94,97,97,97,97,78,69,69,74,81,81,74,74,79,108,43,108,108,108,108,39],"gold":54,"neow_bonus":"TEN_PERCENT_HP_BONUS","is_prod":false,"is_daily":false,"chose_seed":false,"campfire_upgraded":3,"win_rate":0,"timestamp":1559539622,"path_taken":["M","M","M","$","?","E","?","?","T","E","R","E","M","M","R","BOSS","M","?","$","?","?","E","M","R","T","E","M","M","?","E","R","BOSS","M","M","?","M","$","E","?","?","T","E","$","E","R","E","R","BOSS","R","$","E","BOSS"],"build_version":"2019-01-23","purchased_purges":2,"victory":true,"max_hp_per_floor":[88,88,88,88,88,88,88,88,88,88,88,88,88,88,88,88,88,88,88,88,88,88,88,91,91,91,94,94,94,94,94,94,94,94,94,97,97,97,97,97,100,95,95,98,98,108,108,108,108,108,108,108,108,108,108],"card_choices":[{"not_picked":["Rupture","Body Slam"],"picked":"Ghostly Armor","floor":1},{"not_picked":["Feel No Pain","True Grit"],"picked":"Spot Weakness","floor":2},{"not_picked":["Warcry","Rampage"],"picked":"Rage","floor":3},{"not_picked":["Body Slam","True Grit"],"picked":"Double Tap","floor":6},{"not_picked":["Double Tap+1","Iron Wave","Rupture"],"picked":"Shrug It Off+1","floor":10},{"not_picked":["Perfected Strike","Pommel Strike","Combust"],"picked":"Flex+1","floor":12},{"not_picked":["Hemokinesis","Power Through+1","Wild Strike"],"picked":"Twin Strike","floor":13},{"not_picked":["Dual Wield+1","Sword Boomerang","Fiend Fire"],"picked":"Anger","floor":14},{"not_picked":["Juggernaut","Reaper","Double Tap+1"],"picked":"Feed","floor":16},{"not_picked":["Infernal Blade+1","Clothesline","Sever Soul"],"picked":"Pummel+1","floor":18},{"not_picked":["Ghostly Armor+1","Heavy Blade","Clash"],"picked":"Infernal Blade+1","floor":23},{"not_picked":["Dropkick","Body Slam","Inflame"],"picked":"Uppercut","floor":24},{"not_picked":["Hemokinesis","Thunderclap","Perfected Strike+1"],"picked":"Infernal Blade+1","floor":27},{"not_picked":["Bloodletting+1","Reckless Charge","Wild Strike+1"],"picked":"Flex+1","floor":28},{"not_picked":["Searing Blow","Perfected Strike","Inflame"],"picked":"Battle Trance+1","floor":29},{"not_picked":["True Grit+1","Inflame","Brutality"],"picked":"Ghostly Armor+1","floor":31},{"not_picked":["Offering+1","Fiend Fire","Dark Embrace"],"picked":"Juggernaut","floor":33},{"not_picked":["Shockwave+1","Wild Strike","Seeing Red+1","Twin Strike"],"picked":"SKIP","floor":35},{"not_picked":["Heavy Blade","Feel No Pain+1","Armaments+1"],"picked":"Power Through+1","floor":36},{"not_picked":["Clash+1","Headbutt","Wild Strike+1"],"picked":"Spot Weakness+1","floor":37},{"not_picked":["Perfected Strike+1","Sword Boomerang+1","Feel No Pain"],"picked":"Evolve+1","floor":38},{"not_picked":["Clothesline","Heavy Blade+1","Second Wind+1","Dropkick"],"picked":"SKIP","floor":40},{"not_picked":["Sever Soul+1","Clash","Cleave"],"picked":"Seeing Red+1","floor":41},{"not_picked":["Warcry+1","Uppercut+1","Rampage"],"picked":"Flame Barrier+1","floor":44},{"not_picked":["Fire Breathing","Body Slam+1","Feed","Clash+1"],"picked":"SKIP","floor":46},{"not_picked":["Iron Wave","Clash+1","Rupture+1","Infernal Blade+1"],"picked":"SKIP","floor":48},{"not_picked":["Iron Wave","Cleave+1","Clash","Brutality"],"picked":"SKIP","floor":54}],"player_experience":101237,"relics_obtained":[{"floor":6,"key":"Question Card"},{"floor":9,"key":"Toxic Egg 2"},{"floor":10,"key":"Centennial Puzzle"},{"floor":12,"key":"Art of War"},{"floor":22,"key":"Ancient Tea Set"},{"floor":23,"key":"Vajra"},{"floor":26,"key":"Lantern"},{"floor":27,"key":"Anchor"},{"floor":31,"key":"Red Skull"},{"floor":40,"key":"Blood Vial"},{"floor":41,"key":"Ice Cream"},{"floor":44,"key":"Darkstone Periapt"},{"floor":46,"key":"Pear"},{"floor":48,"key":"Bag of Preparation"},{"floor":54,"key":"Gremlin Horn"}],"event_choices":[{"cards_removed":["Strike_R"],"damage_healed":0,"gold_gain":0,"player_choice":"Card Removal","damage_taken":0,"max_hp_gain":0,"max_hp_loss":0,"event_name":"The Cleric","floor":5,"gold_loss":50},{"damage_healed":0,"gold_gain":0,"player_choice":"Take Wound","damage_taken":0,"relics_obtained":["Golden Idol"],"max_hp_gain":0,"max_hp_loss":0,"event_name":"Golden Idol","floor":7,"gold_loss":0,"cards_obtained":["Injury"]},{"damage_healed":0,"gold_gain":0,"player_choice":"Gave Idol","damage_taken":0,"relics_obtained":["Bloody Idol"],"max_hp_gain":0,"max_hp_loss":0,"event_name":"Forgotten Altar","floor":19,"relics_lost":["Golden Idol"],"gold_loss":0},{"damage_healed":0,"gold_gain":0,"player_choice":"Opened","damage_taken":0,"relics_obtained":["Oddly Smooth Stone"],"max_hp_gain":0,"max_hp_loss":0,"event_name":"The Mausoleum","floor":21,"gold_loss":0},{"damage_healed":0,"gold_gain":75,"player_choice":"Touch","damage_taken":9,"max_hp_gain":0,"max_hp_loss":0,"event_name":"FaceTrader","floor":30,"gold_loss":0},{"damage_healed":0,"gold_gain":0,"player_choice":"Fight","damage_taken":0,"max_hp_gain":0,"max_hp_loss":0,"event_name":"MindBloom","floor":41,"gold_loss":0},{"damage_healed":0,"gold_gain":0,"player_choice":"Max HP","damage_taken":0,"max_hp_gain":0,"max_hp_loss":5,"event_name":"Winding Halls","floor":42,"gold_loss":0}],"is_beta":false,"boss_relics":[{"not_picked":["Runic Pyramid","Tiny House"],"picked":"Velvet Choker"},{"not_picked":["Runic Dome","Busted Crown"],"picked":"Pandora\u0027s Box"}],"items_purged_floors":[8,53],"is_endless":false,"potions_floor_spawned":[1,2,3,13,23,24,27,29,36,40,41,44,48],"ascension_level":1}