{"gold_per_floor":[219,51,61,61,61,61,7,7,7,24,24,42,54,68,68,172,172,192,192,107,121,46,46,65,65,65,75,105,105,105,118,118,213,213,226,241,290,290,310,335,348,374,397,10,30,30,30,43,43,43],"floor_reached":51,"playtime":5809,"items_purged":["Strike_B","Defend_B"],"score":1379,"play_id":"f48da33a-cff2-41de-85af-d4b4992a3181","local_time":"20190404220421","is_ascension_mode":true,"campfire_choices":[{"data":"Defragment","floor":6.0,"key":"SMITH"},{"data":"Defragment","floor":8.0,"key":"SMITH"},{"data":"Redo","floor":11.0,"key":"SMITH"},{"data":"Chaos","floor":15.0,"key":"SMITH"},{"data":"Capacitor","floor":23.0,"key":"SMITH"},{"data":"Fission","floor":30.0,"key":"SMITH"},{"data":"Coolheaded","floor":32.0,"key":"SMITH"},{"data":"Zap","floor":47.0,"key":"SMITH"},{"data":"Impatience","floor":49.0,"key":"SMITH"}],"neow_cost":"NONE","seed_source_timestamp":0,"circlet_count":0,"master_deck":["AscendersBane","Defend_B","Defend_B","Defend_B","Zap+1","Dualcast","Auto Shields","Defragment+1","Impatience+1","Defragment+1","Coolheaded+1","Redo+1","Glacier","Chaos+1","Electrodynamics","Capacitor+1","Hologram","Fission+1","Recycle+1","Echo Form","Blizzard+1","Skim","Amplify+1","Capacitor","Defragment+1"],"special_seed":0,"relics":["Cracked Core","Incense Burner","Nuclear Battery","Lantern","StoneCalendar","Happy Flower","Coffee Dripper","Gambling Chip","Pen Nib","War Paint","DataDisk","Bottled Lightning"],"potions_floor_usage":[50],"damage_taken":[{"damage":0.0,"enemies":"2 Louse","floor":1.0,"turns":3.0},{"damage":1.0,"enemies":"Jaw Worm","floor":3.0,"turns":3.0},{"damage":0.0,"enemies":"Small Slimes","floor":10.0,"turns":3.0},{"damage":4.0,"enemies":"Blue Slaver","floor":12.0,"turns":4.0},{"damage":13.0,"enemies":"3 Louse","floor":13.0,"turns":3.0},{"damage":0.0,"enemies":"Large Slime","floor":14.0,"turns":7.0},{"damage":18.0,"enemies":"Slime Boss","floor":16.0,"turns":14.0},{"damage":2.0,"enemies":"Chosen","floor":18.0,"turns":4.0},{"damage":0.0,"enemies":"3 Byrds","floor":21.0,"turns":2.0},{"damage":6.0,"enemies":"Snake Plant","floor":24.0,"turns":3.0},{"damage":0.0,"enemies":"Shelled Parasite and Fungi","floor":27.0,"turns":7.0},{"damage":6.0,"enemies":"Gremlin Leader","floor":28.0,"turns":7.0},{"damage":8.0,"enemies":"Centurion and Healer","floor":31.0,"turns":7.0},{"damage":7.0,"enemies":"Collector","floor":33.0,"turns":8.0},{"damage":2.0,"enemies":"3 Shapes","floor":35.0,"turns":2.0},{"damage":2.0,"enemies":"3 Darklings","floor":36.0,"turns":6.0},{"damage":11.0,"enemies":"2 Orb Walkers","floor":37.0,"turns":4.0},{"damage":0.0,"enemies":"Spire Growth","floor":39.0,"turns":6.0},{"damage":0.0,"enemies":"Giant Head","floor":40.0,"turns":8.0},{"damage":0.0,"enemies":"4 Shapes","floor":41.0,"turns":2.0},{"damage":5.0,"enemies":"Nemesis","floor":42.0,"turns":7.0},{"damage":3.0,"enemies":"Transient","floor":45.0,"turns":5.0},{"damage":0.0,"enemies":"3 Darklings","floor":48.0,"turns":3.0},{"damage":9,"enemies":"Time Eater","floor":50,"turns":7}],"seed_played":"4433750505931697601","potions_obtained":[{"floor":1.0,"key":"SpeedPotion"},{"floor":10.0,"key":"Fire Potion"},{"floor":14.0,"key":"Explosive Potion"},{"floor":21.0,"key":"PowerPotion"},{"floor":36.0,"key":"Swift Potion"},{"floor":40.0,"key":"Fruit Juice"},{"floor":41.0,"key":"SpeedPotion"}],"is_trial":false,"path_per_floor":["M","$","M","?","?","R","$","R","T","M","R","M","M","M","R","B",null,"M","?","?","M","$","R","M","?","T","M","E","?","R","M","R","B",null,"M","M","?","?","M","E","M","E","T","$","M","?","R","M","R","B",null],"character_chosen":"DEFECT","items_purchased":["Defragment","Impatience","Coolheaded","Bottled Lightning","Capacitor"],"campfire_rested":0,"item_purchase_floors":[2,2,7,44,44],"current_hp_per_floor":[68,68,67,67,60,60,60,60,60,60,60,56,43,43,43,25,63,61,47,47,47,47,47,41,41,41,41,35,35,35,27,27,20,65,63,61,50,50,50,55,55,50,50,50,47,47,47,47,47,38],"gold":43,"neow_bonus":"HUNDRED_GOLD","is_prod":false,"is_daily":false,"chose_seed":false,"campfire_upgraded":9,"win_rate":0,"timestamp":1554437061,"path_taken":["M","$","M","?","?","R","$","R","T","?","R","M","M","M","R","BOSS","M","?","?","M","$","R","M","?","T","M","E","?","R","M","R","BOSS","M","M","?","?","M","E","M","E","T","$","M","?","R","M","R","BOSS"],"build_version":"2019-01-23","purchased_purges":2,"victory":true,"max_hp_per_floor":[75,75,75,75,75,75,75,75,75,75,75,75,75,75,75,75,75,75,80,80,80,80,80,80,80,80,80,80,80,80,80,80,80,80,80,80,80,80,80,85,85,85,85,85,85,85,85,85,85,85],"card_choices":[{"not_picked":["Compile Driver","Barrage"],"picked":"Auto Shields","floor":1.0},{"not_picked":["Capacitor","Lockon"],"picked":"Defragment","floor":3.0},{"not_picked":["Sweeping Beam","Sunder"],"picked":"Redo","floor":10.0},{"not_picked":["Sweeping Beam","Lockon","Turbo"],"picked":"SKIP","floor":12.0},{"not_picked":["Coolheaded","Hologram"],"picked":"Glacier","floor":13.0},{"not_picked":["Go for the Eyes","Stack"],"picked":"Chaos","floor":14.0},{"not_picked":["Amplify","Multi-Cast"],"picked":"Electrodynamics","floor":16.0},{"not_picked":["Fusion","Hello World","Go for the Eyes"],"picked":"SKIP","floor":18.0},{"not_picked":["Cold Snap","Coolheaded+1"],"picked":"Capacitor","floor":21.0},{"not_picked":["Cold Snap","Static Discharge","Leap+1"],"picked":"SKIP","floor":24.0},{"not_picked":["Sweeping Beam","Rebound","Hologram+1"],"picked":"SKIP","floor":27.0},{"not_picked":["Undo","Ball Lightning"],"picked":"Recycle","floor":28.0},{"not_picked":["Ball Lightning","Darkness","Compile Driver+1"],"picked":"SKIP","floor":31.0},{"not_picked":["Core Surge","Buffer"],"picked":"Echo Form","floor":33.0},{"not_picked":["Compile Driver","Sweeping Beam","Streamline+1"],"picked":"SKIP","floor":35.0},{"not_picked":["Conserve Battery","Aggregate","Double Energy+1"],"picked":"SKIP","floor":36.0},{"not_picked":["Redo+1","Ball Lightning"],"picked":"Blizzard+1","floor":37.0},{"not_picked":["Streamline+1","Ball Lightning"],"picked":"Skim","floor":39.0},{"not_picked":["Turbo","Recycle+1"],"picked":"Amplify","floor":40.0},{"not_picked":["Turbo","Redo+1","Heatsinks"],"picked":"SKIP","floor":41.0},{"not_picked":["Hologram+1","Sweeping Beam+1","Stack+1"],"picked":"SKIP","floor":42.0},{"not_picked":["Beam Cell+1","Rebound","Leap"],"picked":"SKIP","floor":45.0},{"not_picked":["Conserve Battery+1","Genetic Algorithm+1","Thunder Strike"],"picked":"SKIP","floor":48.0}],"player_experience":554894,"relics_obtained":[{"floor":9.0,"key":"Incense Burner"},{"floor":26.0,"key":"StoneCalendar"},{"floor":28.0,"key":"Happy Flower"},{"floor":37.0,"key":"Gambling Chip"},{"floor":40.0,"key":"Pen Nib"},{"floor":42.0,"key":"War Paint"},{"floor":43.0,"key":"DataDisk"}],"event_choices":[{"damage_healed":0.0,"max_hp_gain":0.0,"max_hp_loss":0.0,"gold_gain":0.0,"event_name":"Liars Game","player_choice":"Ignored","floor":4.0,"gold_loss":0.0,"damage_taken":0.0},{"cards_removed":["Strike_B"],"damage_healed":0.0,"max_hp_gain":0.0,"max_hp_loss":0.0,"gold_gain":0.0,"event_name":"Golden Wing","player_choice":"Card Removal","floor":5.0,"gold_loss":0.0,"damage_taken":7.0},{"damage_healed":0.0,"max_hp_gain":5.0,"max_hp_loss":0.0,"gold_gain":0.0,"event_name":"Forgotten Altar","player_choice":"Shed Blood","floor":19.0,"gold_loss":0.0,"damage_taken":19.0},{"damage_healed":0.0,"max_hp_gain":0.0,"max_hp_loss":0.0,"gold_gain":0.0,"event_name":"Addict","player_choice":"Obtained Relic","floor":20.0,"gold_loss":85.0,"damage_taken":0.0,"relics_obtained":["Lantern"]},{"damage_healed":0.0,"max_hp_gain":0.0,"max_hp_loss":0.0,"gold_gain":0.0,"cards_transformed":["Strike_B","Strike_B"],"event_name":"Drug Dealer","player_choice":"Became Test Subject","floor":25.0,"gold_loss":0.0,"damage_taken":0.0,"cards_obtained":["Hologram","Fission"]},{"damage_healed":0.0,"max_hp_gain":0.0,"max_hp_loss":0.0,"gold_gain":0.0,"event_name":"The Mausoleum","player_choice":"Ignored","floor":29.0,"gold_loss":0.0,"damage_taken":0.0},{"damage_healed":0.0,"max_hp_gain":0.0,"max_hp_loss":0.0,"gold_gain":0.0,"event_name":"Mysterious Sphere","player_choice":"Fight","floor":37.0,"gold_loss":0.0,"damage_taken":0.0},{"damage_healed":0.0,"max_hp_gain":0.0,"max_hp_loss":0.0,"gold_gain":0.0,"event_name":"Tomb of Lord Red Mask","player_choice":"Ignored","floor":38.0,"gold_loss":0.0,"damage_taken":0.0},{"damage_healed":0.0,"max_hp_gain":0.0,"max_hp_loss":0.0,"gold_gain":0.0,"event_name":"Duplicator","player_choice":"Copied","floor":46.0,"gold_loss":0.0,"damage_taken":0.0,"cards_obtained":["Defragment"]}],"is_beta":false,"boss_relics":[{"not_picked":["FrozenCore","Orrery"],"picked":"Nuclear Battery"},{"not_picked":["Lizard Tail","Eternal Feather"],"picked":"Coffee Dripper"}],"items_purged_floors":[22,44],"is_endless":false,"potions_floor_spawned":[1,10,14,21,31,33,36,40,41],"ascension_level":10}