{"gold_per_floor":[114,69,84,84,100,132,132,160,160,180,180,65,65,94,94,194,194,194,194,41,41,41,41,41,41,41,41,41,41,41,41,41,41,41,41,41,0,0,0,0,0,0,0,0,0,0,0,0,0,0],"floor_reached":51,"playtime":2426,"items_purged":["Strike_G"],"score":778,"play_id":"a8f2641f-c927-44f9-bd49-0f6dab168c1f","local_time":"20190606221655","is_ascension_mode":true,"campfire_choices":[{"data":"Accuracy","floor":7.0,"key":"SMITH"},{"data":"Cloak And Dagger","floor":11.0,"key":"SMITH"},{"data":"Cloak And Dagger","floor":13.0,"key":"SMITH"},{"data":"Blade Dance","floor":15.0,"key":"SMITH"},{"data":"Cloak And Dagger","floor":23.0,"key":"SMITH"},{"data":"Adrenaline","floor":28.0,"key":"SMITH"},{"floor":32.0,"key":"REST"},{"data":"After Image","floor":40.0,"key":"SMITH"},{"data":"Noxious Fumes","floor":42.0,"key":"SMITH"},{"data":"Calculated Gamble","floor":46.0,"key":"SMITH"},{"floor":49.0,"key":"REST"}],"neow_cost":"NONE","seed_source_timestamp":36381155084095,"circlet_count":0,"master_deck":["Defend_G","Defend_G","Defend_G","Defend_G","Defend_G","Strike_G","Strike_G","Strike_G","Strike_G","Survivor","Dodge and Roll+1","Cloak And Dagger+1","Accuracy+1","Blade Dance+1","Adrenaline+1","Cloak And Dagger+1","Backflip","Terror","Corpse Explosion","Backflip","Caltrops+1","Noxious Fumes+1","Cloak And Dagger+1","PiercingWail","Calculated Gamble+1","After Image+1","Blade Dance+1","Infinite Blades+1","Parasite","Backflip+1"],"special_seed":0,"relics":["Ring of the Snake","NeowsBlessing","Bag of Preparation","Mummified Hand","Centennial Puzzle","Juzu Bracelet","Snake Skull","Ectoplasm","Art of War","Boot","Lizard Tail","Red Mask","Regal Pillow","Ornamental Fan","Du-Vu Doll"],"potions_floor_usage":[50,50,50],"damage_taken":[{"damage":0.0,"enemies":"Cultist","floor":1.0,"turns":1.0},{"damage":0.0,"enemies":"Jaw Worm","floor":3.0,"turns":1.0},{"damage":0.0,"enemies":"Small Slimes","floor":5.0,"turns":1.0},{"damage":24.0,"enemies":"Lagavulin","floor":6.0,"turns":10.0},{"damage":16.0,"enemies":"3 Sentries","floor":8.0,"turns":8.0},{"damage":0.0,"enemies":"Exordium Thugs","floor":10.0,"turns":5.0},{"damage":1.0,"enemies":"Lagavulin","floor":14.0,"turns":6.0},{"damage":15.0,"enemies":"The Guardian","floor":16.0,"turns":11.0},{"damage":0.0,"enemies":"3 Byrds","floor":18.0,"turns":2.0},{"damage":0.0,"enemies":"Chosen","floor":19.0,"turns":3.0},{"damage":8.0,"enemies":"Centurion and Healer","floor":22.0,"turns":2.0},{"damage":24.0,"enemies":"Book of Stabbing","floor":24.0,"turns":4.0},{"damage":6.0,"enemies":"Shelled Parasite and Fungi","floor":25.0,"turns":3.0},{"damage":1.0,"enemies":"Cultist and Chosen","floor":27.0,"turns":4.0},{"damage":0.0,"enemies":"Colosseum Slavers","floor":29.0,"turns":3.0},{"damage":0.0,"enemies":"Centurion and Healer","floor":31.0,"turns":2.0},{"damage":3.0,"enemies":"Collector","floor":33.0,"turns":6.0},{"damage":0.0,"enemies":"Orb Walker","floor":35.0,"turns":4.0},{"damage":3.0,"enemies":"3 Shapes","floor":38.0,"turns":4.0},{"damage":27.0,"enemies":"Maw","floor":39.0,"turns":6.0},{"damage":2.0,"enemies":"Writhing Mass","floor":41.0,"turns":4.0},{"damage":0.0,"enemies":"2 Orb Walkers","floor":45.0,"turns":3.0},{"damage":67,"enemies":"Time Eater","floor":50,"turns":10}],"seed_played":"-2620410480347820908","potions_obtained":[{"floor":1.0,"key":"SpeedPotion"},{"floor":3.0,"key":"Dexterity Potion"},{"floor":14.0,"key":"Poison Potion"},{"floor":16.0,"key":"Fire Potion"},{"floor":24.0,"key":"Explosive Potion"},{"floor":25.0,"key":"GamblersBrew"},{"floor":27.0,"key":"Weak Potion"},{"floor":35.0,"key":"Dexterity Potion"},{"floor":38.0,"key":"Fire Potion"},{"floor":39.0,"key":"AttackPotion"}],"is_trial":false,"path_per_floor":["M","$","M","?","M","E","R","E","T","M","R","?","R","E","R","B",null,"M","M","$","?","M","R","E","M","T","M","R","?","$","M","R","B",null,"M","?","?","M","M","R","M","R","T","T","?","R","$","?","R","B",null],"character_chosen":"THE_SILENT","items_purchased":["Cloak And Dagger","Noxious Fumes"],"campfire_rested":2,"item_purchase_floors":[2,20],"current_hp_per_floor":[70,70,70,70,70,46,46,30,30,30,30,30,30,29,29,14,70,70,70,70,70,62,62,38,32,32,31,31,31,31,31,52,49,70,70,70,70,67,40,40,38,38,38,38,38,38,38,38,70,3],"gold":0,"neow_bonus":"THREE_ENEMY_KILL","is_prod":false,"is_daily":false,"chose_seed":false,"campfire_upgraded":9,"win_rate":1,"timestamp":1559877415,"path_taken":["M","$","?","?","?","E","R","E","T","M","R","?","R","E","R","BOSS","M","M","$","?","M","R","E","M","T","M","R","?","$","M","R","BOSS","M","?","?","M","M","R","M","R","T","?","?","R","$","?","R","BOSS"],"build_version":"2019-01-23","purchased_purges":1,"victory":true,"max_hp_per_floor":[70,70,70,70,70,70,70,70,70,70,70,70,70,70,70,70,70,70,70,70,70,70,70,70,70,70,70,70,70,70,70,70,70,70,70,70,70,70,70,70,70,70,70,70,70,70,70,70,70,70],"card_choices":[{"not_picked":["Heel Hook","Deadly Poison"],"picked":"Dodge and Roll","floor":1.0},{"not_picked":["Blade Dance","Masterful Stab"],"picked":"Accuracy","floor":3.0},{"not_picked":["Dodge and Roll","Prepared"],"picked":"Blade Dance","floor":5.0},{"not_picked":["Dagger Spray","Blur"],"picked":"Adrenaline","floor":6.0},{"not_picked":["Predator","Poisoned Stab"],"picked":"Cloak And Dagger","floor":8.0},{"not_picked":["Skewer","Deflect"],"picked":"Backflip","floor":10.0},{"not_picked":["Bane","Quick Slash"],"picked":"Terror","floor":14.0},{"not_picked":["A Thousand Cuts","Wraith Form v2"],"picked":"Corpse Explosion","floor":16.0},{"not_picked":["Underhanded Strike","Outmaneuver"],"picked":"Backflip","floor":18.0},{"not_picked":["Outmaneuver","Flying Knee+1"],"picked":"Caltrops+1","floor":19.0},{"not_picked":["Bane+1","Prepared"],"picked":"Cloak And Dagger","floor":22.0},{"not_picked":["Dagger Spray","Outmaneuver","Slice"],"picked":"SKIP","floor":24.0},{"not_picked":["Blade Dance","Poisoned Stab+1"],"picked":"PiercingWail","floor":25.0},{"not_picked":["Dagger Throw","Cloak And Dagger"],"picked":"Calculated Gamble","floor":27.0},{"not_picked":["Slice","Acrobatics","Choke+1"],"picked":"SKIP","floor":31.0},{"not_picked":["Unload","Phantasmal Killer"],"picked":"After Image","floor":33.0},{"not_picked":["Dagger Throw+1","Dodge and Roll","Slice"],"picked":"SKIP","floor":35.0},{"not_picked":["Flechettes+1","Reflex+1"],"picked":"Blade Dance+1","floor":38.0},{"not_picked":["PiercingWail+1","Bane+1"],"picked":"Infinite Blades+1","floor":39.0},{"not_picked":["Acrobatics+1","Bane+1"],"picked":"Backflip+1","floor":41.0}],"player_experience":25542,"relics_obtained":[{"floor":6.0,"key":"Bag of Preparation"},{"floor":8.0,"key":"Mummified Hand"},{"floor":9.0,"key":"Centennial Puzzle"},{"floor":14.0,"key":"Snake Skull"},{"floor":24.0,"key":"Art of War"},{"floor":26.0,"key":"Boot"},{"floor":43.0,"key":"Regal Pillow"},{"floor":44.0,"key":"Ornamental Fan"},{"floor":45.0,"key":"Du-Vu Doll"}],"event_choices":[{"damage_healed":0.0,"max_hp_gain":0.0,"max_hp_loss":0.0,"gold_gain":0.0,"event_name":"Wheel of Change","player_choice":"Full Heal","floor":4.0,"gold_loss":0.0,"damage_taken":0.0},{"damage_healed":0.0,"max_hp_gain":0.0,"max_hp_loss":0.0,"gold_gain":0.0,"event_name":"WeMeetAgain","player_choice":"Paid Gold","floor":12.0,"gold_loss":115.0,"damage_taken":0.0,"relics_obtained":["Juzu Bracelet"]},{"damage_healed":0.0,"max_hp_gain":0.0,"max_hp_loss":0.0,"gold_gain":0.0,"event_name":"N\u0027loth","player_choice":"Ignored","floor":21.0,"gold_loss":0.0,"damage_taken":0.0},{"damage_healed":0.0,"max_hp_gain":0.0,"max_hp_loss":0.0,"gold_gain":0.0,"event_name":"Colosseum","player_choice":"Fight","floor":29.0,"gold_loss":0.0,"damage_taken":0.0},{"damage_healed":0.0,"max_hp_gain":0.0,"max_hp_loss":0.0,"gold_gain":0.0,"event_name":"Colosseum","player_choice":"Fled From Nobs","floor":29.0,"gold_loss":0.0,"damage_taken":0.0},{"cards_removed":["Neutralize"],"damage_healed":0.0,"max_hp_gain":0.0,"max_hp_loss":0.0,"gold_gain":0.0,"event_name":"Falling","player_choice":"Removed Attack","floor":36.0,"gold_loss":0.0,"damage_taken":0.0},{"damage_healed":0.0,"max_hp_gain":0.0,"max_hp_loss":0.0,"gold_gain":0.0,"event_name":"Tomb of Lord Red Mask","player_choice":"Paid","floor":37.0,"gold_loss":41.0,"damage_taken":0.0,"relics_obtained":["Red Mask"]},{"damage_healed":0.0,"max_hp_gain":0.0,"max_hp_loss":0.0,"gold_gain":0.0,"event_name":"Mysterious Sphere","player_choice":"Fight","floor":45.0,"gold_loss":0.0,"damage_taken":0.0},{"damage_healed":0.0,"max_hp_gain":0.0,"max_hp_loss":0.0,"gold_gain":0.0,"event_name":"Upgrade Shrine","player_choice":"Upgraded","floor":48.0,"gold_loss":0.0,"damage_taken":0.0,"cards_upgraded":["Dodge and Roll"]}],"is_beta":false,"boss_relics":[{"not_picked":["HoveringKite","Velvet Choker"],"picked":"Ectoplasm"},{"not_picked":["Orrery","Runic Pyramid"],"picked":"Lizard Tail"}],"items_purged_floors":[20],"is_endless":false,"potions_floor_spawned":[1,3,14,16,24,25,27,29,35,38,39],"ascension_level":3}