{"gold_per_floor":[115,135,154,165,90,90,116,133,133,133,58,58,58,119,119,119],"floor_reached":16,"playtime":401,"items_purged":["Strike_R"],"score":195,"play_id":"568d6972-1174-4a9c-85a8-bf612202fa63","local_time":"20190526135706","is_ascension_mode":true,"campfire_choices":[{"data":"Whirlwind","floor":6,"key":"SMITH"},{"floor":10,"key":"REST"},{"data":"Shockwave","floor":12,"key":"SMITH"},{"data":"Defend_R","floor":15,"key":"SMITH"}],"neow_cost":"NONE","seed_source_timestamp":81591986890516,"circlet_count":0,"master_deck":["AscendersBane","Strike_R","Strike_R","Strike_R","Strike_R","Defend_R","Defend_R+1","Defend_R","Bash+1","Whirlwind+1","Shockwave+1"],"relics":["Burning Blood","NeowsBlessing","Nunchaku","Mango","Peace Pipe"],"potions_floor_usage":[7,16,16],"damage_taken":[{"damage":0,"enemies":"Cultist","floor":1,"turns":1},{"damage":0,"enemies":"Small Slimes","floor":2,"turns":2},{"damage":0,"enemies":"Jaw Worm","floor":3,"turns":1},{"damage":7,"enemies":"Looter","floor":4,"turns":4},{"damage":40,"enemies":"Lagavulin","floor":7,"turns":6},{"damage":33,"enemies":"Large Slime","floor":8,"turns":6},{"damage":35,"enemies":"3 Sentries","floor":14,"turns":5},{"damage":58,"enemies":"The Guardian","floor":16,"turns":10}],"seed_played":"-7513057311145690157","potions_obtained":[{"floor":2,"key":"SkillPotion"},{"floor":7,"key":"Strength Potion"},{"floor":14,"key":"Energy Potion"}],"is_trial":false,"path_per_floor":["M","M","M","M","$","R","E","M","T","R","?","R","?","?","R","B"],"character_chosen":"IRONCLAD","items_purchased":[],"campfire_rested":1,"item_purchase_floors":[],"current_hp_per_floor":[74,75,75,74,74,74,40,13,27,53,53,53,53,24,24,0],"gold":119,"neow_bonus":"THREE_ENEMY_KILL","is_prod":false,"is_daily":false,"chose_seed":false,"campfire_upgraded":3,"win_rate":0,"timestamp":1558900626,"path_taken":["M","?","M","M","$","R","E","M","T","R","?","R","?","?","R","BOSS"],"build_version":"2019-01-23","purchased_purges":1,"victory":false,"max_hp_per_floor":[75,75,75,75,75,75,75,75,89,89,89,89,89,89,89,89],"card_choices":[{"not_picked":["Iron Wave","Armaments"],"picked":"Whirlwind","floor":1},{"not_picked":["Anger","Burning Pact","Bloodletting"],"picked":"SKIP","floor":2},{"not_picked":["Anger","Wild Strike","Armaments"],"picked":"SKIP","floor":3},{"not_picked":["Wild Strike","Warcry","Searing Blow"],"picked":"SKIP","floor":4},{"not_picked":["Rupture","Pommel Strike"],"picked":"Shockwave","floor":7},{"not_picked":["Rupture","Sentinel","Juggernaut"],"picked":"SKIP","floor":8}],"player_experience":616281,"relics_obtained":[{"floor":7,"key":"Nunchaku"},{"floor":9,"key":"Mango"}],"event_choices":[{"cards_removed":["Defend_R"],"damage_healed":0,"gold_gain":0,"player_choice":"Card Removal","damage_taken":0,"max_hp_gain":0,"max_hp_loss":0,"event_name":"The Cleric","floor":11,"gold_loss":75},{"damage_healed":0,"gold_gain":0,"player_choice":"Grow","damage_taken":0,"max_hp_gain":0,"max_hp_loss":0,"event_name":"Living Wall","floor":13,"gold_loss":0,"cards_upgraded":["Bash"]},{"damage_healed":0,"gold_gain":0,"player_choice":"Searched \u00272\u0027 times","damage_taken":0,"relics_obtained":["Peace Pipe"],"max_hp_gain":0,"max_hp_loss":0,"event_name":"Dead Adventurer","floor":14,"gold_loss":0}],"is_beta":false,"boss_relics":[],"items_purged_floors":[5],"is_endless":false,"potions_floor_spawned":[2,7,14],"killed_by":"The Guardian","ascension_level":19}