{"gold_per_floor":[118,118,131,281,281,281,310,310,365,12,12,82,92,118,118,195,195,210,31,50,70,0,35,35,35],"floor_reached":25,"playtime":2020,"items_purged":["Doubt","Strike_B"],"score":513,"play_id":"a250889e-809a-43a4-9f24-47789eb9b1c6","local_time":"20190520233857","is_ascension_mode":true,"campfire_choices":[{"data":"Zap","floor":6.0,"key":"SMITH"},{"data":"Fission","floor":11.0,"key":"SMITH"},{"data":"Consume","floor":15.0,"key":"SMITH"},{"data":"Steam","floor":24,"key":"SMITH"}],"neow_cost":"NONE","seed_source_timestamp":107134980826100,"circlet_count":0,"master_deck":["AscendersBane","Strike_B","Strike_B","Defend_B","Defend_B","Defend_B","Defend_B","Zap+1","Dualcast","Steam+1","Lockon","Darkness","Coolheaded","Loop","Fission+1","Redo","Sweeping Beam","Consume+1","Sunder","Multi-Cast","Capacitor","Cold Snap","White Noise","Seek","Hologram"],"special_seed":0,"relics":["Cracked Core","NeowsBlessing","SsserpentHead","Mango","Strawberry","Membership Card","Boot","Coffee Dripper","Mummified Hand","DataDisk"],"potions_floor_usage":[25],"damage_taken":[{"damage":0.0,"enemies":"Jaw Worm","floor":1.0,"turns":1.0},{"damage":0.0,"enemies":"Cultist","floor":3.0,"turns":1.0},{"damage":0.0,"enemies":"Gremlin Nob","floor":7.0,"turns":1.0},{"damage":3.0,"enemies":"2 Louse","floor":12.0,"turns":2.0},{"damage":0.0,"enemies":"Lots of Slimes","floor":13.0,"turns":4.0},{"damage":25.0,"enemies":"3 Sentries","floor":14.0,"turns":4.0},{"damage":16.0,"enemies":"The Guardian","floor":16.0,"turns":8.0},{"damage":10.0,"enemies":"Chosen","floor":18.0,"turns":5.0},{"damage":11.0,"enemies":"Shell Parasite","floor":20.0,"turns":8.0},{"damage":11,"enemies":"3 Cultists","floor":21,"turns":4},{"damage":37,"enemies":"Gremlin Leader","floor":23,"turns":5},{"damage":14,"enemies":"Book of Stabbing","floor":25,"turns":3}],"seed_played":"1755064295755967453","potions_obtained":[{"floor":3.0,"key":"Block Potion"},{"floor":12.0,"key":"Dexterity Potion"},{"floor":16.0,"key":"SpeedPotion"}],"is_trial":false,"path_per_floor":["M","?","M","?","?","R","E","$","T","$","R","M","M","E","R","B",null,"M","$","M","M","$","E","R","E"],"character_chosen":"DEFECT","items_purchased":["Membership Card","Loop","Fission","Redo","Mummified Hand","Seek"],"campfire_rested":0,"item_purchase_floors":[10,10,10,10,19,22],"current_hp_per_floor":[64,64,64,64,64,64,78,78,85,85,85,82,82,57,57,41,79,69,69,58,47,47,10,10,0],"gold":35,"neow_bonus":"THREE_ENEMY_KILL","is_prod":false,"is_daily":false,"chose_seed":false,"campfire_upgraded":4,"win_rate":0,"timestamp":1558417137,"path_taken":["M","?","?","?","?","R","E","$","T","$","R","?","M","E","R","BOSS","M","$","M","M","$","E","R","E"],"build_version":"2019-01-23","purchased_purges":2,"victory":false,"max_hp_per_floor":[71,71,71,71,71,71,85,85,92,92,92,92,92,92,92,92,92,92,92,92,92,92,92,92,92],"card_choices":[{"not_picked":["Coolheaded","Fusion"],"picked":"Steam","floor":1.0},{"not_picked":["Blizzard","Compile Driver"],"picked":"Darkness","floor":3.0},{"not_picked":["Darkness","Leap"],"picked":"Coolheaded","floor":7.0},{"not_picked":["Go for the Eyes","Stack"],"picked":"Sweeping Beam","floor":12.0},{"not_picked":["BootSequence","Go for the Eyes"],"picked":"Consume","floor":13.0},{"not_picked":["Chill","Heatsinks"],"picked":"Sunder","floor":14.0},{"not_picked":["Reboot","Hyperbeam"],"picked":"Multi-Cast","floor":16.0},{"not_picked":["Stack","Rebound"],"picked":"Capacitor","floor":18.0},{"not_picked":["Fusion","Skim"],"picked":"Cold Snap","floor":20.0},{"not_picked":["Streamline","Sunder"],"picked":"White Noise","floor":21},{"not_picked":["Redo","Rainbow"],"picked":"Hologram","floor":23}],"player_experience":751329,"relics_obtained":[{"floor":7.0,"key":"Mango"},{"floor":9.0,"key":"Strawberry"},{"floor":14.0,"key":"Boot"},{"floor":23,"key":"DataDisk"}],"event_choices":[{"damage_healed":0.0,"max_hp_gain":0.0,"max_hp_loss":0.0,"gold_gain":0.0,"cards_transformed":["Strike_B"],"event_name":"Transmorgrifier","player_choice":"Transformed","floor":2.0,"gold_loss":0.0,"damage_taken":0.0,"cards_obtained":["Lockon"]},{"damage_healed":0.0,"max_hp_gain":0.0,"max_hp_loss":0.0,"gold_gain":150.0,"event_name":"Liars Game","player_choice":"AGREE","floor":4.0,"gold_loss":0.0,"damage_taken":0.0,"cards_obtained":["Doubt"]},{"damage_healed":0.0,"max_hp_gain":0.0,"max_hp_loss":0.0,"gold_gain":0.0,"event_name":"FaceTrader","player_choice":"Trade","floor":5.0,"gold_loss":0.0,"damage_taken":0.0,"relics_obtained":["SsserpentHead"]}],"is_beta":false,"boss_relics":[{"not_picked":["Pandora\u0027s Box","Empty Cage"],"picked":"Coffee Dripper"}],"items_purged_floors":[10,19],"is_endless":false,"potions_floor_spawned":[3,12,16,18,21],"killed_by":"Book of Stabbing","ascension_level":15}