{"gold_per_floor":[212,230,230,244,256,288,288,322,322,322,356,356,13,29,29,128,128,145,145,145,145,160,185,201,201,201,211,136,136],"floor_reached":29,"playtime":947,"items_purged":["Strike_R+1"],"score":289,"play_id":"476ff9cb-ca90-4947-9915-8d3c34753603","local_time":"20180628164021","is_ascension_mode":true,"campfire_choices":[{"data":"Flex","floor":7,"key":"SMITH"},{"data":"Searing Blow","floor":10,"key":"SMITH"},{"data":"Searing Blow+1","floor":15,"key":"SMITH"},{"data":"Whirlwind","floor":25,"key":"SMITH"}],"neow_cost":"NONE","seed_source_timestamp":20682231769951,"circlet_count":0,"master_deck":["Strike_R+1","Strike_R+1","Strike_R+1","Strike_R+1","Defend_R+1","Defend_R+1","Defend_R+1","Defend_R+1","Bash","Twin Strike+1","Flex+1","Searing Blow+2","Pommel Strike","Inflame+1","Inflame+1","Reaper","Heavy Blade+1","Whirlwind+1","Shrug It Off+1"],"relics":["Burning Blood","Frozen Egg 2","Darkstone Periapt","Centennial Puzzle","Gremlin Horn","Mummified Hand","Runic Pyramid","Paper Frog","Bronze Scales","Ice Cream"],"potions_floor_usage":[23],"damage_taken":[{"damage":4,"enemies":"Jaw Worm","floor":1,"turns":4},{"damage":6,"enemies":"Cultist","floor":2,"turns":4},{"damage":4,"enemies":"Small Slimes","floor":4,"turns":3},{"damage":6,"enemies":"Blue Slaver","floor":5,"turns":3},{"damage":36,"enemies":"Lagavulin","floor":6,"turns":5},{"damage":25,"enemies":"3 Sentries","floor":8,"turns":8},{"damage":6,"enemies":"Gremlin Nob","floor":11,"turns":3},{"damage":12,"enemies":"Large Slime","floor":14,"turns":3},{"damage":39,"enemies":"The Guardian","floor":16,"turns":9},{"damage":28,"enemies":"Shell Parasite","floor":18,"turns":4},{"damage":6,"enemies":"3 Byrds","floor":22,"turns":4},{"damage":17,"enemies":"Book of Stabbing","floor":23,"turns":3},{"damage":24,"enemies":"Snake Plant","floor":24,"turns":2},{"damage":18,"enemies":"3 Cultists","floor":27,"turns":3},{"damage":43,"enemies":"Slavers","floor":29,"turns":3}],"seed_played":"4579459799615276821","potions_obtained":[{"floor":2,"key":"FairyPotion"},{"floor":8,"key":"SpeedPotion"},{"floor":14,"key":"SteroidPotion"},{"floor":18,"key":"Energy Potion"}],"is_trial":false,"path_per_floor":["M","M","?","M","M","E","R","E","T","R","E","?","$","M","R","B",null,"M","?","?","T","M","E","M","R","T","M","$"],"character_chosen":"IRONCLAD","items_purchased":["Inflame+1","Mummified Hand"],"campfire_rested":0,"item_purchase_floors":[13,13],"current_hp_per_floor":[80,80,80,80,80,50,50,31,31,31,31,57,57,51,51,18,80,61,45,45,45,50,43,25,25,25,25,25,0],"gold":136,"neow_bonus":"HUNDRED_GOLD","is_prod":false,"is_daily":false,"chose_seed":false,"campfire_upgraded":4,"win_rate":0,"timestamp":1530168021,"path_taken":["M","M","?","?","M","E","R","E","T","R","E","?","$","M","R","BOSS","M","?","?","?","M","E","M","R","T","M","$","E"],"build_version":"2018-06-26","purchased_purges":1,"victory":false,"max_hp_per_floor":[80,80,80,80,80,80,80,80,80,80,80,80,80,80,80,80,80,80,80,80,80,80,80,80,80,80,80,80,80],"card_choices":[{"not_picked":["Thunderclap","Pommel Strike"],"picked":"Twin Strike","floor":1},{"not_picked":["Wild Strike","Combust"],"picked":"Flex","floor":2},{"not_picked":["Immolate","Perfected Strike","Combust"],"picked":"SKIP","floor":4},{"not_picked":["Sentinel","Rupture"],"picked":"Searing Blow","floor":5},{"not_picked":["Clothesline","Sword Boomerang"],"picked":"Pommel Strike","floor":6},{"not_picked":["Wild Strike","Thunderclap","Uppercut"],"picked":"SKIP","floor":8},{"not_picked":["Clothesline","Havoc","Clash"],"picked":"SKIP","floor":11},{"not_picked":["Double Tap","Twin Strike"],"picked":"Inflame+1","floor":14},{"not_picked":["Bludgeon","Double Tap"],"picked":"Reaper","floor":16},{"not_picked":["True Grit","Twin Strike"],"picked":"Heavy Blade+1","floor":18},{"not_picked":["Heavy Blade","Twin Strike","Pommel Strike"],"picked":"SKIP","floor":22},{"not_picked":["Impervious","Pommel Strike"],"picked":"Whirlwind","floor":23},{"not_picked":["Clothesline","Searing Blow+1","Body Slam"],"picked":"SKIP","floor":24},{"not_picked":["Fire Breathing+1","Pummel"],"picked":"Shrug It Off+1","floor":27}],"player_experience":68099,"relics_obtained":[{"floor":6,"key":"Frozen Egg 2"},{"floor":8,"key":"Darkstone Periapt"},{"floor":9,"key":"Centennial Puzzle"},{"floor":11,"key":"Gremlin Horn"},{"floor":21,"key":"Paper Frog"},{"floor":23,"key":"Bronze Scales"},{"floor":26,"key":"Ice Cream"}],"event_choices":[{"event_name":"Upgrade Shrine","player_choice":"Upgraded","floor":3,"damage_taken":0},{"event_name":"Big Fish","player_choice":"Banana","floor":12,"damage_taken":0},{"event_name":"Cursed Tome","player_choice":"Obtained Book","floor":19,"damage_taken":0},{"event_name":"Back to Basics","player_choice":"Simplicity","floor":20,"damage_taken":0}],"boss_relics":[{"not_picked":["White Beast Statue","Lizard Tail"],"picked":"Runic Pyramid"}],"items_purged_floors":[28],"is_endless":false,"potions_floor_spawned":[2,8,14,18],"killed_by":"Slavers","ascension_level":2}