{"gold_per_floor":[111,111,122,139,214,246,246,281,319,331,443,465,488,514,526,538],"floor_reached":16,"playtime":332,"items_purged":[],"score":218,"play_id":"1b915c4a-75c6-4390-9386-9a15e4e711bb","local_time":"20190527114744","is_ascension_mode":true,"campfire_choices":[{"data":"Carnage","floor":7.0,"key":"SMITH"},{"data":"Shockwave","floor":10.0,"key":"SMITH"},{"data":"Cleave","floor":15.0,"key":"SMITH"}],"neow_cost":"NONE","seed_source_timestamp":160158234591137,"circlet_count":0,"master_deck":["AscendersBane","Strike_R","Strike_R","Strike_R","Strike_R","Strike_R","Defend_R","Defend_R","Defend_R","Defend_R","Bash","Carnage+1","Cleave+1","Shockwave+1","Disarm"],"special_seed":0,"relics":["Burning Blood","NeowsBlessing","Vajra","MawBank","Omamori"],"potions_floor_usage":[16,16],"damage_taken":[{"damage":0.0,"enemies":"2 Louse","floor":1.0,"turns":1.0},{"damage":0.0,"enemies":"Small Slimes","floor":3.0,"turns":1.0},{"damage":0.0,"enemies":"Cultist","floor":4.0,"turns":1.0},{"damage":25.0,"enemies":"3 Sentries","floor":6.0,"turns":7.0},{"damage":8.0,"enemies":"Gremlin Nob","floor":8.0,"turns":3.0},{"damage":7.0,"enemies":"Looter","floor":12.0,"turns":3.0},{"damage":9.0,"enemies":"Red Slaver","floor":13.0,"turns":2.0},{"damage":12.0,"enemies":"Large Slime","floor":14.0,"turns":5.0},{"damage":39,"enemies":"Slime Boss","floor":16,"turns":5}],"seed_played":"7729241020173795827","potions_obtained":[{"floor":1.0,"key":"Fire Potion"},{"floor":6.0,"key":"Dexterity Potion"}],"is_trial":false,"path_per_floor":["M","?","M","M","?","E","R","E","T","R","?","M","M","M","R","B"],"character_chosen":"IRONCLAD","items_purchased":[],"campfire_rested":0,"item_purchase_floors":[],"current_hp_per_floor":[74,79,80,80,69,50,50,48,48,48,48,47,44,38,38,0],"gold":538,"neow_bonus":"THREE_ENEMY_KILL","is_prod":false,"is_daily":false,"chose_seed":false,"campfire_upgraded":3,"win_rate":0,"timestamp":1558979264,"path_taken":["M","?","M","M","?","E","R","E","T","R","?","M","M","?","R","BOSS"],"build_version":"2019-01-23","purchased_purges":0,"victory":false,"max_hp_per_floor":[75,80,80,80,80,80,80,80,80,80,80,80,80,80,80,80],"card_choices":[{"not_picked":["Sword Boomerang","True Grit"],"picked":"Carnage","floor":1.0},{"not_picked":["Anger","Perfected Strike"],"picked":"Cleave","floor":3.0},{"not_picked":["Fire Breathing","Power Through","Body Slam"],"picked":"SKIP","floor":4.0},{"not_picked":["Havoc","Dropkick","True Grit"],"picked":"SKIP","floor":6.0},{"not_picked":["Carnage","Thunderclap"],"picked":"Shockwave","floor":8.0},{"not_picked":["Cleave","Evolve"],"picked":"Disarm","floor":12.0},{"not_picked":["Rampage","Power Through","Whirlwind"],"picked":"SKIP","floor":13.0},{"not_picked":["Clash","Dual Wield","Heavy Blade"],"picked":"SKIP","floor":14.0}],"player_experience":638887,"relics_obtained":[{"floor":6.0,"key":"Vajra"},{"floor":8.0,"key":"MawBank"},{"floor":9.0,"key":"Omamori"}],"event_choices":[{"damage_healed":0.0,"max_hp_gain":5.0,"max_hp_loss":0.0,"gold_gain":0.0,"event_name":"Big Fish","player_choice":"Donut","floor":2.0,"gold_loss":0.0,"damage_taken":0.0},{"damage_healed":0.0,"max_hp_gain":0.0,"max_hp_loss":0.0,"gold_gain":75.0,"event_name":"World of Goop","player_choice":"Gather Gold","floor":5.0,"gold_loss":0.0,"damage_taken":11.0},{"damage_healed":0.0,"max_hp_gain":0.0,"max_hp_loss":0.0,"gold_gain":100.0,"event_name":"Wheel of Change","player_choice":"Gold","floor":11.0,"gold_loss":0.0,"damage_taken":0.0}],"is_beta":false,"boss_relics":[],"items_purged_floors":[],"is_endless":false,"potions_floor_spawned":[1,6,13],"killed_by":"Slime Boss","ascension_level":19}