{"gold_per_floor":[19,32,32,32,32,32,66,66,66,66,66,97,97,113,113,113],"floor_reached":16,"playtime":500,"items_purged":[],"score":207,"play_id":"14944278-4f7d-40cd-86c5-8f01128053c9","local_time":"20190526140635","is_ascension_mode":true,"campfire_choices":[{"data":"Shockwave","floor":6.0,"key":"SMITH"},{"data":"Bash","floor":8.0,"key":"SMITH"},{"data":"Defend_R","floor":10.0,"key":"SMITH"},{"floor":13.0,"key":"REST"},{"data":"Defend_R","floor":15.0,"key":"SMITH"}],"neow_cost":"NO_GOLD","seed_source_timestamp":82000025773810,"circlet_count":0,"master_deck":["AscendersBane","Strike_R","Strike_R","Strike_R","Strike_R","Strike_R","Defend_R+1","Defend_R","Defend_R","Defend_R+1","Bash+1","Shockwave+1","Impervious"],"special_seed":0,"relics":["Burning Blood","FossilizedHelix","Vajra","Boot","Shuriken","FaceOfCleric","Bag of Preparation"],"potions_floor_usage":[16,16],"damage_taken":[{"damage":2.0,"enemies":"Small Slimes","floor":1.0,"turns":5.0},{"damage":6.0,"enemies":"2 Louse","floor":2.0,"turns":3.0},{"damage":27.0,"enemies":"Lagavulin","floor":7.0,"turns":7.0},{"damage":24.0,"enemies":"Gremlin Nob","floor":12.0,"turns":4.0},{"damage":0.0,"enemies":"Cultist","floor":14.0,"turns":2.0},{"damage":54,"enemies":"The Guardian","floor":16,"turns":20}],"seed_played":"5254856980104243635","potions_obtained":[{"floor":7.0,"key":"Swift Potion"},{"floor":12.0,"key":"GamblersBrew"}],"is_trial":false,"path_per_floor":["M","M","?","?","?","R","E","R","T","R","?","E","R","M","R","B"],"character_chosen":"IRONCLAD","items_purchased":[],"campfire_rested":1,"item_purchase_floors":[],"current_hp_per_floor":[72,72,54,54,54,54,33,33,33,33,33,16,38,45,45,0],"gold":113,"neow_bonus":"ONE_RARE_RELIC","is_prod":false,"is_daily":false,"chose_seed":false,"campfire_upgraded":4,"win_rate":0,"timestamp":1558901195,"path_taken":["M","M","?","?","?","R","E","R","T","R","?","E","R","M","R","BOSS"],"build_version":"2019-01-23","purchased_purges":0,"victory":false,"max_hp_per_floor":[75,75,75,75,75,75,75,75,75,75,75,76,76,77,77,77],"card_choices":[{"not_picked":["Armaments","Clothesline"],"picked":"Shockwave","floor":1.0},{"not_picked":["Thunderclap","Blood for Blood","Reckless Charge"],"picked":"SKIP","floor":2.0},{"not_picked":["Clothesline","Reckless Charge","Armaments"],"picked":"SKIP","floor":7.0},{"not_picked":["Reckless Charge","Dropkick","Perfected Strike"],"picked":"SKIP","floor":12.0},{"not_picked":["Ghostly Armor","Flex"],"picked":"Impervious","floor":14.0}],"player_experience":616682,"relics_obtained":[{"floor":7.0,"key":"Boot"},{"floor":9.0,"key":"Shuriken"},{"floor":12.0,"key":"Bag of Preparation"}],"event_choices":[{"damage_healed":0.0,"max_hp_gain":0.0,"max_hp_loss":0.0,"gold_gain":0.0,"event_name":"Scrap Ooze","player_choice":"Success","floor":3.0,"gold_loss":0.0,"damage_taken":18.0,"relics_obtained":["Vajra"]},{"damage_healed":0.0,"max_hp_gain":0.0,"max_hp_loss":0.0,"gold_gain":0.0,"event_name":"The Cleric","player_choice":"Leave","floor":4.0,"gold_loss":0.0,"damage_taken":0.0},{"damage_healed":0.0,"max_hp_gain":0.0,"max_hp_loss":0.0,"gold_gain":0.0,"event_name":"Liars Game","player_choice":"Ignored","floor":5.0,"gold_loss":0.0,"damage_taken":0.0},{"damage_healed":0.0,"max_hp_gain":0.0,"max_hp_loss":0.0,"gold_gain":0.0,"event_name":"FaceTrader","player_choice":"Trade","floor":11.0,"gold_loss":0.0,"damage_taken":0.0,"relics_obtained":["FaceOfCleric"]}],"is_beta":false,"boss_relics":[],"items_purged_floors":[],"is_endless":false,"potions_floor_spawned":[7,12,14],"killed_by":"The Guardian","ascension_level":19}