{"gold_per_floor":[117,35,35,53,128,128,53,53,53,87,105,116,64,79,79,179,229,245,245,7,18,18,18,18,34,110,141,161,181,200,218,218,323,323,340,340,440,440,455,488,488,135,135,10,10,25,41,0,0,0],"floor_reached":51,"playtime":2495,"items_purged":["Strike_R","Writhe","Strike_R"],"score":1117,"play_id":"f520195c-f792-4ee7-ac2a-d6cd97330883","local_time":"20180826155823","is_ascension_mode":true,"campfire_choices":[{"data":"Limit Break","floor":6.0,"key":"SMITH"},{"data":"Bash","floor":8.0,"key":"SMITH"},{"data":"Battle Trance","floor":15.0,"key":"SMITH"},{"data":"Warcry","floor":23.0,"key":"SMITH"},{"data":"Heavy Blade","floor":32.0,"key":"SMITH"},{"floor":41.0,"key":"REST"},{"data":"True Grit","floor":45.0,"key":"SMITH"},{"data":"Disarm","floor":49,"key":"SMITH"}],"neow_cost":"NONE","seed_source_timestamp":0,"circlet_count":0,"master_deck":["Strike_R","Strike_R","Strike_R","Defend_R","Defend_R+1","Defend_R","Defend_R","Bash+1","AscendersBane","Inflame+1","Anger","Battle Trance+1","Limit Break+1","Shrug It Off","Cleave","Reaper","Shrug It Off","Master of Strategy","Clothesline","Warcry+1","Heavy Blade+1","Heavy Blade+1","True Grit+1","Shockwave+1","Shrug It Off+1","Purity","Disarm+1"],"special_seed":0,"relics":["Burning Blood","Bottled Tornado","Regal Pillow","Tiny House","MutagenicStrength","Frozen Egg 2","Happy Flower","Sozu","Incense Burner","Bag of Preparation","Pen Nib","Matryoshka","Red Mask"],"potions_floor_usage":[],"damage_taken":[{"damage":0.0,"enemies":"2 Louse","floor":1.0,"turns":3.0},{"damage":1.0,"enemies":"Cultist","floor":4.0,"turns":3.0},{"damage":20.0,"enemies":"3 Sentries","floor":10.0,"turns":7.0},{"damage":0.0,"enemies":"Small Slimes","floor":11.0,"turns":3.0},{"damage":6.0,"enemies":"2 Fungi Beasts","floor":12.0,"turns":4.0},{"damage":1.0,"enemies":"3 Louse","floor":14.0,"turns":2.0},{"damage":18.0,"enemies":"Slime Boss","floor":16.0,"turns":6.0},{"damage":47.0,"enemies":"3 Byrds","floor":18.0,"turns":4.0},{"damage":8.0,"enemies":"Chosen","floor":21.0,"turns":5.0},{"damage":10.0,"enemies":"Snecko","floor":25.0,"turns":3.0},{"damage":39.0,"enemies":"Gremlin Leader","floor":27.0,"turns":6.0},{"damage":12.0,"enemies":"Chosen and Byrds","floor":28.0,"turns":4.0},{"damage":13.0,"enemies":"Centurion and Healer","floor":29.0,"turns":6.0},{"damage":4.0,"enemies":"Cultist and Chosen","floor":30.0,"turns":4.0},{"damage":0.0,"enemies":"Sentry and Sphere","floor":31.0,"turns":2.0},{"damage":81.0,"enemies":"Collector","floor":33.0,"turns":8.0},{"damage":6.0,"enemies":"3 Shapes","floor":35.0,"turns":5.0},{"damage":26.0,"enemies":"Mind Bloom Boss Battle","floor":36.0,"turns":4.0},{"damage":32.0,"enemies":"3 Darklings","floor":39.0,"turns":5.0},{"damage":36.0,"enemies":"2 Orb Walkers","floor":40.0,"turns":7.0},{"damage":7.0,"enemies":"Spire Growth","floor":46.0,"turns":4.0},{"damage":1,"enemies":"Maw","floor":47,"turns":4},{"damage":56,"enemies":"Time Eater","floor":50,"turns":10}],"seed_played":"-4087561686026046844","potions_obtained":[{"floor":4.0,"key":"AttackPotion"},{"floor":12.0,"key":"LiquidBronze"},{"floor":17.0,"key":"Poison Potion"},{"floor":18.0,"key":"Swift Potion"},{"floor":25.0,"key":"GamblersBrew"},{"floor":27.0,"key":"AttackPotion"},{"floor":31.0,"key":"AttackPotion"},{"floor":33.0,"key":"EssenceOfSteel"}],"is_trial":false,"path_per_floor":["M","$","?","M","?","R","$","R","T","E","M","M","$","M","R","B",null,"M","?","$","M","?","R","$","M","T","E","M","M","M","M","R","B",null,"M","?","?","?","M","E","R","$","T","$","R","M","M","?","R","B"],"character_chosen":"IRONCLAD","items_purchased":["Battle Trance","Fire Potion","Master of Strategy","Clothesline","Pen Nib","Purity"],"campfire_rested":1,"item_purchase_floors":[2,13,20,20,42,42],"current_hp_per_floor":[78,78,78,80,69,69,69,69,69,55,61,61,61,66,66,54,79,43,43,43,54,54,54,54,69,69,56,65,75,77,83,83,20,69,83,76,76,85,61,51,85,85,85,85,85,84,85,85,85,38],"gold":0,"neow_bonus":"THREE_CARDS","is_prod":false,"is_daily":false,"chose_seed":false,"campfire_upgraded":7,"win_rate":0,"timestamp":1535313503,"path_taken":["M","$","?","M","?","R","$","R","T","E","M","?","?","?","R","BOSS","M","?","$","?","?","R","$","M","T","E","M","?","?","M","R","BOSS","M","?","?","?","?","E","R","$","T","?","R","M","M","?","R","BOSS"],"build_version":"2018-08-23v2","purchased_purges":3,"victory":true,"max_hp_per_floor":[80,80,80,80,80,80,80,80,80,80,80,80,80,80,80,80,85,85,85,85,85,85,85,85,85,85,85,85,85,85,85,85,85,85,85,85,85,85,85,85,85,85,85,85,85,85,85,85,85,85],"card_choices":[{"not_picked":["Flex","True Grit"],"picked":"Inflame","floor":0.0},{"not_picked":["Headbutt","Wild Strike"],"picked":"Anger","floor":1.0},{"not_picked":["Heavy Blade","Armaments"],"picked":"Limit Break","floor":4.0},{"not_picked":["Fire Breathing","Clash","Thunderclap"],"picked":"SKIP","floor":10.0},{"not_picked":["Thunderclap","Carnage"],"picked":"Shrug It Off","floor":11.0},{"not_picked":["Pommel Strike","Anger"],"picked":"Cleave","floor":12.0},{"not_picked":["Carnage","Havoc","Thunderclap"],"picked":"SKIP","floor":14.0},{"not_picked":["Brutality","Exhume"],"picked":"Reaper","floor":16.0},{"not_picked":["Dual Wield","Evolve"],"picked":"Shrug It Off","floor":18.0},{"not_picked":["Blood for Blood","Bloodletting"],"picked":"Warcry","floor":21.0},{"not_picked":["Cleave","Evolve","Flex"],"picked":"SKIP","floor":25.0},{"not_picked":["Dropkick","Reckless Charge"],"picked":"Heavy Blade+1","floor":27.0},{"not_picked":["Pommel Strike+1","Armaments+1","Juggernaut+1"],"picked":"SKIP","floor":28.0},{"not_picked":["Reckless Charge","Wild Strike","Warcry"],"picked":"SKIP","floor":29.0},{"not_picked":["Anger","Thunderclap"],"picked":"Heavy Blade","floor":30.0},{"not_picked":["Clothesline","Fire Breathing+1"],"picked":"True Grit","floor":31.0},{"not_picked":["Spot Weakness+1","Clash","Anger"],"picked":"SKIP","floor":35.0},{"not_picked":["Clothesline+1","Heavy Blade+1"],"picked":"Shockwave+1","floor":36.0},{"not_picked":["Body Slam+1","True Grit"],"picked":"Shrug It Off+1","floor":39.0},{"not_picked":["Blood for Blood+1","Infernal Blade+1","Iron Wave"],"picked":"SKIP","floor":40.0},{"not_picked":["Pommel Strike+1","Iron Wave","Armaments+1"],"picked":"SKIP","floor":46.0},{"not_picked":["Perfected Strike","Seeing Red"],"picked":"Disarm","floor":47}],"player_experience":118418,"relics_obtained":[{"floor":9.0,"key":"Bottled Tornado"},{"floor":10.0,"key":"Regal Pillow"},{"floor":26.0,"key":"Frozen Egg 2"},{"floor":27.0,"key":"Happy Flower"},{"floor":36.0,"key":"Incense Burner"},{"floor":40.0,"key":"Bag of Preparation"},{"floor":43.0,"key":"Matryoshka"}],"event_choices":[{"event_name":"Living Wall","player_choice":"Grow","floor":3.0,"damage_taken":0.0},{"event_name":"World of Goop","player_choice":"Gather Gold","floor":5.0,"damage_taken":0.0},{"event_name":"Drug Dealer","player_choice":"Inject Mutagens","floor":19.0,"damage_taken":0.0},{"event_name":"Beggar","player_choice":"Ignored","floor":22.0,"damage_taken":0.0},{"event_name":"MindBloom","player_choice":"Fight","floor":36.0,"damage_taken":0.0},{"event_name":"Golden Shrine","player_choice":"Pray","floor":37.0,"damage_taken":0.0},{"event_name":"Winding Halls","player_choice":"Writhe","floor":38.0,"damage_taken":0.0},{"event_name":"Tomb of Lord Red Mask","player_choice":"Paid","floor":48,"damage_taken":0}],"is_beta":false,"boss_relics":[{"not_picked":["Snecko Eye","Coffee Dripper"],"picked":"Tiny House"},{"not_picked":["Eternal Feather","Black Blood"],"picked":"Sozu"}],"items_purged_floors":[7,42,44],"is_endless":false,"potions_floor_spawned":[4,12,18,25,27,31,33,40,46,47],"ascension_level":11}