{"gold_per_floor":[115,115,63,63,74,102,102,130,210,220,245,245,276,290,290,363,363,383,370,470,505,35,35,67,67,67,67,67,82,182,193,193,266,266,278,40,57,73,73],"floor_reached":39,"playtime":1623,"items_purged":[],"score":776,"play_id":"2791385a-8e12-4f14-a3e3-f49f3565aa6d","local_time":"20190519231535","is_ascension_mode":true,"campfire_choices":[{"data":"Twin Strike","floor":7.0,"key":"SMITH"},{"data":"Pommel Strike","floor":12.0,"key":"SMITH"},{"floor":15.0,"key":"REST"},{"floor":23.0,"key":"REST"},{"data":"Limit Break","floor":25.0,"key":"SMITH"},{"data":"Flame Barrier","floor":27.0,"key":"SMITH"},{"data":"Bash","floor":28.0,"key":"SMITH"},{"data":"Whirlwind","floor":32.0,"key":"SMITH"}],"neow_cost":"NONE","seed_source_timestamp":1468556016118044,"circlet_count":0,"master_deck":["AscendersBane","Strike_R","Strike_R","Strike_R","Strike_R","Strike_R","Defend_R","Defend_R","Defend_R","Defend_R","Bash+1","Carnage+1","Twin Strike+1","Impervious","Pommel Strike+1","Flame Barrier+1","Inflame+1","Limit Break+1","Whirlwind+1"],"special_seed":0,"relics":["Burning Blood","NeowsBlessing","Anchor","Art of War","Odd Mushroom","Paper Frog","Mummified Hand","Bottled Lightning","Philosopher\u0027s Stone","Mango","Singing Bowl","Red Mask","Frozen Egg 2","Regal Pillow","The Courier","WingedGreaves","Mark of Pain","Thread and Needle"],"potions_floor_usage":[],"damage_taken":[{"damage":0.0,"enemies":"Small Slimes","floor":1.0,"turns":1.0},{"damage":0.0,"enemies":"Jaw Worm","floor":5.0,"turns":1.0},{"damage":0.0,"enemies":"3 Sentries","floor":6.0,"turns":2.0},{"damage":24.0,"enemies":"The Mushroom Lair","floor":8.0,"turns":5.0},{"damage":0.0,"enemies":"Cultist","floor":10.0,"turns":3.0},{"damage":35.0,"enemies":"Lagavulin","floor":11.0,"turns":5.0},{"damage":20.0,"enemies":"3 Sentries","floor":13.0,"turns":8.0},{"damage":15.0,"enemies":"Lots of Slimes","floor":14.0,"turns":6.0},{"damage":29.0,"enemies":"Hexaghost","floor":16.0,"turns":8.0},{"damage":13.0,"enemies":"Shell Parasite","floor":18.0,"turns":6.0},{"damage":7.0,"enemies":"2 Thieves","floor":19.0,"turns":4.0},{"damage":11.0,"enemies":"Colosseum Slavers","floor":20.0,"turns":5.0},{"damage":34.0,"enemies":"Colosseum Nobs","floor":20.0,"turns":6.0},{"damage":25.0,"enemies":"Masked Bandits","floor":21.0,"turns":5.0},{"damage":1.0,"enemies":"Gremlin Leader","floor":24.0,"turns":8.0},{"damage":28.0,"enemies":"3 Cultists","floor":29.0,"turns":7.0},{"damage":1.0,"enemies":"Snecko","floor":31.0,"turns":4.0},{"damage":93.0,"enemies":"Automaton","floor":33.0,"turns":10.0},{"damage":25.0,"enemies":"3 Shapes","floor":35.0,"turns":5.0},{"damage":0.0,"enemies":"Orb Walker","floor":37.0,"turns":2.0},{"damage":53.0,"enemies":"Spire Growth","floor":38.0,"turns":5.0},{"damage":46,"enemies":"Transient","floor":39,"turns":3}],"seed_played":"2762283593842047061","potions_obtained":[{"floor":1.0,"key":"PowerPotion"},{"floor":6.0,"key":"Ancient Potion"},{"floor":10.0,"key":"LiquidBronze"},{"floor":19.0,"key":"EntropicBrew"},{"floor":21.0,"key":"FairyPotion"},{"floor":29.0,"key":"SteroidPotion"},{"floor":38.0,"key":"SkillPotion"}],"is_trial":false,"path_per_floor":["M","?","$","?","M","E","R","?","T","M","E","R","E","M","R","B",null,"M","M","?","?","$","R","E","R","T","R","R","M","?","M","R","B",null,"M","$","M","M","M"],"character_chosen":"IRONCLAD","items_purchased":["Twin Strike","Frozen Egg 2","Inflame+1","Regal Pillow","Thread and Needle"],"campfire_rested":2,"item_purchase_floors":[3,22,22,22,36],"current_hp_per_floor":[74,71,71,71,75,75,75,57,57,63,34,34,20,11,33,10,59,52,51,34,17,17,59,64,64,64,64,64,42,42,49,49,13,76,59,59,67,22,0],"gold":73,"neow_bonus":"THREE_ENEMY_KILL","is_prod":false,"is_daily":false,"chose_seed":false,"campfire_upgraded":6,"win_rate":0,"timestamp":1558329335,"path_taken":["M","?","$","?","M","E","R","?","T","M","E","R","E","M","R","BOSS","M","M","?","?","$","R","E","R","T","R","R","M","?","?","R","BOSS","M","$","?","M","M"],"build_version":"2019-01-23","purchased_purges":0,"victory":false,"max_hp_per_floor":[75,75,75,75,75,75,75,75,75,75,75,75,75,75,75,75,75,75,75,91,93,93,93,93,93,93,93,93,93,93,95,95,97,97,99,99,101,103,103],"card_choices":[{"not_picked":["Feel No Pain","Burning Pact"],"picked":"Carnage","floor":1.0},{"not_picked":["Twin Strike","Burning Pact","Combust"],"picked":"SKIP","floor":5.0},{"not_picked":["Dual Wield","Shockwave"],"picked":"Impervious","floor":6.0},{"not_picked":["Rampage","Power Through","Clash"],"picked":"SKIP","floor":10.0},{"not_picked":["Armaments","Impervious"],"picked":"Pommel Strike","floor":11.0},{"not_picked":["Clash","Disarm","Infernal Blade"],"picked":"SKIP","floor":13.0},{"not_picked":["Body Slam","Twin Strike","Battle Trance"],"picked":"SKIP","floor":14.0},{"not_picked":["Thunderclap","Wild Strike"],"picked":"Flame Barrier","floor":18.0},{"not_picked":["Burning Pact+1","Corruption","Entrench"],"picked":"SKIP","floor":19.0},{"not_picked":["True Grit","Flex","Seeing Red+1"],"picked":"Singing Bowl","floor":20.0},{"not_picked":["Bloodletting","Ghostly Armor","Clash"],"picked":"Singing Bowl","floor":21.0},{"not_picked":["True Grit","Sentinel"],"picked":"Limit Break","floor":24.0},{"not_picked":["Iron Wave","Combust+1"],"picked":"Whirlwind","floor":29.0},{"not_picked":["Anger","Shockwave","Rage"],"picked":"Singing Bowl","floor":31.0},{"not_picked":["Bludgeon","Limit Break","Feed"],"picked":"Singing Bowl","floor":33.0},{"not_picked":["Headbutt","Seeing Red","Sword Boomerang"],"picked":"Singing Bowl","floor":35.0},{"not_picked":["Wild Strike","Hemokinesis","Ghostly Armor"],"picked":"Singing Bowl","floor":37.0},{"not_picked":["Shockwave","Havoc","Pommel Strike"],"picked":"Singing Bowl","floor":38.0}],"player_experience":570874,"relics_obtained":[{"floor":6.0,"key":"Art of War"},{"floor":8.0,"key":"Odd Mushroom"},{"floor":9.0,"key":"Paper Frog"},{"floor":11.0,"key":"Mummified Hand"},{"floor":13.0,"key":"Bottled Lightning"},{"floor":20.0,"key":"Mango"},{"floor":20.0,"key":"Singing Bowl"},{"floor":21.0,"key":"Red Mask"},{"floor":24.0,"key":"The Courier"},{"floor":26.0,"key":"WingedGreaves"}],"event_choices":[{"damage_healed":0.0,"max_hp_gain":0.0,"max_hp_loss":0.0,"gold_gain":0.0,"event_name":"Scrap Ooze","player_choice":"Success","floor":2.0,"gold_loss":0.0,"damage_taken":3.0,"relics_obtained":["Anchor"]},{"damage_healed":0.0,"max_hp_gain":0.0,"max_hp_loss":0.0,"gold_gain":0.0,"event_name":"Living Wall","player_choice":"Grow","floor":4.0,"gold_loss":0.0,"damage_taken":0.0,"cards_upgraded":["Carnage"]},{"damage_healed":0.0,"max_hp_gain":0.0,"max_hp_loss":0.0,"gold_gain":0.0,"event_name":"Mushrooms","player_choice":"Fought Mushrooms","floor":8.0,"gold_loss":0.0,"damage_taken":0.0},{"damage_healed":0.0,"max_hp_gain":0.0,"max_hp_loss":0.0,"gold_gain":0.0,"event_name":"Colosseum","player_choice":"Fight","floor":20.0,"gold_loss":0.0,"damage_taken":0.0},{"damage_healed":0.0,"max_hp_gain":0.0,"max_hp_loss":0.0,"gold_gain":0.0,"event_name":"Colosseum","player_choice":"Fought Nobs","floor":20.0,"gold_loss":0.0,"damage_taken":0.0},{"damage_healed":0.0,"max_hp_gain":0.0,"max_hp_loss":0.0,"gold_gain":0.0,"event_name":"Masked Bandits","player_choice":"Fought Bandits","floor":21.0,"gold_loss":0.0,"damage_taken":0.0},{"damage_healed":0.0,"max_hp_gain":0.0,"max_hp_loss":0.0,"gold_gain":100.0,"event_name":"Golden Shrine","player_choice":"Pray","floor":30.0,"gold_loss":0.0,"damage_taken":0.0}],"is_beta":false,"boss_relics":[{"not_picked":["White Beast Statue","Runic Cube"],"picked":"Philosopher\u0027s Stone"},{"not_picked":["Pandora\u0027s Box","Empty Cage"],"picked":"Mark of Pain"}],"items_purged_floors":[],"is_endless":false,"potions_floor_spawned":[1,6,10,13,14,19,20,21,29,38],"killed_by":"Transient","ascension_level":14}