{"gold_per_floor":[18,28,46,56,72,98,98,128,128,128,128,115,115],"floor_reached":13,"playtime":515,"items_purged":[],"score":102,"play_id":"df540892-758c-4744-a4d6-fbb7f4a80c6a","local_time":"20190104214952","is_ascension_mode":true,"campfire_choices":[{"data":"Envenom","floor":7,"key":"SMITH"}],"neow_cost":"NO_GOLD","seed_source_timestamp":15692438782832,"circlet_count":0,"master_deck":["Defend_G","Defend_G","Defend_G","Defend_G+1","Defend_G","Strike_G","Strike_G","Strike_G","Strike_G","Strike_G","Survivor","Neutralize","Envenom+1","Flying Knee","Escape Plan","Bouncing Flask","Backflip+1","Blade Dance","Burst","Distraction","Parasite","Leg Sweep"],"relics":["Ring of the Snake","Paper Crane","War Paint","Pen Nib","GremlinMask"],"potions_floor_usage":[8],"damage_taken":[{"damage":2,"enemies":"Jaw Worm","floor":1,"turns":5},{"damage":1,"enemies":"Small Slimes","floor":2,"turns":3},{"damage":0,"enemies":"Cultist","floor":3,"turns":3},{"damage":1,"enemies":"Exordium Wildlife","floor":4,"turns":3},{"damage":7,"enemies":"Large Slime","floor":5,"turns":6},{"damage":28,"enemies":"Lagavulin","floor":6,"turns":5},{"damage":20,"enemies":"Gremlin Nob","floor":8,"turns":4},{"damage":18,"enemies":"Exordium Thugs","floor":12,"turns":4}],"seed_played":"-3333109149983986610","potions_obtained":[{"floor":1,"key":"Poison Potion"},{"floor":4,"key":"SpeedPotion"},{"floor":5,"key":"Dexterity Potion"},{"floor":8,"key":"SteroidPotion"}],"is_trial":false,"path_per_floor":["M","M","M","M","M","E","R","E","T","?","?","M","?"],"character_chosen":"THE_SILENT","items_purchased":[],"campfire_rested":0,"item_purchase_floors":[],"current_hp_per_floor":[68,67,67,66,59,31,31,11,11,28,28,10,0],"gold":115,"neow_bonus":"THREE_RARE_CARDS","is_prod":false,"is_daily":false,"chose_seed":false,"campfire_upgraded":1,"win_rate":0,"timestamp":1546598992,"path_taken":["M","M","M","M","M","E","R","E","T","?","?","?","?"],"build_version":"2019-01-03v3","purchased_purges":0,"victory":false,"max_hp_per_floor":[70,70,70,70,70,70,70,70,70,70,70,70,70],"card_choices":[{"not_picked":["Malaise","Glass Knife"],"picked":"Envenom","floor":0},{"not_picked":["Crippling Poison","Slice"],"picked":"Flying Knee","floor":1},{"not_picked":["Deadly Poison","Dash"],"picked":"Escape Plan","floor":2},{"not_picked":["Poisoned Stab","Crippling Poison"],"picked":"Bouncing Flask","floor":3},{"not_picked":["Deflect","All Out Attack"],"picked":"Backflip","floor":4},{"not_picked":["Sucker Punch","Finisher"],"picked":"Blade Dance","floor":5},{"not_picked":["Sucker Punch","Eviscerate"],"picked":"Burst","floor":6},{"not_picked":["Acrobatics","Heel Hook"],"picked":"Distraction","floor":8},{"not_picked":["Flying Knee","Sucker Punch"],"picked":"Leg Sweep","floor":12}],"player_experience":223896,"relics_obtained":[{"floor":6,"key":"Paper Crane"},{"floor":8,"key":"War Paint"},{"floor":9,"key":"Pen Nib"}],"event_choices":[{"damage_healed":17,"gold_gain":0,"player_choice":"Healed and dodged fight","damage_taken":0,"max_hp_gain":0,"max_hp_loss":0,"event_name":"Mushrooms","floor":10,"gold_loss":0,"cards_obtained":["Parasite"]},{"damage_healed":0,"gold_gain":0,"player_choice":"Trade","damage_taken":0,"relics_obtained":["GremlinMask"],"max_hp_gain":0,"max_hp_loss":0,"event_name":"FaceTrader","floor":11,"gold_loss":0}],"is_beta":true,"boss_relics":[],"items_purged_floors":[],"is_endless":false,"potions_floor_spawned":[1,4,5,8],"ascension_level":1}