{"gold_per_floor":[110,129,129,129,150,150,166,197,252,252,252,252,276,276],"floor_reached":14,"playtime":814,"items_purged":[],"score":170,"play_id":"a1c77412-a554-4171-b0f2-96610ee1071d","local_time":"20190517083208","is_ascension_mode":true,"campfire_choices":[{"data":"Deadly Poison","floor":6.0,"key":"SMITH"},{"data":"Blade Dance","floor":10.0,"key":"SMITH"}],"neow_cost":"NONE","seed_source_timestamp":5496067302268,"circlet_count":0,"master_deck":["AscendersBane","Defend_G","Defend_G","Defend_G","Defend_G","Defend_G","Strike_G","Strike_G","Strike_G","Strike_G","Strike_G","Survivor","Neutralize+1","Deadly Poison+1","Injury","Bane","Blade Dance+1","Calculated Gamble"],"special_seed":0,"relics":["Ring of the Snake","Golden Idol","Pantograph","Bronze Scales"],"potions_floor_usage":[12],"damage_taken":[{"damage":0.0,"enemies":"2 Louse","floor":1.0,"turns":4.0},{"damage":2.0,"enemies":"Jaw Worm","floor":2.0,"turns":5.0},{"damage":3.0,"enemies":"Small Slimes","floor":5.0,"turns":4.0},{"damage":13.0,"enemies":"3 Louse","floor":7.0,"turns":5.0},{"damage":32.0,"enemies":"3 Sentries","floor":8.0,"turns":11.0},{"damage":0,"enemies":"Lagavulin","floor":12,"turns":2},{"damage":7,"enemies":"2 Fungi Beasts","floor":13,"turns":4},{"damage":32,"enemies":"Gremlin Nob","floor":14,"turns":3}],"seed_played":"8854831533836590682","potions_obtained":[{"floor":1.0,"key":"SmokeBomb"},{"floor":8.0,"key":"LiquidBronze"}],"is_trial":false,"path_per_floor":["M","M","?","?","M","R","M","E","T","R","?","E","M","E"],"character_chosen":"THE_SILENT","items_purchased":[],"campfire_rested":0,"item_purchase_floors":[],"current_hp_per_floor":[59,57,57,62,59,59,46,14,14,14,14,14,7,0],"gold":276,"neow_bonus":"UPGRADE_CARD","is_prod":false,"is_daily":false,"chose_seed":false,"campfire_upgraded":2,"win_rate":0,"timestamp":1558099928,"path_taken":["M","M","?","?","M","R","M","E","T","R","?","E","M","E"],"build_version":"2019-01-23","purchased_purges":0,"victory":false,"max_hp_per_floor":[66,66,66,71,71,71,71,71,71,71,71,71,71,71],"card_choices":[{"not_picked":["All Out Attack","Dagger Throw"],"picked":"Deadly Poison","floor":1.0},{"not_picked":["Acrobatics","Flying Knee","Deflect"],"picked":"SKIP","floor":2.0},{"not_picked":["Blade Dance","Acrobatics","Tactician"],"picked":"SKIP","floor":5.0},{"not_picked":["Backflip","Prepared"],"picked":"Bane","floor":7.0},{"not_picked":["Deflect","All Out Attack"],"picked":"Blade Dance","floor":8.0},{"not_picked":["Wraith Form v2","Underhanded Strike"],"picked":"Calculated Gamble","floor":13}],"player_experience":441341,"relics_obtained":[{"floor":8.0,"key":"Pantograph"},{"floor":9.0,"key":"Bronze Scales"}],"event_choices":[{"damage_healed":0.0,"max_hp_gain":0.0,"max_hp_loss":0.0,"gold_gain":0.0,"event_name":"Golden Idol","player_choice":"Take Wound","floor":3.0,"gold_loss":0.0,"damage_taken":0.0,"relics_obtained":["Golden Idol"],"cards_obtained":["Injury"]},{"damage_healed":0.0,"max_hp_gain":5.0,"max_hp_loss":0.0,"gold_gain":0.0,"event_name":"Big Fish","player_choice":"Donut","floor":4.0,"gold_loss":0.0,"damage_taken":0.0},{"damage_healed":0,"gold_gain":0,"player_choice":"Searched \u00270\u0027 times","damage_taken":0,"max_hp_gain":0,"max_hp_loss":0,"event_name":"Dead Adventurer","floor":11,"gold_loss":0}],"is_beta":false,"boss_relics":[],"items_purged_floors":[],"is_endless":false,"potions_floor_spawned":[1,8],"killed_by":"Gremlin Nob","ascension_level":14}