{"gold_per_floor":[109,109,109,35,35,94,106,106,154,154,197,197,220,240,240,363,363,388,413,24,24,49,83,83,83,107,107,132,165,165,179,179,304,304,327,30,30,94,94,135,135,135,213,226,226,226,43,43,43,43],"floor_reached":51,"playtime":20104,"items_purged":["Force Field","Defragment"],"score":994,"play_id":"75c6b76c-bdf3-43a4-9133-48b6d0385648","local_time":"20190606224309","is_ascension_mode":true,"campfire_choices":[{"floor":8,"key":"REST"},{"data":"Defragment","floor":12,"key":"SMITH"},{"floor":15,"key":"REST"},{"floor":24,"key":"REST"},{"floor":27,"key":"REST"},{"floor":32,"key":"REST"},{"data":"Buffer","floor":42,"key":"SMITH"},{"data":"Electrodynamics","floor":45,"key":"SMITH"},{"floor":49,"key":"REST"}],"neow_cost":"NONE","seed_source_timestamp":679480592647650,"circlet_count":0,"master_deck":["Zap+1","Dualcast","Scrape","Defragment+1","Ball Lightning","Genetic Algorithm","Chill","Cold Snap","Coolheaded","Echo Form","Lockon","Reboot","Thunder Strike","Hyperbeam","Conserve Battery+1","Cold Snap","Finesse","Master of Strategy","Stack+1","Reinforced Body+1","Leap","Electrodynamics+1","White Noise","Auto Shields","Steam","Steam","Buffer+1","Madness","Madness","Loop+1","Defragment"],"relics":["Cracked Core","Dream Catcher","Tiny Chest","Blood Vial","Golden Idol","Bag of Preparation","Pandora\u0027s Box","Letter Opener","Smiling Mask","DataDisk","Ornamental Fan","Busted Crown","Cables","WingedGreaves","Molten Egg 2","Gremlin Horn","Pear","Anchor","Pocketwatch"],"potions_floor_usage":[18,23,33,40,50],"damage_taken":[{"damage":1,"enemies":"Cultist","floor":1,"turns":3},{"damage":20,"enemies":"Lagavulin","floor":6,"turns":7},{"damage":2,"enemies":"Jaw Worm","floor":7,"turns":3},{"damage":4,"enemies":"3 Sentries","floor":11,"turns":6},{"damage":0,"enemies":"Small Slimes","floor":13,"turns":2},{"damage":3,"enemies":"Blue Slaver","floor":14,"turns":3},{"damage":17,"enemies":"Hexaghost","floor":16,"turns":10},{"damage":15,"enemies":"2 Thieves","floor":18,"turns":3},{"damage":27,"enemies":"Chosen","floor":19,"turns":5},{"damage":18,"enemies":"Snake Plant","floor":22,"turns":4},{"damage":13,"enemies":"Book of Stabbing","floor":23,"turns":6},{"damage":0,"enemies":"Centurion and Healer","floor":28,"turns":6},{"damage":18,"enemies":"Slavers","floor":29,"turns":3},{"damage":7,"enemies":"Shelled Parasite and Fungi","floor":31,"turns":7},{"damage":2,"enemies":"Automaton","floor":33,"turns":7},{"damage":0,"enemies":"3 Shapes","floor":35,"turns":4},{"damage":5,"enemies":"2 Orb Walkers","floor":38,"turns":4},{"damage":0,"enemies":"Reptomancer","floor":40,"turns":4},{"damage":0,"enemies":"Orb Walker","floor":44,"turns":3},{"damage":67,"enemies":"Awakened One","floor":50,"turns":10}],"seed_played":"-5195558323349034092","potions_obtained":[{"floor":7,"key":"Dexterity Potion"},{"floor":13,"key":"SpeedPotion"},{"floor":16,"key":"Fruit Juice"},{"floor":22,"key":"Strength Potion"},{"floor":31,"key":"Explosive Potion"},{"floor":38,"key":"Strength Potion"}],"is_trial":false,"path_per_floor":["?","?","?","?","M","?","?","T","?","?","?","T","?","T"],"character_chosen":"DEFECT","items_purchased":["Defragment","Cold Snap","Finesse","Master of Strategy","Cables","Defragment","Anchor"],"campfire_rested":6,"item_purchase_floors":[4,20,20,20,36,47,47],"current_hp_per_floor":[74,67,49,49,33,13,11,35,35,35,33,33,35,34,56,41,67,59,34,34,34,18,7,31,31,31,55,57,41,41,36,60,60,76,78,78,78,75,65,67,67,67,77,79,79,79,79,79,91,24],"gold":43,"neow_bonus":"TEN_PERCENT_HP_BONUS","is_prod":false,"is_daily":false,"chose_seed":false,"campfire_upgraded":3,"win_rate":0,"timestamp":1559889789,"path_taken":["M","?","?","$","?","E","M","R","T","?","E","R","M","?","R","BOSS","M","M","$","?","M","E","R","?","T","R","M","E","?","M","R","BOSS","M","$","?","?","?","E","?","R","T","M","R","?","$","?","R","BOSS"],"build_version":"2019-01-23","purchased_purges":2,"victory":true,"max_hp_per_floor":[82,82,82,82,82,82,82,82,82,76,76,76,76,76,76,76,76,81,81,81,81,81,81,81,81,81,81,81,81,81,81,81,81,81,81,81,81,81,81,81,81,81,91,91,91,91,91,91,91,91],"card_choices":[{"not_picked":["Compile Driver","Turbo"],"picked":"Scrape","floor":1},{"not_picked":["Leap","Undo"],"picked":"Ball Lightning","floor":6},{"not_picked":["Streamline","Stack"],"picked":"Genetic Algorithm","floor":7},{"not_picked":["Compile Driver","Redo"],"picked":"Chill","floor":8},{"not_picked":["Go for the Eyes","Beam Cell"],"picked":"Cold Snap","floor":11},{"not_picked":["Consume","Sunder"],"picked":"FTL","floor":13},{"not_picked":["Beam Cell","Reinforced Body"],"picked":"Coolheaded","floor":14},{"not_picked":["Creative AI","Core Surge"],"picked":"Echo Form","floor":16},{"not_picked":["Lockon","Gash+1","Darkness"],"picked":"SKIP","floor":18},{"not_picked":["Barrage","Reprogram"],"picked":"Conserve Battery+1","floor":19},{"not_picked":["Hologram","Sweeping Beam"],"picked":"Stack+1","floor":22},{"not_picked":["Multi-Cast","Cold Snap"],"picked":"Reinforced Body+1","floor":23},{"not_picked":["Beam Cell","Auto Shields"],"picked":"Leap","floor":24},{"not_picked":["Chill+1","Go for the Eyes"],"picked":"Auto Shields","floor":27},{"not_picked":["Force Field","Beam Cell","Redo"],"picked":"SKIP","floor":28},{"not_picked":["Tempest+1","Hello World"],"picked":"Defragment","floor":29},{"not_picked":["Leap","Stack"],"picked":"Steam","floor":31},{"not_picked":["Sweeping Beam","Skim"],"picked":"Steam","floor":32},{"not_picked":["Core Surge","Seek"],"picked":"Buffer","floor":33},{"not_picked":["Force Field+1"],"picked":"SKIP","floor":35},{"not_picked":[],"picked":"Loop+1","floor":40},{"not_picked":["Compile Driver+1"],"picked":"SKIP","floor":44}],"player_experience":267936,"relics_obtained":[{"floor":6,"key":"Tiny Chest"},{"floor":9,"key":"Blood Vial"},{"floor":11,"key":"Bag of Preparation"},{"floor":23,"key":"Letter Opener"},{"floor":26,"key":"Smiling Mask"},{"floor":29,"key":"DataDisk"},{"floor":30,"key":"Ornamental Fan"},{"floor":38,"key":"WingedGreaves"},{"floor":40,"key":"Molten Egg 2"},{"floor":41,"key":"Gremlin Horn"},{"floor":43,"key":"Pear"},{"floor":48,"key":"Pocketwatch"}],"event_choices":[{"cards_removed":["Strike_B"],"damage_healed":0,"gold_gain":0,"player_choice":"Card Removal","damage_taken":7,"max_hp_gain":0,"max_hp_loss":0,"event_name":"Golden Wing","floor":2,"gold_loss":0},{"damage_healed":0,"gold_gain":0,"player_choice":"Success","damage_taken":18,"relics_obtained":["Dream Catcher"],"max_hp_gain":0,"max_hp_loss":0,"event_name":"Scrap Ooze","floor":3,"gold_loss":0},{"damage_healed":0,"gold_gain":0,"player_choice":"Entered Light","damage_taken":16,"max_hp_gain":0,"max_hp_loss":0,"event_name":"Shining Light","floor":5,"gold_loss":0,"cards_upgraded":["Strike_B","Zap"]},{"damage_healed":0,"gold_gain":0,"player_choice":"Lose Max HP","damage_taken":0,"relics_obtained":["Golden Idol"],"max_hp_gain":0,"max_hp_loss":6,"event_name":"Golden Idol","floor":10,"gold_loss":0},{"damage_healed":0,"gold_gain":0,"player_choice":"Ignored","damage_taken":0,"max_hp_gain":0,"max_hp_loss":0,"event_name":"Beggar","floor":21,"gold_loss":0},{"damage_healed":0,"gold_gain":0,"cards_transformed":["Streamline","Force Field"],"player_choice":"Became Test Subject","damage_taken":0,"max_hp_gain":0,"max_hp_loss":0,"event_name":"Drug Dealer","floor":25,"gold_loss":0,"cards_obtained":["Electrodynamics","White Noise"]},{"cards_removed":["FTL"],"damage_healed":0,"gold_gain":0,"player_choice":"Removed Attack","damage_taken":0,"max_hp_gain":0,"max_hp_loss":0,"event_name":"Falling","floor":37,"gold_loss":0},{"damage_healed":0,"gold_gain":0,"player_choice":"Fight","damage_taken":0,"max_hp_gain":0,"max_hp_loss":0,"event_name":"Mysterious Sphere","floor":38,"gold_loss":0},{"damage_healed":0,"gold_gain":0,"player_choice":"Embrace Madness","damage_taken":10,"max_hp_gain":0,"max_hp_loss":0,"event_name":"Winding Halls","floor":39,"gold_loss":0,"cards_obtained":["Madness","Madness"]},{"damage_healed":0,"gold_gain":0,"player_choice":"Ignored","damage_taken":0,"max_hp_gain":0,"max_hp_loss":0,"event_name":"Tomb of Lord Red Mask","floor":46,"gold_loss":0}],"is_beta":false,"boss_relics":[{"not_picked":["Coffee Dripper","Nuclear Battery"],"picked":"Pandora\u0027s Box"},{"not_picked":["White Beast Statue","Fusion Hammer"],"picked":"Busted Crown"}],"items_purged_floors":[20,36],"is_endless":false,"potions_floor_spawned":[7,13,16,22,31,38],"ascension_level":8}