{"gold_per_floor":[119,44,194,8,18,18,29,29,107,126,155,220,220,246,246,321,321,339,339,365,280,31,31,57,67,67,78,178,206,217,15,15,15],"floor_reached":33,"playtime":1453,"items_purged":["Doubt"],"score":562,"play_id":"2baadcde-ab8d-4ecf-b44a-d06c998e4270","local_time":"20190527182417","is_ascension_mode":true,"campfire_choices":[{"data":"Armaments","floor":6.0,"key":"SMITH"},{"data":"Uppercut","floor":8.0,"key":"SMITH"},{"data":"Carnage","floor":13.0,"key":"SMITH"},{"floor":15.0,"key":"REST"},{"floor":23.0,"key":"REST"},{"floor":32.0,"key":"DIG"}],"neow_cost":"NONE","seed_source_timestamp":182339763015829,"circlet_count":0,"master_deck":["AscendersBane","Strike_R+1","Strike_R+1","Strike_R+1","Defend_R+1","Defend_R+1","Defend_R+1","Defend_R+1","Bash","Uppercut+1","Armaments+1","Pommel Strike","Shrug It Off","Carnage+1","Ghostly Armor","Whirlwind","Battle Trance","Master of Strategy"],"special_seed":0,"relics":["Burning Blood","Tiny Chest","Mercury Hourglass","Juzu Bracelet","Odd Mushroom","Sozu","Oddly Smooth Stone","Omamori","PreservedInsect","Bag of Preparation","Pen Nib","Shovel","Meat on the Bone","Bronze Scales","Centennial Puzzle"],"potions_floor_usage":[],"damage_taken":[{"damage":2.0,"enemies":"2 Louse","floor":1.0,"turns":3.0},{"damage":10.0,"enemies":"Jaw Worm","floor":5.0,"turns":6.0},{"damage":4.0,"enemies":"Cultist","floor":7.0,"turns":6.0},{"damage":19.0,"enemies":"Exordium Thugs","floor":10.0,"turns":6.0},{"damage":20.0,"enemies":"Lagavulin","floor":11.0,"turns":9.0},{"damage":8.0,"enemies":"Gremlin Nob","floor":12.0,"turns":3.0},{"damage":17.0,"enemies":"The Mushroom Lair","floor":14.0,"turns":4.0},{"damage":29.0,"enemies":"The Guardian","floor":16.0,"turns":10.0},{"damage":21.0,"enemies":"3 Byrds","floor":18.0,"turns":6.0},{"damage":15.0,"enemies":"Slavers","floor":24.0,"turns":4.0},{"damage":0.0,"enemies":"Chosen","floor":25.0,"turns":3.0},{"damage":0.0,"enemies":"Snecko","floor":27.0,"turns":5.0},{"damage":7.0,"enemies":"Colosseum Slavers","floor":28.0,"turns":4.0},{"damage":17.0,"enemies":"Colosseum Nobs","floor":28.0,"turns":3.0},{"damage":11.0,"enemies":"Book of Stabbing","floor":29.0,"turns":4.0},{"damage":3.0,"enemies":"Centurion and Healer","floor":30.0,"turns":4.0},{"damage":66,"enemies":"Automaton","floor":33,"turns":8}],"seed_played":"-4010457845767461618","potions_obtained":[{"floor":5.0,"key":"Weak Potion"},{"floor":10.0,"key":"AttackPotion"}],"is_trial":false,"path_per_floor":["M","?","?","$","M","R","M","R","T","M","E","?","R","?","R","B",null,"M","?","T","?","$","R","E","M","T","M","?","E","M","$","R","B"],"character_chosen":"IRONCLAD","items_purchased":["Armaments","Strength Potion","Whirlwind","PreservedInsect","Master of Strategy"],"campfire_rested":2,"item_purchase_floors":[4,4,22,22,31],"current_hp_per_floor":[72,72,72,72,68,68,70,70,70,57,43,41,41,30,52,29,64,49,49,49,49,49,71,62,68,68,74,62,57,60,60,60,0],"gold":15,"neow_bonus":"TRANSFORM_CARD","is_prod":false,"is_daily":false,"chose_seed":false,"campfire_upgraded":3,"win_rate":0,"timestamp":1559003057,"path_taken":["M","?","?","$","M","R","M","R","T","M","E","?","R","?","R","BOSS","M","?","?","?","$","R","E","M","T","M","?","E","M","$","R","BOSS"],"build_version":"2019-01-23","purchased_purges":1,"victory":false,"max_hp_per_floor":[75,75,75,75,75,75,75,75,75,75,75,75,75,75,75,75,75,75,75,75,75,75,75,75,75,75,75,75,75,75,75,75,75],"card_choices":[{"not_picked":["Headbutt","Wild Strike","Corruption"],"picked":"SKIP","floor":1.0},{"not_picked":["Thunderclap","Clash"],"picked":"Pommel Strike","floor":5.0},{"not_picked":["Seeing Red","True Grit","Clothesline"],"picked":"SKIP","floor":7.0},{"not_picked":["Heavy Blade","Thunderclap"],"picked":"Shrug It Off","floor":10.0},{"not_picked":["Reaper","True Grit"],"picked":"Carnage","floor":11.0},{"not_picked":["Warcry","Fire Breathing"],"picked":"Ghostly Armor","floor":12.0},{"not_picked":["Wild Strike","Entrench","True Grit"],"picked":"SKIP","floor":18.0},{"not_picked":["Combust","Wild Strike"],"picked":"Battle Trance","floor":24.0},{"not_picked":["Blood for Blood","Pummel","Burning Pact"],"picked":"SKIP","floor":25.0},{"not_picked":["Rage","Clash","Burning Pact"],"picked":"SKIP","floor":27.0},{"not_picked":["Sword Boomerang","Sentinel","Inflame"],"picked":"SKIP","floor":29.0},{"not_picked":["Feel No Pain","Pommel Strike","True Grit"],"picked":"SKIP","floor":30.0}],"player_experience":645077,"relics_obtained":[{"floor":9.0,"key":"Tiny Chest"},{"floor":11.0,"key":"Mercury Hourglass"},{"floor":12.0,"key":"Juzu Bracelet"},{"floor":14.0,"key":"Odd Mushroom"},{"floor":20.0,"key":"Oddly Smooth Stone"},{"floor":24.0,"key":"Bag of Preparation"},{"floor":26.0,"key":"Pen Nib"},{"floor":28.0,"key":"Shovel"},{"floor":28.0,"key":"Meat on the Bone"},{"floor":29.0,"key":"Bronze Scales"},{"floor":32.0,"key":"Centennial Puzzle"}],"event_choices":[{"cards_removed":["Strike_R"],"damage_healed":0.0,"max_hp_gain":0.0,"max_hp_loss":0.0,"gold_gain":0.0,"event_name":"The Cleric","player_choice":"Card Removal","floor":2.0,"gold_loss":75.0,"damage_taken":0.0},{"damage_healed":0.0,"max_hp_gain":0.0,"max_hp_loss":0.0,"gold_gain":150.0,"event_name":"Liars Game","player_choice":"AGREE","floor":3.0,"gold_loss":0.0,"damage_taken":0.0,"cards_obtained":["Doubt"]},{"damage_healed":0.0,"max_hp_gain":0.0,"max_hp_loss":0.0,"gold_gain":30.0,"event_name":"Dead Adventurer","player_choice":"Searched \u00272\u0027 times","floor":12.0,"gold_loss":0.0,"damage_taken":0.0},{"damage_healed":0.0,"max_hp_gain":0.0,"max_hp_loss":0.0,"gold_gain":0.0,"event_name":"Mushrooms","player_choice":"Fought Mushrooms","floor":14.0,"gold_loss":0.0,"damage_taken":0.0},{"damage_healed":0.0,"max_hp_gain":0.0,"max_hp_loss":0.0,"gold_gain":0.0,"event_name":"Back to Basics","player_choice":"Simplicity","floor":19.0,"gold_loss":0.0,"damage_taken":0.0,"cards_upgraded":["Strike_R","Strike_R","Strike_R","Defend_R","Defend_R","Defend_R","Defend_R"]},{"damage_healed":0.0,"max_hp_gain":0.0,"max_hp_loss":0.0,"gold_gain":0.0,"event_name":"Addict","player_choice":"Obtained Relic","floor":21.0,"gold_loss":85.0,"damage_taken":0.0,"relics_obtained":["Omamori"]},{"damage_healed":0.0,"max_hp_gain":0.0,"max_hp_loss":0.0,"gold_gain":0.0,"event_name":"Colosseum","player_choice":"Fight","floor":28.0,"gold_loss":0.0,"damage_taken":0.0},{"damage_healed":0.0,"max_hp_gain":0.0,"max_hp_loss":0.0,"gold_gain":0.0,"event_name":"Colosseum","player_choice":"Fought Nobs","floor":28.0,"gold_loss":0.0,"damage_taken":0.0}],"is_beta":false,"boss_relics":[{"not_picked":["Pandora\u0027s Box","Empty Cage"],"picked":"Sozu"}],"items_purged_floors":[4],"is_endless":false,"potions_floor_spawned":[5,10,11,14,18,28,28],"killed_by":"Automaton","ascension_level":20}