{"gold_per_floor":[119,138,150,167,10,44,44,44,114,114,134,134,161,161,161,234,234,245,4,4,4,23,23,43,78,78,103,117,133,143,143,143,217,217,234,247,261,1260,1314,1314,1314,30,30,49,49,75,94,114,114,114],"floor_reached":51,"playtime":5379,"items_purged":["Defend_B","Strike_B"],"score":1407,"play_id":"83b2d956-c772-4bf2-93e5-fa7f543345c2","local_time":"20190523140540","is_ascension_mode":true,"campfire_choices":[{"floor":8.0,"key":"REST"},{"data":"Turbo","floor":10.0,"key":"SMITH"},{"data":"Undo","floor":12.0,"key":"SMITH"},{"data":"Buffer","floor":15.0,"key":"SMITH"},{"data":"Defragment","floor":23.0,"key":"SMITH"},{"data":"Glacier","floor":32.0,"key":"SMITH"},{"data":"Zap","floor":40.0,"key":"SMITH"},{"data":"Reboot","floor":45.0,"key":"SMITH"},{"data":"Defragment","floor":49,"key":"SMITH"}],"neow_cost":"PERCENT_DAMAGE","seed_source_timestamp":106790654307700,"circlet_count":0,"master_deck":["AscendersBane","Strike_B","Strike_B","Defend_B","Defend_B","Defend_B","Zap+1","Dualcast","Hello World","Cold Snap","Undo+1","Turbo+1","Stack","Hello World","Glacier+1","Buffer+1","Multi-Cast","Buffer+1","Defragment+1","Ball Lightning+1","Blizzard","Echo Form","Storm+1","Rainbow","White Noise+1","Chill+1","Defragment+1","Machine Learning","Biased Cognition","Heatsinks","Static Discharge","Self Repair","Reboot+1","Melter","Injury","Heatsinks+1"],"special_seed":0,"relics":["Cracked Core","Bird Faced Urn","Omamori","Calipers","The Courier","Blood Vial","CultistMask","Cursed Key","DollysMirror","Centennial Puzzle","Mercury Hourglass","Happy Flower","Sozu","Mango","ClockworkSouvenir","Oddly Smooth Stone","PreservedInsect","Pen Nib","Shuriken","Bag of Preparation"],"potions_floor_usage":[],"damage_taken":[{"damage":1.0,"enemies":"Cultist","floor":1.0,"turns":4.0},{"damage":0.0,"enemies":"2 Louse","floor":2.0,"turns":3.0},{"damage":0.0,"enemies":"Small Slimes","floor":3.0,"turns":3.0},{"damage":11.0,"enemies":"Red Slaver","floor":4.0,"turns":6.0},{"damage":22.0,"enemies":"Lagavulin","floor":6.0,"turns":7.0},{"damage":2.0,"enemies":"2 Fungi Beasts","floor":11.0,"turns":3.0},{"damage":0.0,"enemies":"3 Sentries","floor":13.0,"turns":10.0},{"damage":0.0,"enemies":"The Guardian","floor":16.0,"turns":16.0},{"damage":2.0,"enemies":"3 Byrds","floor":18.0,"turns":9.0},{"damage":0.0,"enemies":"Spheric Guardian","floor":22.0,"turns":6.0},{"damage":0.0,"enemies":"Snecko","floor":24.0,"turns":5.0},{"damage":16.0,"enemies":"Book of Stabbing","floor":25.0,"turns":8.0},{"damage":14.0,"enemies":"Slavers","floor":27.0,"turns":5.0},{"damage":11.0,"enemies":"Centurion and Healer","floor":28.0,"turns":8.0},{"damage":10.0,"enemies":"3 Cultists","floor":29.0,"turns":7.0},{"damage":24.0,"enemies":"Snake Plant","floor":30.0,"turns":5.0},{"damage":9.0,"enemies":"Champ","floor":33.0,"turns":9.0},{"damage":26.0,"enemies":"3 Darklings","floor":35.0,"turns":5.0},{"damage":14.0,"enemies":"Orb Walker","floor":36.0,"turns":4.0},{"damage":2.0,"enemies":"4 Shapes","floor":37.0,"turns":4.0},{"damage":14.0,"enemies":"2 Orb Walkers","floor":39.0,"turns":4.0},{"damage":0.0,"enemies":"Jaw Worm Horde","floor":44.0,"turns":5.0},{"damage":44.0,"enemies":"Reptomancer","floor":46.0,"turns":5.0},{"damage":0,"enemies":"Transient","floor":47,"turns":5},{"damage":0,"enemies":"Spire Growth","floor":48,"turns":4},{"damage":55,"enemies":"Donu and Deca","floor":50,"turns":6}],"seed_played":"-2053626334815667827","potions_obtained":[{"floor":1.0,"key":"GamblersBrew"},{"floor":4.0,"key":"GamblersBrew"},{"floor":22.0,"key":"Explosive Potion"},{"floor":24.0,"key":"Dexterity Potion"},{"floor":25.0,"key":"LiquidBronze"},{"floor":33.0,"key":"Swift Potion"}],"is_trial":false,"path_per_floor":["M","M","M","M","$","E","?","R","T","R","M","R","E","?","R","B",null,"M","$","?","$","M","R","M","E","T","E","M","M","M","?","R","B",null,"M","M","M","?","?","R","?","$","T","M","R","E","M","M","R","B",null],"character_chosen":"DEFECT","items_purchased":["Omamori","DollysMirror","ClockworkSouvenir","Oddly Smooth Stone","Defragment","Machine Learning","Biased Cognition","Heatsinks","Static Discharge","Self Repair","Reboot","Melter","PreservedInsect","Pen Nib"],"campfire_rested":1,"item_purchase_floors":[5,19,42,42,42,42,42,42,42,42,42,42,42,42],"current_hp_per_floor":[45,45,47,38,38,18,18,39,39,39,41,41,45,45,45,53,67,71,71,71,71,71,71,71,55,55,53,60,62,56,49,49,62,69,57,55,63,63,79,79,79,79,79,85,85,66,85,85,85,65],"gold":114,"neow_bonus":"ONE_RARE_RELIC","is_prod":false,"is_daily":false,"chose_seed":false,"campfire_upgraded":8,"win_rate":0,"timestamp":1558641940,"path_taken":["M","M","M","M","$","E","?","R","T","R","?","R","E","?","R","BOSS","M","?","?","$","M","R","M","E","T","E","M","M","?","?","R","BOSS","M","M","M","?","?","R","?","$","T","M","R","E","M","?","R","BOSS"],"build_version":"2019-01-23","purchased_purges":2,"victory":true,"max_hp_per_floor":[71,71,71,71,71,71,71,71,71,71,71,71,71,71,71,71,71,71,71,71,71,71,71,71,71,71,71,71,71,71,71,71,71,71,71,71,71,71,85,85,85,85,85,85,85,85,85,85,85,85],"card_choices":[{"not_picked":["Go for the Eyes","Beam Cell"],"picked":"Hello World","floor":1.0},{"not_picked":["Stack","Steam"],"picked":"Cold Snap","floor":2.0},{"not_picked":["Conserve Battery","Chaos"],"picked":"Undo","floor":3.0},{"not_picked":["Redo","Steam"],"picked":"Turbo","floor":4.0},{"not_picked":["Doom and Gloom","Hello World"],"picked":"Stack","floor":6.0},{"not_picked":["Hologram","Beam Cell"],"picked":"Glacier","floor":11.0},{"not_picked":["Barrage","Darkness"],"picked":"Buffer","floor":13.0},{"not_picked":["Rainbow","Hyperbeam"],"picked":"Multi-Cast","floor":16.0},{"not_picked":["Steam+1","Rebound","Go for the Eyes"],"picked":"SKIP","floor":18.0},{"not_picked":["Coolheaded","Streamline"],"picked":"Defragment","floor":22.0},{"not_picked":["Hologram","Stack"],"picked":"Ball Lightning+1","floor":24.0},{"not_picked":["Compile Driver","Rip and Tear"],"picked":"Blizzard","floor":25.0},{"not_picked":["Go for the Eyes","Amplify"],"picked":"Echo Form","floor":27.0},{"not_picked":["Heatsinks","Hologram","Melter"],"picked":"SKIP","floor":28.0},{"not_picked":["Sunder","Coolheaded+1","Barrage"],"picked":"SKIP","floor":29.0},{"not_picked":["Chaos","Barrage"],"picked":"Storm+1","floor":30.0},{"not_picked":["All For One","Amplify"],"picked":"Rainbow","floor":33.0},{"not_picked":["Gash","Tempest","Darkness"],"picked":"SKIP","floor":35.0},{"not_picked":["Rebound","Sweeping Beam"],"picked":"White Noise+1","floor":36.0},{"not_picked":["Barrage+1","Compile Driver"],"picked":"Chill+1","floor":37.0},{"not_picked":["Barrage","Double Energy","Streamline"],"picked":"SKIP","floor":44.0},{"not_picked":["Leap","Scrape"],"picked":"Heatsinks+1","floor":46.0},{"not_picked":["Coolheaded","Beam Cell","Machine Learning"],"picked":"SKIP","floor":47},{"not_picked":["Fusion","Recycle+1","Go for the Eyes"],"picked":"SKIP","floor":48}],"player_experience":783137,"relics_obtained":[{"floor":6.0,"key":"Calipers"},{"floor":9.0,"key":"The Courier"},{"floor":13.0,"key":"Blood Vial"},{"floor":20.0,"key":"Centennial Puzzle"},{"floor":25.0,"key":"Mercury Hourglass"},{"floor":27.0,"key":"Happy Flower"},{"floor":39.0,"key":"Mango"},{"floor":43.0,"key":"Shuriken"},{"floor":46.0,"key":"Bag of Preparation"}],"event_choices":[{"damage_healed":0.0,"max_hp_gain":0.0,"max_hp_loss":0.0,"gold_gain":0.0,"cards_transformed":["Strike_B"],"event_name":"Transmorgrifier","player_choice":"Transformed","floor":7.0,"gold_loss":0.0,"damage_taken":0.0,"cards_obtained":["Hello World"]},{"damage_healed":0.0,"max_hp_gain":0.0,"max_hp_loss":0.0,"gold_gain":0.0,"event_name":"FaceTrader","player_choice":"Trade","floor":14.0,"gold_loss":0.0,"damage_taken":0.0,"relics_obtained":["CultistMask"]},{"damage_healed":0.0,"max_hp_gain":0.0,"max_hp_loss":0.0,"gold_gain":0.0,"event_name":"Wheel of Change","player_choice":"Relic","floor":20.0,"gold_loss":0.0,"damage_taken":0.0},{"damage_healed":0.0,"max_hp_gain":0.0,"max_hp_loss":0.0,"gold_gain":0.0,"event_name":"Knowing Skull","player_choice":"","floor":31.0,"potions_obtained":[],"gold_loss":0.0,"damage_taken":7.0,"cards_obtained":[]},{"damage_healed":0.0,"max_hp_gain":0.0,"max_hp_loss":0.0,"gold_gain":999.0,"event_name":"MindBloom","player_choice":"Gold","floor":38.0,"gold_loss":0.0,"damage_taken":0.0,"cards_obtained":["Normality","Normality"]},{"damage_healed":0.0,"max_hp_gain":0.0,"max_hp_loss":0.0,"gold_gain":0.0,"event_name":"Mysterious Sphere","player_choice":"Fight","floor":39.0,"gold_loss":0.0,"damage_taken":0.0},{"cards_removed":["Normality"],"damage_healed":0.0,"max_hp_gain":0.0,"max_hp_loss":0.0,"gold_gain":0.0,"event_name":"Fountain of Cleansing","player_choice":"Removed Curses","floor":41.0,"gold_loss":0.0,"damage_taken":0.0}],"is_beta":false,"boss_relics":[{"not_picked":["Fusion Hammer","Empty Cage"],"picked":"Cursed Key"},{"not_picked":["Busted Crown","FrozenCore"],"picked":"Sozu"}],"items_purged_floors":[19,42],"is_endless":false,"potions_floor_spawned":[1,4,6,22,24,25,33,35,46,48],"ascension_level":16}