{"gold_per_floor":[115,135,148,168,168,168,168,168,242,78,78,89,89,107,107,203,203,221,237,237,217,231,231,254,304,328,120,133,133,149,149,149,223,223,241,52,52,152,166,166,41,41,41,41,41,0,0,0,0,0],"floor_reached":50,"playtime":1839,"items_purged":["Caltrops","Prepared","Defend_G"],"score":931,"play_id":"181601f5-4e22-47ad-b8fe-26e84ad9cd66","local_time":"20190404022925","is_ascension_mode":true,"campfire_choices":[{"data":"Crippling Poison","floor":6.0,"key":"SMITH"},{"data":"Poisoned Stab","floor":8.0,"key":"SMITH"},{"data":"Noxious Fumes","floor":11.0,"key":"SMITH"},{"data":"Catalyst","floor":15.0,"key":"SMITH"},{"data":"Malaise","floor":23.0,"key":"SMITH"},{"floor":29.0,"key":"REST"},{"floor":32.0,"key":"REST"},{"floor":40,"key":"REST"},{"floor":42,"key":"REST"},{"floor":49,"key":"REST"}],"neow_cost":"NONE","seed_source_timestamp":536322600148366,"circlet_count":0,"master_deck":["AscendersBane","Defend_G","Defend_G","Defend_G","Defend_G","Strike_G+1","Survivor","Neutralize+1","Leg Sweep","Crippling Poison+1","Poisoned Stab+1","Noxious Fumes+1","Catalyst+1","Malaise+1","PiercingWail","Predator","Footwork","Adrenaline","Acrobatics","Well Laid Plans","Finesse","Backflip+1"],"special_seed":0,"relics":["Ring of the Snake","Snake Skull","Matryoshka","Pear","Question Card","Dream Catcher","Mercury Hourglass","Bloody Idol","Empty Cage","Bronze Scales","Whetstone","Fusion Hammer","Torii","Molten Egg 2","Red Mask"],"potions_floor_usage":[33,39],"damage_taken":[{"damage":1.0,"enemies":"Cultist","floor":1.0,"turns":5.0},{"damage":5.0,"enemies":"Jaw Worm","floor":2.0,"turns":4.0},{"damage":0.0,"enemies":"2 Louse","floor":3.0,"turns":4.0},{"damage":3.0,"enemies":"Blue Slaver","floor":4.0,"turns":5.0},{"damage":0.0,"enemies":"3 Louse","floor":12.0,"turns":3.0},{"damage":4.0,"enemies":"2 Fungi Beasts","floor":14.0,"turns":3.0},{"damage":16.0,"enemies":"The Guardian","floor":16.0,"turns":8.0},{"damage":0.0,"enemies":"3 Byrds","floor":18.0,"turns":3.0},{"damage":4.0,"enemies":"Chosen","floor":19.0,"turns":4.0},{"damage":13.0,"enemies":"Centurion and Healer","floor":22.0,"turns":4.0},{"damage":36.0,"enemies":"Shelled Parasite and Fungi","floor":24.0,"turns":5.0},{"damage":4.0,"enemies":"Snake Plant","floor":28.0,"turns":3.0},{"damage":2.0,"enemies":"Snecko","floor":30.0,"turns":5.0},{"damage":40,"enemies":"Automaton","floor":33,"turns":10},{"damage":10,"enemies":"3 Shapes","floor":35,"turns":3},{"damage":2,"enemies":"Mind Bloom Boss Battle","floor":38,"turns":8},{"damage":8,"enemies":"3 Darklings","floor":39,"turns":4},{"damage":63,"enemies":"Time Eater","floor":50,"turns":11}],"seed_played":"-8351528114129272484","potions_obtained":[{"floor":3.0,"key":"AttackPotion"},{"floor":14.0,"key":"SkillPotion"},{"floor":16.0,"key":"Explosive Potion"},{"floor":21.0,"key":"EssenceOfSteel"},{"floor":22.0,"key":"LiquidBronze"},{"floor":33,"key":"FearPotion"},{"floor":38,"key":"Regen Potion"}],"is_trial":false,"path_per_floor":["M","M","M","M","T","R","T","R","T","$","R","M","?","M","R","B",null,"M","M","?","?","M","R","M","T","T","$","M","R","M","?","R","B",null,"M","$","?","?","M","R","$","R","T","$","?","?","$","?","R","B"],"character_chosen":"THE_SILENT","items_purchased":["Noxious Fumes","Skewer","Footwork","Block Potion","Well Laid Plans"],"campfire_rested":5,"item_purchase_floors":[10,10,27,27,36],"current_hp_per_floor":[58,53,53,50,50,50,60,60,60,60,60,60,60,56,56,40,62,62,58,58,58,45,45,9,9,9,9,5,25,23,23,43,8,54,49,49,49,52,61,69,69,69,69,69,69,69,69,66,66,3],"gold":0,"neow_bonus":"RANDOM_COMMON_RELIC","is_prod":false,"is_daily":false,"chose_seed":false,"campfire_upgraded":5,"win_rate":0,"timestamp":1554366565,"path_taken":["M","M","M","M","?","R","?","R","T","$","R","M","?","?","R","BOSS","M","M","?","?","?","R","M","?","T","$","M","R","M","?","R","BOSS","M","$","?","?","M","R","$","R","T","$","?","?","?","?","R","BOSS"],"build_version":"2019-01-23","purchased_purges":3,"victory":false,"max_hp_per_floor":[66,66,66,66,66,66,76,76,76,76,76,76,69,69,69,69,69,69,69,69,69,69,69,69,69,69,69,69,69,69,69,69,69,69,69,69,69,69,69,69,69,69,69,69,69,69,69,66,66,66],"card_choices":[{"not_picked":["Deflect","Prepared","Slice"],"picked":"SKIP","floor":1.0},{"not_picked":["Sucker Punch","Quick Slash"],"picked":"Leg Sweep","floor":2.0},{"not_picked":["All Out Attack","Prepared"],"picked":"Crippling Poison","floor":3.0},{"not_picked":["Deflect","Outmaneuver"],"picked":"Poisoned Stab","floor":4.0},{"not_picked":["Outmaneuver","After Image","Flying Knee"],"picked":"Catalyst","floor":12.0},{"not_picked":["Sucker Punch","Predator","Flying Knee"],"picked":"Caltrops","floor":14.0},{"not_picked":["A Thousand Cuts","Storm of Steel","Phantasmal Killer"],"picked":"Malaise","floor":16.0},{"not_picked":["Quick Slash","Setup","Outmaneuver"],"picked":"PiercingWail","floor":18.0},{"not_picked":["Poisoned Stab+1","Calculated Gamble+1","Reflex","Dagger Throw"],"picked":"SKIP","floor":19.0},{"not_picked":["Noxious Fumes","Sucker Punch","Eviscerate","Underhanded Strike"],"picked":"SKIP","floor":22.0},{"not_picked":["Dagger Throw","Distraction","Expertise","Poisoned Stab+1"],"picked":"SKIP","floor":24.0},{"not_picked":["Dagger Spray","Flying Knee","Deflect","Dash"],"picked":"SKIP","floor":28.0},{"not_picked":["Outmaneuver","Prepared","Sucker Punch","Flying Knee"],"picked":"SKIP","floor":30.0},{"not_picked":["A Thousand Cuts","Venomology","Night Terror"],"picked":"Adrenaline","floor":33},{"not_picked":["Noxious Fumes","Prepared","Dagger Spray"],"picked":"Acrobatics","floor":35},{"not_picked":["Enlightenment","Discovery","Blind"],"picked":"Finesse","floor":37},{"not_picked":["Expertise","Blade Dance","Prepared","Dagger Spray+1"],"picked":"SKIP","floor":39},{"not_picked":["Dodge and Roll","Escape Plan+1","Leg Sweep"],"picked":"Backflip+1","floor":49}],"player_experience":441093,"relics_obtained":[{"floor":5.0,"key":"Matryoshka"},{"floor":7.0,"key":"Pear"},{"floor":7.0,"key":"Question Card"},{"floor":9.0,"key":"Dream Catcher"},{"floor":9.0,"key":"Mercury Hourglass"},{"floor":25.0,"key":"Bronze Scales"},{"floor":26.0,"key":"Whetstone"},{"floor":38,"key":"Torii"},{"floor":43,"key":"Molten Egg 2"}],"event_choices":[{"damage_healed":0.0,"max_hp_gain":0.0,"max_hp_loss":7.0,"gold_gain":0.0,"event_name":"Golden Idol","player_choice":"Lose Max HP","floor":13.0,"gold_loss":0.0,"damage_taken":0.0,"relics_obtained":["Golden Idol"]},{"damage_healed":0.0,"max_hp_gain":0.0,"max_hp_loss":0.0,"gold_gain":0.0,"cards_transformed":["Strike_G","Strike_G"],"event_name":"Drug Dealer","player_choice":"Became Test Subject","floor":20.0,"gold_loss":0.0,"damage_taken":0.0,"cards_obtained":["Prepared","Predator"]},{"damage_healed":0.0,"max_hp_gain":0.0,"max_hp_loss":0.0,"gold_gain":0.0,"event_name":"The Woman in Blue","player_choice":"Bought 1 Potion","floor":21.0,"gold_loss":0.0,"damage_taken":0.0},{"damage_healed":0.0,"max_hp_gain":0.0,"max_hp_loss":0.0,"gold_gain":0.0,"event_name":"Forgotten Altar","player_choice":"Gave Idol","floor":31.0,"relics_lost":["Golden Idol"],"gold_loss":0.0,"damage_taken":0.0,"relics_obtained":["Bloody Idol"]},{"damage_healed":0,"gold_gain":0,"player_choice":"Memory 1","damage_taken":0,"max_hp_gain":0,"max_hp_loss":0,"event_name":"SensoryStone","floor":37,"gold_loss":0},{"damage_healed":0,"gold_gain":0,"player_choice":"Fight","damage_taken":0,"max_hp_gain":0,"max_hp_loss":0,"event_name":"MindBloom","floor":38,"gold_loss":0},{"cards_removed":["Skewer"],"damage_healed":0,"gold_gain":0,"player_choice":"Removed Attack","damage_taken":0,"max_hp_gain":0,"max_hp_loss":0,"event_name":"Falling","floor":45,"gold_loss":0},{"damage_healed":0,"gold_gain":0,"player_choice":"Paid","damage_taken":0,"relics_obtained":["Red Mask"],"max_hp_gain":0,"max_hp_loss":0,"event_name":"Tomb of Lord Red Mask","floor":46,"gold_loss":41},{"damage_healed":0,"gold_gain":0,"player_choice":"Max HP","damage_taken":0,"max_hp_gain":0,"max_hp_loss":3,"event_name":"Winding Halls","floor":48,"gold_loss":0}],"is_beta":false,"boss_relics":[{"not_picked":["Orrery","Runic Pyramid"],"picked":"Empty Cage"},{"not_picked":["Black Star","WristBlade"],"picked":"Fusion Hammer"}],"items_purged_floors":[27,36,41],"is_endless":false,"potions_floor_spawned":[3,14,16,22,28,33,35,38],"killed_by":"Time Eater","ascension_level":20}