{"gold_per_floor":[112,112,126,91,103,103,131,26,26,26,26,26,51,76,76,174,174,194,194,194,214,25,25,36,36,36,47,73,105,117,44,56,166,178,210,235,247,270,295,338,350,381,393,405,417,446,458,481,493,505],"floor_reached":51,"playtime":2795,"items_purged":["Armaments"],"score":967,"play_id":"0adfb47c-55d4-44c0-b2b3-5bd4da9356c7","local_time":"20180816194312","is_ascension_mode":true,"campfire_choices":[{"data":"Twin Strike","floor":6.0,"key":"SMITH"},{"data":"Perfected Strike","floor":10.0,"key":"SMITH"},{"data":"Bash","floor":15.0,"key":"SMITH"},{"data":"Barricade","floor":23.0,"key":"SMITH"},{"data":"Perfected Strike","floor":25.0,"key":"SMITH"},{"data":"Combust","floor":32.0,"key":"SMITH"},{"data":"Headbutt","floor":41.0,"key":"SMITH"},{"floor":45.0,"key":"REST"},{"data":"Pommel Strike","floor":49.0,"key":"SMITH"}],"neow_cost":"NONE","seed_source_timestamp":0,"circlet_count":0,"master_deck":["Strike_R+1","Strike_R+1","Strike_R+1","Strike_R+1","Strike_R+1","Defend_R+1","Defend_R+1","Bash+1","Twin Strike+1","Reaper","Perfected Strike+1","Power Through+1","Barricade+1","Perfected Strike+1","Shrug It Off+1","Combust+1","Flame Barrier+1","True Grit+1","Clothesline+1","Pommel Strike+1","Double Tap+1","Power Through+1","Dropkick+1","Wild Strike+1","Perfected Strike+1","Headbutt+1","Writhe","Shrug It Off+1","Shockwave+1","Entrench+1"],"special_seed":0,"relics":["Burning Blood","NeowsBlessing","Toxic Egg 2","Orichalcum","Shuriken","Bronze Scales","Centennial Puzzle","Velvet Choker","Blue Candle","MawBank","Paper Frog","Pear","Astrolabe","Red Skull","Bottled Tornado","Turnip"],"potions_floor_usage":[50,50],"damage_taken":[{"damage":0.0,"enemies":"Small Slimes","floor":1.0,"turns":1.0},{"damage":0.0,"enemies":"Cultist","floor":3.0,"turns":1.0},{"damage":0.0,"enemies":"Jaw Worm","floor":5.0,"turns":1.0},{"damage":14.0,"enemies":"3 Sentries","floor":7.0,"turns":10.0},{"damage":15.0,"enemies":"Lagavulin","floor":14.0,"turns":5.0},{"damage":51.0,"enemies":"Hexaghost","floor":16.0,"turns":9.0},{"damage":0.0,"enemies":"Chosen","floor":18.0,"turns":5.0},{"damage":2.0,"enemies":"Spheric Guardian","floor":21.0,"turns":4.0},{"damage":8.0,"enemies":"Snecko","floor":24.0,"turns":4.0},{"damage":14.0,"enemies":"Sentry and Sphere","floor":27.0,"turns":6.0},{"damage":4.0,"enemies":"Book of Stabbing","floor":28.0,"turns":5.0},{"damage":3.0,"enemies":"Centurion and Healer","floor":29.0,"turns":3.0},{"damage":37.0,"enemies":"Champ","floor":33.0,"turns":12.0},{"damage":5.0,"enemies":"3 Shapes","floor":35.0,"turns":5.0},{"damage":29.0,"enemies":"3 Darklings","floor":36.0,"turns":5.0},{"damage":21.0,"enemies":"Spire Growth","floor":38.0,"turns":5.0},{"damage":18.0,"enemies":"4 Shapes","floor":39.0,"turns":6.0},{"damage":19.0,"enemies":"2 Orb Walkers","floor":40.0,"turns":4.0},{"damage":10.0,"enemies":"Sphere and 2 Shapes","floor":42.0,"turns":5.0},{"damage":0.0,"floor":44.0,"turns":5.0},{"damage":5.0,"enemies":"Maw","floor":46.0,"turns":10.0},{"damage":11.0,"enemies":"Transient","floor":48.0,"turns":5.0},{"damage":100,"enemies":"Donu and Deca","floor":50,"turns":10}],"seed_played":"3380440585400077836","potions_obtained":[{"floor":5.0,"key":"Block Potion"},{"floor":14.0,"key":"Fruit Juice"},{"floor":16.0,"key":"SpeedPotion"},{"floor":27.0,"key":"Fire Potion"},{"floor":28.0,"key":"Swift Potion"},{"floor":33.0,"key":"BloodPotion"},{"floor":35.0,"key":"BloodPotion"},{"floor":38.0,"key":"Ancient Potion"},{"floor":46.0,"key":"BloodPotion"}],"is_trial":false,"path_per_floor":["M","?","M","?","M","R","E","$","T","R","$","?","T","E","R","B",null,"M","?","?","M","$","R","M","R","T","M","E","M","T","?","R","B",null,"M","M","?","M","M","E","R","M","T","?","R","M","?","M","R","B"],"character_chosen":"IRONCLAD","items_purchased":["Perfected Strike","Block Potion","Shrug It Off+1","Combust"],"campfire_rested":1,"item_purchase_floors":[8,8,22,22],"current_hp_per_floor":[78,45,51,71,77,77,69,69,69,69,69,74,74,70,70,30,75,81,81,81,85,85,85,83,83,83,75,77,80,80,90,90,59,90,91,90,100,85,88,75,75,71,71,77,100,100,100,95,95,11],"gold":517,"neow_bonus":"THREE_ENEMY_KILL","is_prod":false,"is_daily":false,"chose_seed":false,"campfire_upgraded":8,"win_rate":0,"timestamp":1534462992,"path_taken":["M","?","M","?","M","R","E","$","T","R","$","?","?","E","R","BOSS","M","?","?","M","$","R","M","R","T","M","E","?","?","?","R","BOSS","M","M","?","?","M","E","R","M","T","?","R","M","?","?","R","BOSS"],"build_version":"2018-08-09","purchased_purges":1,"victory":true,"max_hp_per_floor":[80,80,80,80,80,80,80,80,80,80,80,85,85,85,85,90,90,90,90,90,90,90,90,90,90,90,90,90,90,90,100,100,100,100,100,100,100,100,100,100,100,100,100,100,100,100,100,100,100,100],"card_choices":[{"not_picked":["Clash","Infernal Blade"],"picked":"Armaments","floor":1.0},{"not_picked":["Flex+1","Thunderclap"],"picked":"Armaments+1","floor":3.0},{"not_picked":["Brutality","Sword Boomerang"],"picked":"Twin Strike","floor":5.0},{"not_picked":["Sentinel+1","Corruption"],"picked":"Reaper","floor":7.0},{"not_picked":["Corruption","Uppercut"],"picked":"Power Through+1","floor":14.0},{"not_picked":["Exhume+1","Brutality"],"picked":"Barricade","floor":16.0},{"not_picked":["Sever Soul+1","True Grit+1"],"picked":"Perfected Strike","floor":18.0},{"not_picked":["Heavy Blade","Seeing Red+1","Anger"],"picked":"SKIP","floor":21.0},{"not_picked":["Clash","Havoc+1"],"picked":"Flame Barrier+1","floor":24.0},{"not_picked":["Cleave","Spot Weakness+1"],"picked":"True Grit+1","floor":27.0},{"not_picked":["Warcry+1","Anger"],"picked":"Clothesline+1","floor":28.0},{"not_picked":["Reaper","Warcry+1"],"picked":"Pommel Strike","floor":29.0},{"not_picked":["Exhume+1","Berserk"],"picked":"Double Tap+1","floor":33.0},{"not_picked":["Rupture+1","Havoc+1"],"picked":"Perfected Strike+1","floor":35.0},{"not_picked":["Twin Strike","Rupture"],"picked":"Headbutt","floor":36.0},{"not_picked":["Fire Breathing","Anger+1","Warcry+1"],"picked":"SKIP","floor":38.0},{"not_picked":["Carnage","Perfected Strike"],"picked":"Shrug It Off+1","floor":39.0},{"not_picked":["Shrug It Off+1","Hemokinesis","Second Wind+1"],"picked":"SKIP","floor":40.0},{"not_picked":["Cleave+1","Thunderclap","Havoc+1"],"picked":"SKIP","floor":42.0},{"not_picked":["Havoc+1","Warcry+1"],"picked":"Shockwave+1","floor":46.0},{"not_picked":["Spot Weakness+1","Power Through+1"],"picked":"Entrench+1","floor":48.0}],"player_experience":91861,"relics_obtained":[{"floor":7.0,"key":"Orichalcum"},{"floor":9.0,"key":"Shuriken"},{"floor":13.0,"key":"Bronze Scales"},{"floor":14.0,"key":"Centennial Puzzle"},{"floor":26.0,"key":"Blue Candle"},{"floor":28.0,"key":"MawBank"},{"floor":30.0,"key":"Paper Frog"},{"floor":40.0,"key":"Red Skull"},{"floor":43.0,"key":"Bottled Tornado"},{"floor":44.0,"key":"Turnip"}],"event_choices":[{"event_name":"Scrap Ooze","player_choice":"success","floor":2.0,"damage_taken":33.0},{"event_name":"The Cleric","player_choice":"Healed","floor":4.0,"damage_taken":0.0},{"event_name":"Big Fish","player_choice":"Donut","floor":12.0,"damage_taken":0.0},{"event_name":"The Library","player_choice":"Read","floor":19.0,"damage_taken":0.0},{"event_name":"Back to Basics","player_choice":"Simplicity","floor":20.0,"damage_taken":0.0},{"event_name":"Addict","player_choice":"Obtained Relic","floor":31.0,"damage_taken":0.0},{"event_name":"Winding Halls","player_choice":"Writhe","floor":37.0,"damage_taken":0.0},{"event_name":"MindBloom","player_choice":"Fight","floor":44.0,"damage_taken":0.0},{"event_name":"Falling","player_choice":"Removed Skill","floor":47.0,"damage_taken":0.0}],"is_beta":false,"boss_relics":[{"not_picked":["Ectoplasm","Eternal Feather"],"picked":"Velvet Choker"},{"not_picked":["Black Star","Pandora\u0027s Box"],"picked":"Astrolabe"}],"items_purged_floors":[22],"is_endless":false,"potions_floor_spawned":[5,14,16,27,28,33,35,38,46],"ascension_level":8}