{"path_per_floor":["M","M","?","M","?","E","R","M","T","M","R","M","E","M","R","B",null,"M","?","$","M","?","M","$","E","T","$","M","?","E","$","R"],"character_chosen":"IRONCLAD","items_purchased":["Anchor","Vajra"],"gold_per_floor":[110,127,127,141,141,172,172,184,184,203,203,217,244,256,256,355,355,375,300,152,168,168,184,31,57,137,62,75,75,100,0,0,0],"floor_reached":33,"campfire_rested":1,"playtime":1302,"item_purchase_floors":[20,24],"current_hp_per_floor":[80,78,71,77,70,53,53,58,58,61,61,67,58,57,57,29,80,78,78,78,76,76,63,63,33,33,33,25,25,31,31,61,0],"items_purged":["Defend_R","Writhe"],"gold":0,"score":322,"play_id":"33ef4988-6474-4639-a2fc-1164f5081ec3","local_time":"20180531220228","is_prod":false,"is_daily":false,"chose_seed":false,"is_ascension_mode":false,"campfire_upgraded":3,"win_rate":0,"timestamp":1527768148,"campfire_choices":[{"data":"Cleave","floor":7,"key":"SMITH"},{"data":"Iron Wave","floor":11,"key":"SMITH"},{"data":"Twin Strike","floor":15,"key":"SMITH"},{"floor":32,"key":"REST"}],"path_taken":["M","M","?","M","?","E","R","M","T","M","R","M","E","M","R","BOSS","M","?","$","M","?","M","?","E","T","?","?","?","E","$","R","BOSS"],"build_version":"2018-05-30v2","seed_source_timestamp":46563552670318,"purchased_purges":2,"victory":false,"master_deck":["Strike_R","Strike_R","Strike_R","Defend_R","Defend_R","Defend_R","Bash+1","Iron Wave+1","Twin Strike+1","Cleave+1","Shrug It Off","Iron Wave+1","Twin Strike+1","Headbutt+1","Impervious"],"max_hp_per_floor":[80,80,80,80,80,80,80,80,80,80,80,80,80,80,80,80,80,80,80,80,80,80,80,80,80,80,80,80,80,80,80,80,80],"relics":["Burning Blood","Centennial Puzzle","Bottled Flame","Molten Egg 2","Self Forming Clay","Eternal Feather","Anchor","Gremlin Horn","Vajra","Bag of Marbles","Dodecahedron","Omamori"],"card_choices":[{"not_picked":["Clash","Uppercut","Armaments"],"picked":"SKIP","floor":1},{"not_picked":["Dual Wield","Disarm"],"picked":"Iron Wave","floor":2},{"not_picked":["Carnage","Perfected Strike"],"picked":"Twin Strike","floor":4},{"not_picked":["Shrug It Off","Havoc"],"picked":"Cleave","floor":6},{"not_picked":["Pummel","Clash"],"picked":"Shrug It Off","floor":8},{"not_picked":["Sever Soul+1","Flex","Rage"],"picked":"SKIP","floor":10},{"not_picked":["Immolate+1","Iron Wave+1","True Grit"],"picked":"SKIP","floor":12},{"not_picked":["Combust","Sword Boomerang+1","Blood for Blood+1"],"picked":"SKIP","floor":13},{"not_picked":["Armaments","Ghostly Armor"],"picked":"Iron Wave+1","floor":14},{"not_picked":["Wild Strike+1","Body Slam+1"],"picked":"Twin Strike+1","floor":18},{"not_picked":["Infernal Blade","Clothesline+1","Corruption"],"picked":"SKIP","floor":21},{"not_picked":["Shrug It Off","Combust"],"picked":"Headbutt+1","floor":23},{"not_picked":["Wild Strike+1","Anger+1","Havoc+1"],"picked":"SKIP","floor":25},{"not_picked":["Clash+1","Cleave+1"],"picked":"Impervious","floor":28},{"not_picked":["Havoc","Iron Wave+1","Carnage+1"],"picked":"SKIP","floor":30}],"player_experience":32895,"potions_floor_usage":[6,13,16,25,30,30,33],"damage_taken":[{"damage":2,"enemies":"2 Louse","floor":1,"turns":3},{"damage":8,"enemies":"Jaw Worm","floor":2,"turns":3},{"damage":0,"enemies":"Small Slimes","floor":4,"turns":3},{"damage":23,"enemies":"3 Sentries","floor":6,"turns":10},{"damage":1,"enemies":"Exordium Wildlife","floor":8,"turns":2},{"damage":3,"enemies":"2 Fungi Beasts","floor":10,"turns":3},{"damage":0,"enemies":"Large Slime","floor":12,"turns":6},{"damage":15,"enemies":"Gremlin Nob","floor":13,"turns":4},{"damage":7,"enemies":"Blue Slaver","floor":14,"turns":4},{"damage":34,"enemies":"Hexaghost","floor":16,"turns":8},{"damage":8,"enemies":"Chosen","floor":18,"turns":6},{"damage":8,"enemies":"3 Byrds","floor":21,"turns":5},{"damage":19,"enemies":"Centurion and Healer","floor":23,"turns":9},{"damage":41,"enemies":"Book of Stabbing","floor":25,"turns":6},{"damage":14,"enemies":"3 Cultists","floor":28,"turns":5},{"damage":0,"enemies":"Gremlin Leader","floor":30,"turns":8},{"damage":61,"enemies":"Automaton","floor":33,"turns":6}],"relics_obtained":[{"floor":6,"key":"Bottled Flame"},{"floor":9,"key":"Molten Egg 2"},{"floor":13,"key":"Self Forming Clay"},{"floor":25,"key":"Bag of Marbles"},{"floor":26,"key":"Dodecahedron"},{"floor":30,"key":"Omamori"}],"event_choices":[{"event_name":"Golden Wing","player_choice":"Card Removal","floor":3,"damage_taken":0},{"event_name":"Scrap Ooze","player_choice":"success","floor":5,"damage_taken":7},{"event_name":"Beggar","player_choice":"Gave Gold","floor":19,"damage_taken":0},{"event_name":"The Mausoleum","player_choice":"Yes","floor":22,"damage_taken":0},{"event_name":"Vampires","player_choice":"Ignored","floor":29,"damage_taken":0}],"boss_relics":[{"not_picked":["Lizard Tail","Calling Bell"],"picked":"Eternal Feather"}],"items_purged_floors":[27,31],"potions_floor_spawned":[2,8,10,12,13,16,21,25,28],"seed_played":"5531098055987997460","killed_by":"Automaton","ascension_level":0,"potions_obtained":[{"floor":2,"key":"Fire Potion"},{"floor":8,"key":"SpeedPotion"},{"floor":10,"key":"AttackPotion"},{"floor":12,"key":"SmokeBomb"},{"floor":13,"key":"SteroidPotion"},{"floor":16,"key":"Regen Potion"},{"floor":21,"key":"Dexterity Potion"},{"floor":25,"key":"PowerPotion"}],"is_trial":false}