{"gold_per_floor":[117,136,150,124,124,124,156,156,210,139,171,171,190,206,206,303,303,313,313,331,348,361,361,377,377,377,377,410,426,525,594,594,698,698,715,329,329,347,347,347,366,366,435,435],"floor_reached":44,"playtime":4591,"items_purged":[],"score":465,"play_id":"267ee17a-85c3-40e4-bf60-8ae15f86b760","local_time":"20181031133020","is_ascension_mode":false,"campfire_choices":[{"data":"Flying Knee","floor":6,"key":"SMITH"},{"data":"Outmaneuver","floor":8,"key":"SMITH"},{"data":"Noxious Fumes","floor":12,"key":"SMITH"},{"data":"Distraction","floor":15,"key":"SMITH"},{"floor":23,"key":"REST"},{"data":"Dash","floor":25,"key":"SMITH"},{"data":"Cloak And Dagger","floor":27,"key":"SMITH"},{"floor":32,"key":"REST"},{"data":"Envenom","floor":40,"key":"SMITH"},{"floor":42,"key":"REST"}],"neow_cost":"NONE","seed_source_timestamp":3147992606678,"circlet_count":0,"master_deck":["Defend_G","Defend_G","Defend_G","Defend_G","Defend_G","Strike_G","Strike_G","Strike_G","Strike_G","Strike_G","Survivor","Neutralize","Flying Knee+1","Dodge and Roll+1","Cloak And Dagger+1","Dagger Throw","Outmaneuver+1","Noxious Fumes+1","Dagger Spray","Distraction+1","Night Terror","Blur","Slice+1","Underhanded Strike","Dash+1","Blade Dance+1","Concentrate","Envenom+1","Deflect+1","Footwork","Madness","Madness","Poisoned Stab+1"],"relics":["Ring of the Snake","Kunai","Strawberry","Boot","Runic Pyramid","Ginger","Art of War","Bottled Lightning","Molten Egg 2","WristBlade","Gambling Chip","FaceOfCleric","Mercury Hourglass"],"potions_floor_usage":[4,7,16,18,22,33],"damage_taken":[{"damage":0,"enemies":"2 Louse","floor":1,"turns":3},{"damage":0,"enemies":"Small Slimes","floor":2,"turns":3},{"damage":0,"enemies":"Cultist","floor":3,"turns":4},{"damage":11,"enemies":"Exordium Thugs","floor":4,"turns":5},{"damage":5,"enemies":"3 Sentries","floor":7,"turns":10},{"damage":15,"enemies":"Gremlin Nob","floor":11,"turns":5},{"damage":2,"enemies":"Exordium Wildlife","floor":13,"turns":4},{"damage":3,"enemies":"Gremlin Gang","floor":14,"turns":4},{"damage":26,"enemies":"Hexaghost","floor":16,"turns":11},{"damage":10,"enemies":"2 Thieves","floor":18,"turns":5},{"damage":2,"enemies":"Spheric Guardian","floor":20,"turns":6},{"damage":15,"enemies":"Snecko","floor":21,"turns":8},{"damage":20,"enemies":"Snake Plant","floor":22,"turns":5},{"damage":0,"enemies":"Cultist and Chosen","floor":24,"turns":6},{"damage":36,"enemies":"Gremlin Leader","floor":28,"turns":9},{"damage":1,"enemies":"Chosen and Byrds","floor":29,"turns":4},{"damage":29,"enemies":"Collector","floor":33,"turns":11},{"damage":0,"enemies":"3 Shapes","floor":35,"turns":6},{"damage":23,"enemies":"3 Darklings","floor":38,"turns":6},{"damage":18,"enemies":"4 Shapes","floor":41,"turns":7},{"damage":65,"enemies":"Reptomancer","floor":44,"turns":2}],"seed_played":"6893270638913316591","potions_obtained":[{"floor":1,"key":"Explosive Potion"},{"floor":4,"key":"LiquidBronze"},{"floor":11,"key":"Poison Potion"},{"floor":16,"key":"SkillPotion"},{"floor":20,"key":"Dexterity Potion"},{"floor":28,"key":"Block Potion"}],"is_trial":false,"path_per_floor":["M","M","M","M","?","R","E","R","T","$","E","R","M","M","R","B",null,"M","?","M","M","M","R","M","R","T","R","E","M","?","T","R","B",null,"M","$","?","M","?","R","M","R","T"],"character_chosen":"THE_SILENT","items_purchased":["Noxious Fumes","Footwork","Gambling Chip"],"campfire_rested":3,"item_purchase_floors":[10,36,36],"current_hp_per_floor":[77,77,77,66,66,66,61,61,68,68,53,53,51,48,48,22,84,74,74,72,57,37,62,62,62,62,62,26,25,25,25,50,21,84,84,84,73,50,50,50,33,58,58,0],"gold":435,"neow_bonus":"TEN_PERCENT_HP_BONUS","is_prod":false,"is_daily":false,"chose_seed":false,"campfire_upgraded":7,"win_rate":0,"timestamp":1540953020,"path_taken":["M","M","M","M","?","R","E","R","T","?","E","R","M","M","R","BOSS","M","?","M","M","M","R","M","R","T","R","E","M","?","?","R","BOSS","M","?","?","M","?","R","M","R","T","E"],"build_version":"2018-10-29v2","purchased_purges":0,"victory":false,"max_hp_per_floor":[77,77,77,77,77,77,77,77,84,84,84,84,84,84,84,84,84,84,84,84,84,84,84,84,84,84,84,84,84,84,84,84,84,84,84,84,84,84,84,84,85,85,85,85],"card_choices":[{"not_picked":["Reflex","Outmaneuver"],"picked":"Flying Knee","floor":1},{"not_picked":["Caltrops","Poisoned Stab"],"picked":"Dodge and Roll","floor":2},{"not_picked":["Quick Slash","PiercingWail"],"picked":"Cloak And Dagger","floor":3},{"not_picked":["Masterful Stab","Endless Agony"],"picked":"Dagger Throw","floor":4},{"not_picked":["Finisher","Riddle With Holes"],"picked":"Outmaneuver","floor":7},{"not_picked":["Quick Slash","Leg Sweep"],"picked":"Dagger Spray","floor":11},{"not_picked":["Quick Slash","Eviscerate"],"picked":"Distraction","floor":13},{"not_picked":["Deadly Poison","Bane","Cloak And Dagger"],"picked":"SKIP","floor":14},{"not_picked":["Grand Finale","Wraith Form v2"],"picked":"Night Terror","floor":16},{"not_picked":["Dodge and Roll","Slice+1"],"picked":"Blur","floor":18},{"not_picked":["Caltrops","PiercingWail"],"picked":"Slice+1","floor":20},{"not_picked":["Dagger Spray","Predator","Flying Knee"],"picked":"SKIP","floor":21},{"not_picked":["Slice","All Out Attack"],"picked":"Underhanded Strike","floor":22},{"not_picked":["Dagger Spray","Riddle With Holes"],"picked":"Dash","floor":24},{"not_picked":["Dodge and Roll+1","Poisoned Stab"],"picked":"Blade Dance+1","floor":28},{"not_picked":["Underhanded Strike","Heel Hook"],"picked":"Concentrate","floor":29},{"not_picked":["Burst","A Thousand Cuts"],"picked":"Envenom","floor":33},{"not_picked":["PiercingWail+1","Eviscerate+1"],"picked":"Deflect+1","floor":35},{"not_picked":["Outmaneuver","Choke+1","Calculated Gamble+1"],"picked":"SKIP","floor":38},{"not_picked":["Backflip+1","Sucker Punch+1"],"picked":"Poisoned Stab+1","floor":41}],"player_experience":141235,"relics_obtained":[{"floor":7,"key":"Kunai"},{"floor":9,"key":"Strawberry"},{"floor":11,"key":"Boot"},{"floor":26,"key":"Art of War"},{"floor":28,"key":"Bottled Lightning"},{"floor":31,"key":"Molten Egg 2"},{"floor":43,"key":"Mercury Hourglass"}],"event_choices":[{"damage_healed":0,"gold_gain":0,"player_choice":"Grow","damage_taken":0,"max_hp_gain":0,"max_hp_loss":0,"event_name":"Living Wall","floor":5,"gold_loss":0,"cards_upgraded":["Dodge and Roll"]},{"damage_healed":0,"gold_gain":0,"player_choice":"Opened","damage_taken":0,"relics_obtained":["Ginger"],"max_hp_gain":0,"max_hp_loss":0,"event_name":"The Mausoleum","floor":19,"gold_loss":0},{"damage_healed":0,"gold_gain":99,"player_choice":"Stole From Cult","damage_taken":0,"max_hp_gain":0,"max_hp_loss":0,"event_name":"Nest","floor":30,"gold_loss":0},{"damage_healed":0,"gold_gain":0,"player_choice":"Embrace Madness","damage_taken":11,"max_hp_gain":0,"max_hp_loss":0,"event_name":"Winding Halls","floor":37,"gold_loss":0,"cards_obtained":["Madness","Madness"]},{"damage_healed":0,"gold_gain":0,"player_choice":"Trade","damage_taken":0,"relics_obtained":["FaceOfCleric"],"max_hp_gain":0,"max_hp_loss":0,"event_name":"FaceTrader","floor":39,"gold_loss":0}],"is_beta":true,"boss_relics":[{"not_picked":["Velvet Choker","Ring of the Serpent"],"picked":"Runic Pyramid"},{"not_picked":["Eternal Feather","Cursed Key"],"picked":"WristBlade"}],"items_purged_floors":[],"is_endless":false,"potions_floor_spawned":[1,4,11,16,20,28],"killed_by":"Reptomancer","ascension_level":0}