{"gold_per_floor":[209,284,136,156,174,174,192,220,220,240,240,260,260,288,288,386,386,402,422,75,75,75,75,107,107,134,146,179,191,191,191,191,288,288,306,326,97,116,193,193,205,205,205,205,205,205,222,222,222,222],"floor_reached":51,"playtime":2439,"items_purged":["Strike_B"],"score":880,"play_id":"da28cb9c-aa5b-42aa-8e63-2074f191642b","local_time":"20190602014305","is_ascension_mode":true,"campfire_choices":[{"data":"Sunder","floor":6,"key":"SMITH"},{"floor":11,"key":"REST"},{"data":"Glacier","floor":13,"key":"SMITH"},{"data":"Zap","floor":15,"key":"SMITH"},{"data":"Buffer","floor":23,"key":"SMITH"},{"data":"Defragment","floor":25,"key":"SMITH"},{"floor":30,"key":"REST"},{"data":"Go for the Eyes","floor":32,"key":"SMITH"},{"data":"Machine Learning","floor":40,"key":"SMITH"},{"data":"Strike_B+1","floor":42,"key":"PURGE"},{"data":"Strike_B+1","floor":44,"key":"PURGE"},{"data":"Compile Driver","floor":49,"key":"SMITH"}],"neow_cost":"NONE","seed_source_timestamp":106899795738233,"circlet_count":0,"master_deck":["Defend_B+1","Defend_B+1","Defend_B+1","Defend_B+1","Zap+1","Glacier+1","Sunder+1","Ball Lightning+1","BootSequence","Echo Form","Buffer+1","Defragment+1","Compile Driver+1","Rainbow","Go for the Eyes+1","Machine Learning+1"],"relics":["Cracked Core","Mummified Hand","The Courier","Blue Candle","Nuclear Battery","Peace Pipe","Potion Belt","Boot","Juzu Bracelet","Inserter","Pocketwatch","Bottled Tornado","Bottled Lightning"],"potions_floor_usage":[16,16,28,50,50,50,50],"damage_taken":[{"damage":0,"enemies":"Small Slimes","floor":1,"turns":4},{"damage":4,"enemies":"2 Louse","floor":4,"turns":3},{"damage":6,"enemies":"Jaw Worm","floor":5,"turns":3},{"damage":0,"enemies":"Red Slaver","floor":7,"turns":4},{"damage":26,"enemies":"Lagavulin","floor":8,"turns":5},{"damage":6,"enemies":"Large Slime","floor":10,"turns":4},{"damage":3,"enemies":"Exordium Thugs","floor":12,"turns":4},{"damage":5,"enemies":"3 Sentries","floor":14,"turns":5},{"damage":12,"enemies":"Hexaghost","floor":16,"turns":8},{"damage":1,"enemies":"Spheric Guardian","floor":18,"turns":3},{"damage":0,"enemies":"Chosen","floor":19,"turns":4},{"damage":27,"enemies":"Book of Stabbing","floor":24,"turns":9},{"damage":0,"enemies":"Centurion and Healer","floor":27,"turns":5},{"damage":17,"enemies":"Slavers","floor":28,"turns":5},{"damage":0,"enemies":"Chosen and Byrds","floor":29,"turns":4},{"damage":0,"enemies":"Collector","floor":33,"turns":11},{"damage":0,"enemies":"3 Shapes","floor":35,"turns":4},{"damage":5,"enemies":"Orb Walker","floor":36,"turns":3},{"damage":0,"enemies":"Maw","floor":38,"turns":8},{"damage":0,"enemies":"Transient","floor":41,"turns":5},{"damage":1,"enemies":"Sphere and 2 Shapes","floor":47,"turns":5},{"damage":35,"enemies":"Donu and Deca","floor":50,"turns":13}],"seed_played":"3819490304621366695","potions_obtained":[{"floor":1,"key":"Block Potion"},{"floor":4,"key":"Energy Potion"},{"floor":12,"key":"Regen Potion"},{"floor":18,"key":"Poison Potion"},{"floor":19,"key":"Strength Potion"},{"floor":33,"key":"Poison Potion"},{"floor":38,"key":"Strength Potion"}],"is_trial":false,"path_per_floor":["M","?","$","M","M","R","M","E","T","M","R","M","R","E","R","B",null,"M","M","$","?","?","R","E","R","T","M","E","M","R","?","R","B",null,"M","M","$","M","T","R","M","R","T","R","?","?","M","?","R","B",null],"character_chosen":"DEFECT","items_purchased":["Glacier","Sunder","Peace Pipe","Compile Driver","Pocketwatch"],"campfire_rested":2,"item_purchase_floors":[3,3,20,20,37],"current_hp_per_floor":[75,64,64,60,54,54,54,28,28,22,44,41,41,36,36,39,75,74,74,74,74,67,67,40,40,40,40,23,23,45,45,45,45,75,75,70,70,70,70,70,70,70,70,70,70,70,69,69,69,34],"gold":222,"neow_bonus":"HUNDRED_GOLD","is_prod":false,"is_daily":false,"chose_seed":false,"campfire_upgraded":8,"win_rate":0,"timestamp":1559461385,"path_taken":["M","?","$","M","M","R","M","E","T","M","R","M","R","E","R","BOSS","M","M","$","?","?","R","E","R","T","M","E","M","R","?","R","BOSS","M","M","$","M","?","R","M","R","T","R","?","?","M","?","R","BOSS"],"build_version":"2019-01-23","purchased_purges":1,"victory":true,"max_hp_per_floor":[75,75,75,75,75,75,75,75,75,75,75,75,75,75,75,75,75,75,75,75,75,75,75,75,75,75,75,75,75,75,75,75,75,75,75,75,75,75,75,75,75,75,75,75,75,75,75,75,75,75],"card_choices":[{"not_picked":["Steam Power","Blizzard","Stack"],"picked":"SKIP","floor":1},{"not_picked":["Rebound","Gash"],"picked":"Ball Lightning","floor":4},{"not_picked":["Chill","Gash"],"picked":"BootSequence","floor":5},{"not_picked":["Ball Lightning","Rebound","Stack"],"picked":"SKIP","floor":7},{"not_picked":["Tempest","Go for the Eyes"],"picked":"Echo Form","floor":8},{"not_picked":["Streamline","Loop","White Noise"],"picked":"SKIP","floor":10},{"not_picked":["Hologram","Barrage","Skim"],"picked":"SKIP","floor":12},{"not_picked":["Sweeping Beam","Turbo","Sunder"],"picked":"SKIP","floor":14},{"not_picked":["Electrodynamics","All For One"],"picked":"Buffer","floor":16},{"not_picked":["Turbo","Self Repair"],"picked":"Defragment","floor":18},{"not_picked":["Glacier+1","Beam Cell","Gash"],"picked":"SKIP","floor":19},{"not_picked":["Reprogram+1","Stack+1"],"picked":"Rainbow","floor":24},{"not_picked":["Hologram","Heatsinks+1"],"picked":"Go for the Eyes","floor":27},{"not_picked":["Beam Cell","Steam+1","Stack"],"picked":"SKIP","floor":28},{"not_picked":["Rip and Tear+1","Heatsinks+1","Leap"],"picked":"SKIP","floor":29},{"not_picked":["Meteor Strike","Fission"],"picked":"Machine Learning","floor":33},{"not_picked":["Sunder","Defragment+1","Hologram+1"],"picked":"SKIP","floor":35},{"not_picked":["Leap+1","Skim","Steam"],"picked":"SKIP","floor":36},{"not_picked":["White Noise","Blizzard+1","Beam Cell+1"],"picked":"SKIP","floor":38},{"not_picked":["Static Discharge+1","Beam Cell+1","Leap"],"picked":"SKIP","floor":41},{"not_picked":["Beam Cell","Melter","Cold Snap+1"],"picked":"SKIP","floor":47}],"player_experience":654384,"relics_obtained":[{"floor":8,"key":"Mummified Hand"},{"floor":9,"key":"The Courier"},{"floor":14,"key":"Blue Candle"},{"floor":24,"key":"Potion Belt"},{"floor":26,"key":"Boot"},{"floor":28,"key":"Juzu Bracelet"},{"floor":39,"key":"Bottled Tornado"},{"floor":43,"key":"Bottled Lightning"}],"event_choices":[{"damage_healed":0,"gold_gain":75,"player_choice":"Gather Gold","damage_taken":11,"max_hp_gain":0,"max_hp_loss":0,"event_name":"World of Goop","floor":2,"gold_loss":0},{"damage_healed":0,"gold_gain":0,"player_choice":"Simplicity","damage_taken":0,"max_hp_gain":0,"max_hp_loss":0,"event_name":"Back to Basics","floor":21,"gold_loss":0,"cards_upgraded":["Strike_B","Strike_B","Strike_B","Defend_B","Defend_B","Defend_B","Defend_B"]},{"damage_healed":0,"gold_gain":0,"player_choice":"","damage_taken":7,"max_hp_gain":0,"max_hp_loss":0,"event_name":"Knowing Skull","floor":22,"potions_obtained":[],"gold_loss":0,"cards_obtained":[]},{"cards_removed":["Dualcast"],"damage_healed":0,"gold_gain":0,"player_choice":"Offered Basic","damage_taken":0,"max_hp_gain":0,"max_hp_loss":0,"event_name":"Bonfire Elementals","floor":31,"gold_loss":0},{"cards_removed":["Strike_B"],"damage_healed":0,"gold_gain":0,"player_choice":"Purged","damage_taken":0,"max_hp_gain":0,"max_hp_loss":0,"event_name":"Purifier","floor":45,"gold_loss":0},{"damage_healed":0,"gold_gain":0,"player_choice":"Memory 1","damage_taken":0,"max_hp_gain":0,"max_hp_loss":0,"event_name":"SensoryStone","floor":46,"gold_loss":0},{"damage_healed":0,"gold_gain":0,"player_choice":"Forge","damage_taken":0,"max_hp_gain":0,"max_hp_loss":0,"event_name":"Accursed Blacksmith","floor":48,"gold_loss":0,"cards_upgraded":["Ball Lightning"]}],"is_beta":false,"boss_relics":[{"not_picked":["Black Star","Eternal Feather"],"picked":"Nuclear Battery"},{"not_picked":["Philosopher\u0027s Stone","Empty Cage"],"picked":"Inserter"}],"items_purged_floors":[20],"is_endless":false,"potions_floor_spawned":[1,4,12,18,19,33,38],"ascension_level":1}