{"gold_per_floor":[217,217,34,134,150,150,162,188,235,185,185,201,228,79,79,174,174,188,188,188,202,60,60,93,43,66,78,90,113,144,156,168,280,292,323,35,35,135,155,181,195,195,219,230,264,281,281,291,291,291],"floor_reached":51,"playtime":3040,"items_purged":["Strike_R"],"score":893,"play_id":"51d6c2fb-5619-48c5-9e66-9e0344e71cf8","local_time":"20190604163611","is_ascension_mode":true,"campfire_choices":[{"data":"True Grit","floor":6.0,"key":"SMITH"},{"data":"Spot Weakness","floor":11.0,"key":"SMITH"},{"data":"Flame Barrier","floor":15.0,"key":"SMITH"},{"data":"Feel No Pain","floor":23.0,"key":"SMITH"},{"data":"Clothesline","floor":27.0,"key":"SMITH"},{"floor":32.0,"key":"REST"},{"data":"Defend_R+1","floor":42.0,"key":"PURGE"},{"data":"Immolate","floor":47.0,"key":"SMITH"},{"data":"Armaments","floor":49.0,"key":"SMITH"}],"neow_cost":"NONE","seed_source_timestamp":1779679742956,"circlet_count":0,"master_deck":["Strike_R+1","Strike_R+1","Defend_R+1","Defend_R+1","Defend_R+1","Bash","True Grit+1","Battle Trance","Spot Weakness+1","Battle Trance","Shrug It Off","Clothesline+1","Armaments+1","Flame Barrier+1","Metallicize","Bludgeon","Burning Pact","Evolve+1","Feel No Pain+1","Seeing Red+1","Warcry+1","Impervious","True Grit+1","Carnage","Headbutt","Disarm","Spot Weakness+1","Sword Boomerang+1","Immolate+1","Corruption+1","Body Slam+1"],"special_seed":0,"relics":["Burning Blood","Oddly Smooth Stone","Juzu Bracelet","Boot","Happy Flower","Mark of Pain","Omamori","MawBank","MutagenicStrength","Snecko Eye","Thread and Needle","FossilizedHelix","Peace Pipe","Lantern","Magic Flower"],"potions_floor_usage":[50,50],"damage_taken":[{"damage":8.0,"enemies":"Jaw Worm","floor":1.0,"turns":4.0},{"damage":3.0,"enemies":"Small Slimes","floor":5.0,"turns":4.0},{"damage":0.0,"enemies":"Cultist","floor":7.0,"turns":3.0},{"damage":24.0,"enemies":"Gremlin Nob","floor":8.0,"turns":4.0},{"damage":1.0,"enemies":"Exordium Wildlife","floor":12.0,"turns":5.0},{"damage":17.0,"enemies":"3 Sentries","floor":13.0,"turns":7.0},{"damage":11.0,"enemies":"Slime Boss","floor":16.0,"turns":12.0},{"damage":0.0,"enemies":"Chosen","floor":18.0,"turns":4.0},{"damage":16.0,"enemies":"Spheric Guardian","floor":21.0,"turns":5.0},{"damage":44.0,"enemies":"Slavers","floor":24.0,"turns":8.0},{"damage":2.0,"enemies":"Snecko","floor":29.0,"turns":5.0},{"damage":13.0,"enemies":"Shelled Parasite and Fungi","floor":30.0,"turns":7.0},{"damage":16.0,"enemies":"Collector","floor":33.0,"turns":13.0},{"damage":0.0,"enemies":"3 Shapes","floor":35.0,"turns":3.0},{"damage":0.0,"enemies":"Mind Bloom Boss Battle","floor":38.0,"turns":6.0},{"damage":0.0,"enemies":"Orb Walker","floor":39.0,"turns":4.0},{"damage":9.0,"enemies":"Reptomancer","floor":40.0,"turns":7.0},{"damage":22.0,"enemies":"Sphere and 2 Shapes","floor":41.0,"turns":5.0},{"damage":0.0,"enemies":"Writhing Mass","floor":44.0,"turns":6.0},{"damage":16.0,"enemies":"Giant Head","floor":45.0,"turns":9.0},{"damage":0.0,"enemies":"Jaw Worm Horde","floor":46.0,"turns":2.0},{"damage":0.0,"enemies":"Maw","floor":48.0,"turns":6.0},{"damage":0,"enemies":"Time Eater","floor":50,"turns":7}],"seed_played":"637342682201428769","potions_obtained":[{"floor":1.0,"key":"EssenceOfSteel"},{"floor":5.0,"key":"Fire Potion"},{"floor":8.0,"key":"AttackPotion"},{"floor":12.0,"key":"Poison Potion"},{"floor":16.0,"key":"Ancient Potion"},{"floor":29.0,"key":"Block Potion"},{"floor":33.0,"key":"GamblersBrew"},{"floor":39.0,"key":"PowerPotion"},{"floor":40.0,"key":"SkillPotion"},{"floor":41.0,"key":"SteroidPotion"},{"floor":48.0,"key":"Strength Potion"}],"is_trial":false,"path_per_floor":["M","?","$","?","M","R","M","E","T","?","R","M","E","$","R","B",null,"M","?","?","M","$","R","E","$","T","R","?","M","M","?","R","B",null,"M","$","?","?","M","E","M","R","T","M","E","M","R","M","R","B",null],"character_chosen":"IRONCLAD","items_purchased":["Battle Trance","Oddly Smooth Stone","Flame Barrier","Metallicize","Feel No Pain","Dexterity Potion","Thread and Needle"],"campfire_rested":1,"item_purchase_floors":[3,3,14,14,22,25,36],"current_hp_per_floor":[78,62,62,62,65,65,71,53,53,53,53,58,47,47,47,42,80,80,80,72,62,62,62,24,24,24,24,24,28,21,21,45,35,80,80,80,80,80,80,77,61,61,61,67,57,66,66,75,75,80],"gold":291,"neow_bonus":"HUNDRED_GOLD","is_prod":false,"is_daily":false,"chose_seed":false,"campfire_upgraded":7,"win_rate":1,"timestamp":1559684171,"path_taken":["M","?","$","?","M","R","M","E","T","?","R","M","E","?","R","BOSS","M","?","?","M","$","R","E","$","T","R","?","M","M","?","R","BOSS","M","$","?","?","M","E","M","R","T","M","E","M","R","M","R","BOSS"],"build_version":"2019-01-23","purchased_purges":1,"victory":true,"max_hp_per_floor":[80,80,80,80,80,80,80,80,80,80,80,80,80,80,80,80,80,80,80,80,80,80,80,80,80,80,80,80,80,80,80,80,80,80,80,80,80,80,80,80,80,80,80,80,80,80,80,80,80,80],"card_choices":[{"not_picked":["Rampage","Warcry"],"picked":"True Grit","floor":1.0},{"not_picked":["Uppercut","Burning Pact"],"picked":"Spot Weakness","floor":5.0},{"not_picked":["Flex","Anger"],"picked":"Battle Trance","floor":7.0},{"not_picked":["Double Tap","Armaments"],"picked":"Shrug It Off","floor":8.0},{"not_picked":["Armaments","Pommel Strike"],"picked":"Clothesline","floor":12.0},{"not_picked":["Berserk","Carnage"],"picked":"Armaments","floor":13.0},{"not_picked":["Exhume","Berserk"],"picked":"Bludgeon","floor":16.0},{"not_picked":["Armaments","Anger"],"picked":"Burning Pact","floor":18.0},{"not_picked":["Heavy Blade","Sever Soul"],"picked":"Evolve+1","floor":21.0},{"not_picked":["Sever Soul+1","Headbutt+1"],"picked":"Seeing Red+1","floor":24.0},{"not_picked":["Feel No Pain","Twin Strike"],"picked":"Warcry+1","floor":29.0},{"not_picked":["Thunderclap","Havoc","Warcry"],"picked":"SKIP","floor":30.0},{"not_picked":["Feed","Brutality"],"picked":"Impervious","floor":33.0},{"not_picked":["Wild Strike+1","Perfected Strike+1"],"picked":"True Grit+1","floor":35.0},{"not_picked":["Thunderclap+1","Clash+1"],"picked":"Headbutt","floor":38.0},{"not_picked":["Metallicize+1","Anger+1"],"picked":"Disarm","floor":39.0},{"not_picked":["Shrug It Off","Exhume","Armaments"],"picked":"SKIP","floor":40.0},{"not_picked":["Twin Strike","Pommel Strike"],"picked":"Spot Weakness+1","floor":41.0},{"not_picked":["Hemokinesis","Seeing Red+1"],"picked":"Sword Boomerang+1","floor":44.0},{"not_picked":["Sword Boomerang","Anger+1"],"picked":"Immolate","floor":45.0},{"not_picked":["Sword Boomerang+1","Iron Wave+1"],"picked":"Corruption+1","floor":46.0},{"not_picked":["Perfected Strike","Uppercut"],"picked":"Body Slam+1","floor":48.0}],"player_experience":6975,"relics_obtained":[{"floor":8.0,"key":"Juzu Bracelet"},{"floor":9.0,"key":"Boot"},{"floor":13.0,"key":"Happy Flower"},{"floor":24.0,"key":"Omamori"},{"floor":26.0,"key":"MawBank"},{"floor":38.0,"key":"FossilizedHelix"},{"floor":40.0,"key":"Peace Pipe"},{"floor":43.0,"key":"Lantern"},{"floor":45.0,"key":"Magic Flower"}],"event_choices":[{"damage_healed":0.0,"max_hp_gain":0.0,"max_hp_loss":0.0,"gold_gain":0.0,"event_name":"Shining Light","player_choice":"Entered Light","floor":2.0,"gold_loss":0.0,"damage_taken":16.0,"cards_upgraded":["Strike_R","Defend_R"]},{"damage_healed":0.0,"max_hp_gain":0.0,"max_hp_loss":0.0,"gold_gain":100.0,"event_name":"Golden Shrine","player_choice":"Pray","floor":4.0,"gold_loss":0.0,"damage_taken":0.0},{"cards_removed":["Strike_R"],"damage_healed":0.0,"max_hp_gain":0.0,"max_hp_loss":0.0,"gold_gain":0.0,"event_name":"The Cleric","player_choice":"Card Removal","floor":10.0,"gold_loss":50.0,"damage_taken":0.0},{"damage_healed":0.0,"max_hp_gain":0.0,"max_hp_loss":0.0,"gold_gain":0.0,"event_name":"Ghosts","player_choice":"Ignored","floor":19.0,"gold_loss":0.0,"damage_taken":0.0},{"damage_healed":0.0,"max_hp_gain":0.0,"max_hp_loss":0.0,"gold_gain":0.0,"event_name":"Wheel of Change","player_choice":"Damaged","floor":20.0,"gold_loss":0.0,"damage_taken":8.0},{"damage_healed":0.0,"max_hp_gain":0.0,"max_hp_loss":0.0,"gold_gain":0.0,"event_name":"Back to Basics","player_choice":"Simplicity","floor":28.0,"gold_loss":0.0,"damage_taken":0.0,"cards_upgraded":["Strike_R","Strike_R","Defend_R","Defend_R","Defend_R"]},{"damage_healed":0.0,"max_hp_gain":0.0,"max_hp_loss":0.0,"gold_gain":0.0,"event_name":"Drug Dealer","player_choice":"Inject Mutagens","floor":31.0,"gold_loss":0.0,"damage_taken":0.0,"relics_obtained":["MutagenicStrength"]},{"damage_healed":0.0,"max_hp_gain":0.0,"max_hp_loss":0.0,"gold_gain":0.0,"cards_transformed":["Strike_R"],"event_name":"Transmorgrifier","player_choice":"Transformed","floor":37.0,"gold_loss":0.0,"damage_taken":0.0,"cards_obtained":["Carnage"]},{"damage_healed":0.0,"max_hp_gain":0.0,"max_hp_loss":0.0,"gold_gain":0.0,"event_name":"MindBloom","player_choice":"Fight","floor":38.0,"gold_loss":0.0,"damage_taken":0.0}],"is_beta":false,"boss_relics":[{"not_picked":["Cursed Key","Coffee Dripper"],"picked":"Mark of Pain"},{"not_picked":["Philosopher\u0027s Stone","Tiny House"],"picked":"Snecko Eye"}],"items_purged_floors":[22],"is_endless":false,"potions_floor_spawned":[1,5,8,12,16,29,33,39,40,41,48],"ascension_level":3}