{"path_per_floor":["M","?","?","M","M","R","M","E","T","M","M","E","M","?","R","B",null,"M","?","M","M","M","R","E","?","T","$","R","?","R","M","R","B",null,"M","T","M","?","M","R","E","?","T","M","M","?","E","$","R","B"],"character_chosen":"IRONCLAD","items_purchased":["Question Card","Bottled Tornado"],"gold_per_floor":[117,117,192,203,219,219,233,264,264,283,302,337,353,353,353,455,455,473,396,409,421,440,440,465,390,390,74,74,74,74,85,85,187,187,200,246,258,258,268,268,294,294,294,305,316,316,342,92,92,92],"floor_reached":51,"campfire_rested":1,"playtime":1925,"item_purchase_floors":[27,48],"current_hp_per_floor":[80,85,74,74,76,76,78,64,64,64,70,70,79,72,72,16,90,90,90,81,70,74,74,53,53,53,53,53,53,53,54,54,51,100,90,90,83,83,98,98,58,86,86,95,69,69,55,55,89,60],"items_purged":["Strike_R"],"gold":92,"score":789,"play_id":"742cdcd0-00a9-42ba-b221-24f4ae3df9f8","local_time":"20180529131342","is_prod":false,"is_daily":false,"chose_seed":false,"is_ascension_mode":false,"campfire_upgraded":7,"win_rate":0.0,"timestamp":1527563622,"campfire_choices":[{"data":"Cleave","floor":6,"key":"SMITH"},{"data":"Whirlwind","floor":15,"key":"SMITH"},{"data":"Limit Break","floor":23,"key":"SMITH"},{"data":"Feed","floor":28,"key":"SMITH"},{"data":"J.A.X.","floor":30,"key":"SMITH"},{"data":"Headbutt","floor":32,"key":"SMITH"},{"data":"Impervious","floor":40,"key":"SMITH"},{"floor":49,"key":"REST"}],"path_taken":["M","?","?","M","M","R","M","E","T","M","M","E","M","?","R","BOSS","M","?","M","M","?","R","E","?","T","$","R","?","R","M","R","BOSS","M","?","M","?","M","R","E","?","T","M","M","?","E","$","R","BOSS"],"build_version":"2018-05-27","seed_source_timestamp":13383688424238,"purchased_purges":1,"victory":true,"master_deck":["Strike_R","Defend_R","Defend_R","Defend_R","Defend_R","Bash+1","Twin Strike","Cleave+1","Whirlwind+1","Feed+1","Cleave","Limit Break+1","J.A.X.+1","Pommel Strike+1","Headbutt+1","Demon Form+1","Pommel Strike+1","Impervious+1","Pummel","Writhe"],"max_hp_per_floor":[80,85,85,85,85,85,85,85,85,85,85,90,90,90,90,90,90,90,90,90,90,93,93,96,96,96,96,96,96,96,96,96,100,100,100,100,104,104,108,108,112,112,112,112,112,112,116,116,116,120],"relics":["Burning Blood","Mercury Hourglass","Unceasing Top","Magic Flower","Velvet Choker","Vajra","Kunai","Question Card","Runic Pyramid","Happy Flower","Calipers","Letter Opener","Lantern","Bottled Tornado"],"card_choices":[{"not_picked":["Flex","Clash","Armaments"],"picked":"SKIP","floor":1},{"not_picked":["Anger","Armaments"],"picked":"Twin Strike","floor":4},{"not_picked":["Twin Strike","Sword Boomerang"],"picked":"Cleave","floor":5},{"not_picked":["Fire Breathing","Intimidate"],"picked":"Whirlwind","floor":7},{"not_picked":["Entrench","Clothesline","Flex"],"picked":"SKIP","floor":8},{"not_picked":["Sword Boomerang","Uppercut","Warcry"],"picked":"SKIP","floor":10},{"not_picked":["Anger","Clothesline"],"picked":"Feed","floor":11},{"not_picked":["Entrench","Rage","Thunderclap"],"picked":"SKIP","floor":12},{"not_picked":["Blood for Blood","Body Slam"],"picked":"Cleave","floor":13},{"not_picked":["Berserk","Reaper"],"picked":"Limit Break","floor":16},{"not_picked":["Hemokinesis","Rage","Perfected Strike"],"picked":"SKIP","floor":18},{"not_picked":["Thunderclap","Armaments","True Grit"],"picked":"SKIP","floor":20},{"not_picked":["Anger","Clash+1"],"picked":"Pommel Strike+1","floor":21},{"not_picked":["Clash","Sever Soul","Power Through"],"picked":"SKIP","floor":22},{"not_picked":["Flex","Metallicize"],"picked":"Headbutt","floor":24},{"not_picked":["True Grit","Cleave","Headbutt","Second Wind"],"picked":"SKIP","floor":31},{"not_picked":["Barricade","Limit Break","Reaper"],"picked":"Demon Form","floor":33},{"not_picked":["Dropkick+1","Armaments","Feel No Pain"],"picked":"Pommel Strike+1","floor":35},{"not_picked":["Battle Trance","Clash+1","Flex"],"picked":"Impervious","floor":37},{"not_picked":["Thunderclap+1","Power Through+1","Clash+1","Second Wind"],"picked":"SKIP","floor":39},{"not_picked":["Corruption","Anger","Whirlwind"],"picked":"Pummel","floor":41},{"not_picked":["Body Slam","Clash+1","Sever Soul+1","Intimidate"],"picked":"SKIP","floor":44},{"not_picked":["Seeing Red+1","Searing Blow","Anger+1","Hemokinesis+1"],"picked":"SKIP","floor":45},{"not_picked":["Rupture","Intimidate","Feel No Pain","Battle Trance+1"],"picked":"SKIP","floor":47}],"player_experience":12450,"potions_floor_usage":[8,12,21,24,33,41,45],"damage_taken":[{"damage":0,"enemies":"2 Louse","floor":1,"turns":3},{"damage":6,"enemies":"Jaw Worm","floor":4,"turns":6},{"damage":4,"enemies":"Small Slimes","floor":5,"turns":5},{"damage":4,"enemies":"2 Fungi Beasts","floor":7,"turns":3},{"damage":28,"enemies":"Gremlin Nob","floor":8,"turns":4},{"damage":6,"enemies":"Exordium Wildlife","floor":10,"turns":2},{"damage":0,"enemies":"Large Slime","floor":11,"turns":3},{"damage":11,"enemies":"3 Sentries","floor":12,"turns":4},{"damage":0,"enemies":"Lots of Slimes","floor":13,"turns":1},{"damage":65,"enemies":"The Guardian","floor":16,"turns":13},{"damage":0,"enemies":"Chosen","floor":18,"turns":4},{"damage":18,"enemies":"2 Thieves","floor":20,"turns":2},{"damage":20,"enemies":"Slaver and Parasite","floor":21,"turns":4},{"damage":10,"enemies":"3 Cultists","floor":22,"turns":3},{"damage":35,"enemies":"Slavers","floor":24,"turns":4},{"damage":8,"enemies":"Sentry and Sphere","floor":31,"turns":3},{"damage":18,"enemies":"Collector","floor":33,"turns":5},{"damage":19,"enemies":"3 Darklings","floor":35,"turns":2},{"damage":22,"enemies":"3 Shapes","floor":37,"turns":2},{"damage":0,"enemies":"Flame Bruiser 2 Orb","floor":39,"turns":4},{"damage":55,"enemies":"Nemesis","floor":41,"turns":5},{"damage":0,"enemies":"Sphere and 2 Shapes","floor":44,"turns":3},{"damage":35,"enemies":"3 Darklings","floor":45,"turns":4},{"damage":29,"enemies":"Giant Head","floor":47,"turns":6},{"damage":44,"enemies":"Time Eater","floor":50,"turns":6}],"relics_obtained":[{"floor":8,"key":"Mercury Hourglass"},{"floor":9,"key":"Unceasing Top"},{"floor":12,"key":"Magic Flower"},{"floor":24,"key":"Vajra"},{"floor":26,"key":"Kunai"},{"floor":36,"key":"Happy Flower"},{"floor":41,"key":"Calipers"},{"floor":43,"key":"Letter Opener"},{"floor":47,"key":"Lantern"}],"event_choices":[{"event_name":"Big Fish","player_choice":"Donut","floor":2,"damage_taken":0},{"event_name":"World of Goop","player_choice":"Gather Gold","floor":3,"damage_taken":0},{"event_name":"Golden Wing","player_choice":"Card Removal","floor":14,"damage_taken":0},{"event_name":"Drug Dealer","player_choice":"Got JAXXED","floor":19,"damage_taken":0},{"event_name":"Beggar","player_choice":"Gave Gold","floor":25,"damage_taken":0},{"event_name":"Back to Basics","player_choice":"Elegance","floor":29,"damage_taken":0},{"event_name":"Upgrade Shrine","player_choice":"Upgraded","floor":38,"damage_taken":0},{"event_name":"Winding Halls","player_choice":"Writhe","floor":42,"damage_taken":0},{"event_name":"The Lab","player_choice":"Got Potions","floor":46,"damage_taken":0}],"boss_relics":[{"not_picked":["Astrolabe","Black Blood"],"picked":"Velvet Choker"},{"not_picked":["Snecko Eye","Calling Bell"],"picked":"Runic Pyramid"}],"items_purged_floors":[27],"potions_floor_spawned":[4,7,10,16,20,22,31,37,39,44],"seed_played":"3105228394733568033","ascension_level":0,"potions_obtained":[{"floor":4,"key":"BloodPotion"},{"floor":7,"key":"Ancient Potion"},{"floor":10,"key":"Fruit Juice"},{"floor":16,"key":"AttackPotion"},{"floor":20,"key":"Ancient Potion"},{"floor":22,"key":"PowerPotion"},{"floor":31,"key":"PowerPotion"},{"floor":37,"key":"Swift Potion"},{"floor":39,"key":"SkillPotion"},{"floor":44,"key":"Fire Potion"},{"floor":46,"key":"Fire Potion"},{"floor":46,"key":"Explosive Potion"}],"is_trial":false}