{"path_per_floor":["M","$","M","M","M","R","E","R","T","R","$","?","R","M","R","B",null,"M","M","$","M","?"],"character_chosen":"DEFECT","items_purchased":["Consume","Cold Snap","Defragment","Anchor"],"gold_per_floor":[116,28,41,51,63,63,93,93,93,93,54,54,54,65,65,165,165,180,161,9,23,323,323],"floor_reached":23,"campfire_rested":0,"playtime":1216,"item_purchase_floors":[2,2,11,20],"current_hp_per_floor":[70,70,66,65,62,62,32,32,32,32,32,57,57,45,45,17,75,68,37,37,23,23,0],"items_purged":[],"gold":323,"score":201,"play_id":"78d9e235-3d03-4740-af9d-7a7973190a14","local_time":"20180609211311","is_prod":false,"is_daily":false,"chose_seed":false,"is_ascension_mode":true,"campfire_upgraded":5,"win_rate":0,"timestamp":1528542791,"campfire_choices":[{"data":"Storm","floor":6,"key":"SMITH"},{"data":"Consume","floor":8,"key":"SMITH"},{"data":"Capacitor","floor":10,"key":"SMITH"},{"data":"Defragment","floor":13,"key":"SMITH"},{"data":"Darkness","floor":15,"key":"SMITH"}],"path_taken":["M","$","M","M","M","R","E","R","T","R","$","?","R","M","R","BOSS","M","M","$","M","?","E"],"build_version":"2018-06-07v3","seed_source_timestamp":34633724542811,"purchased_purges":0,"victory":false,"master_deck":["Strike_B","Strike_B","Strike_B","Defend_B","Defend_B","Defend_B","Defend_B","Zap","Dualcast","FTL","Darkness+1","Consume+1","Cold Snap","Storm+1","Capacitor+1","Coolheaded","Hologram","Defragment+1","Ball Lightning","Core Surge","Steam Power","Compile Driver+1","Go for the Eyes","Writhe"],"max_hp_per_floor":[75,75,75,75,75,75,75,75,75,75,75,75,75,75,75,75,75,75,75,75,75,75,75],"relics":["Cracked Core","Bag of Preparation","Shuriken","Inserter","Anchor","Old Coin"],"card_choices":[{"not_picked":["Heatsinks","Rip and Tear"],"picked":"Darkness","floor":1},{"not_picked":["Steam","Rebound"],"picked":"Storm","floor":3},{"not_picked":["Skim","Gash"],"picked":"Capacitor","floor":4},{"not_picked":["Compile Driver","Stack"],"picked":"Coolheaded","floor":5},{"not_picked":["Go for the Eyes","Coolheaded"],"picked":"Hologram","floor":7},{"not_picked":["Stack","Coolheaded"],"picked":"Ball Lightning","floor":14},{"not_picked":["Multi-Cast","Rainbow"],"picked":"Core Surge","floor":16},{"not_picked":["Hologram","Compile Driver"],"picked":"Steam Power","floor":18},{"not_picked":["Capacitor","Streamline"],"picked":"Compile Driver+1","floor":19},{"not_picked":["Hologram","Compile Driver"],"picked":"Go for the Eyes","floor":21}],"player_experience":111547,"potions_floor_usage":[3,23,23],"damage_taken":[{"damage":5,"enemies":"2 Louse","floor":1,"turns":3},{"damage":4,"enemies":"Jaw Worm","floor":3,"turns":3},{"damage":1,"enemies":"Cultist","floor":4,"turns":3},{"damage":3,"enemies":"Looter","floor":5,"turns":4},{"damage":30,"enemies":"Gremlin Nob","floor":7,"turns":4},{"damage":12,"enemies":"2 Fungi Beasts","floor":14,"turns":3},{"damage":28,"enemies":"Slime Boss","floor":16,"turns":6},{"damage":7,"enemies":"Shell Parasite","floor":18,"turns":7},{"damage":31,"enemies":"2 Thieves","floor":19,"turns":5},{"damage":14,"enemies":"Cultist and Chosen","floor":21,"turns":7},{"damage":23,"enemies":"Slavers","floor":23,"turns":4}],"relics_obtained":[{"floor":7,"key":"Bag of Preparation"},{"floor":9,"key":"Shuriken"}],"event_choices":[{"event_name":"Big Fish","player_choice":"Banana","floor":12,"damage_taken":0},{"event_name":"The Mausoleum","player_choice":"Yes","floor":22,"damage_taken":0}],"boss_relics":[{"not_picked":["Sozu","Astrolabe"],"picked":"Inserter"}],"items_purged_floors":[],"potions_floor_spawned":[1,4,14,21],"seed_played":"-6399036883207691008","killed_by":"Slavers","ascension_level":1,"potions_obtained":[{"floor":1,"key":"Weak Potion"},{"floor":4,"key":"Explosive Potion"},{"floor":14,"key":"FearPotion"},{"floor":21,"key":"Weak Potion"}],"is_trial":false}