{"path_per_floor":["M","?","?","M","M","E","M","R","T","E","R","M","R","M","R"],"character_chosen":"THE_SILENT","items_purchased":[],"gold_per_floor":[16,16,16,30,48,75,88,88,88,121,121,136,136,149,149,149],"floor_reached":16,"campfire_rested":1,"playtime":785,"current_hp_per_floor":[63,63,63,61,60,37,37,37,37,19,40,40,47,47,47,0],"items_purged":[],"gold":149,"score":112,"play_id":"86aa2d7b-bb40-48c9-98a8-e98ba5e24af6","local_time":"20180524212827","is_prod":false,"is_daily":false,"chose_seed":false,"is_ascension_mode":false,"campfire_upgraded":1,"timestamp":1527161307,"campfire_choices":[{"data":"Distraction","floor":8,"key":"SMITH"},{"floor":11,"key":"REST"},{"floor":13,"key":"DIG"},{"floor":15,"key":"DIG"}],"path_taken":["M","?","?","?","M","E","M","R","T","E","R","M","R","?","R","BOSS"],"build_version":"2018-05-17","seed_source_timestamp":44763924576775,"purchased_purges":0,"victory":false,"master_deck":["Defend_G","Defend_G","Defend_G","Defend_G","Defend_G","Strike_G","Strike_G","Strike_G","Strike_G","Survivor","Neutralize","Slice","PiercingWail","Backstab","Distraction+1","Flying Knee","Deflect","Flying Knee"],"max_hp_per_floor":[70,70,70,70,70,70,70,70,70,70,70,70,77,77,77,77],"relics":["Ring of the Snake","Gambling Chip","Shovel","Bottled Flame","Pantograph","Strawberry","Boot"],"card_choices":[{"not_picked":["Dash","Acrobatics"],"picked":"Slice","floor":1},{"not_picked":["Backflip","Acrobatics"],"picked":"PiercingWail","floor":4},{"not_picked":["Outmaneuver","Bane"],"picked":"Backstab","floor":5},{"not_picked":["Deadly Poison","Acrobatics"],"picked":"Distraction","floor":6},{"not_picked":["Dodge and Roll","Escape Plan"],"picked":"Flying Knee","floor":7},{"not_picked":["Acrobatics","Corpse Explosion","Caltrops"],"picked":"SKIP","floor":10},{"not_picked":["Bane","Acrobatics"],"picked":"Deflect","floor":12},{"not_picked":["Dagger Throw","Dash"],"picked":"Flying Knee","floor":14}],"player_experience":74271,"potions_floor_usage":[16],"damage_taken":[{"damage":7,"enemies":"Jaw Worm","floor":1,"turns":5},{"damage":2,"enemies":"Cultist","floor":4,"turns":5},{"damage":1,"enemies":"Small Slimes","floor":5,"turns":4},{"damage":23,"enemies":"Gremlin Nob","floor":6,"turns":5},{"damage":0,"enemies":"Looter","floor":7,"turns":3},{"damage":18,"enemies":"Lagavulin","floor":10,"turns":7},{"damage":0,"enemies":"Red Slaver","floor":12,"turns":5},{"damage":0,"enemies":"Gremlin Gang","floor":14,"turns":4},{"damage":102,"enemies":"The Guardian","floor":16,"turns":12}],"relics_obtained":[{"floor":6,"key":"Shovel"},{"floor":9,"key":"Bottled Flame"},{"floor":10,"key":"Pantograph"},{"floor":13,"key":"Strawberry"},{"floor":15,"key":"Boot"}],"event_choices":[{"event_name":"Bonfire Elementals","player_choice":"BASIC","floor":2,"damage_taken":0},{"event_name":"The Cleric","player_choice":"Leave","floor":3,"damage_taken":0}],"boss_relics":[],"potions_floor_spawned":[1,14],"seed_played":"-7288466539920204771","killed_by":"The Guardian","ascension_level":0,"potions_obtained":[{"floor":1,"key":"LiquidBronze"},{"floor":14,"key":"Regen Potion"}],"is_trial":false}