{"gold_per_floor":[110,110,110,185,203,203,232,246,246,257,289,308,335,352,352,454,454,468,480,498,513,513,513,542,542,567,579,593,593],"floor_reached":29,"playtime":971,"items_purged":[],"score":382,"play_id":"2907c98c-512a-45e1-a0d2-a646885264a5","local_time":"20190421232043","is_ascension_mode":true,"campfire_choices":[{"data":"Pummel","floor":6.0,"key":"SMITH"},{"data":"Whirlwind","floor":15.0,"key":"SMITH"},{"data":"Cleave","floor":23,"key":"SMITH"},{"data":"Pommel Strike","floor":25,"key":"SMITH"}],"neow_cost":"NONE","seed_source_timestamp":694287094317307,"circlet_count":0,"master_deck":["Strike_R","Strike_R","Strike_R","Strike_R","Defend_R","Defend_R","Defend_R","Defend_R","Bash","Pommel Strike+1","Pummel+1","Whirlwind+1","Cleave+1","Ghostly Armor"],"special_seed":0,"relics":["Burning Blood","NeowsBlessing","Peace Pipe","Lantern","Nunchaku","Meat on the Bone","Blue Candle","Sozu","MutagenicStrength","Centennial Puzzle","Potion Belt"],"potions_floor_usage":[29],"damage_taken":[{"damage":0.0,"enemies":"2 Louse","floor":1.0,"turns":2.0},{"damage":0.0,"enemies":"Jaw Worm","floor":5.0,"turns":1.0},{"damage":0.0,"enemies":"Gremlin Nob","floor":7.0,"turns":1.0},{"damage":9.0,"enemies":"Small Slimes","floor":8.0,"turns":5.0},{"damage":6.0,"enemies":"2 Fungi Beasts","floor":10.0,"turns":3.0},{"damage":35.0,"enemies":"3 Sentries","floor":11.0,"turns":10.0},{"damage":12.0,"enemies":"Gremlin Gang","floor":12.0,"turns":4.0},{"damage":24.0,"enemies":"Gremlin Nob","floor":13.0,"turns":4.0},{"damage":10.0,"enemies":"Exordium Thugs","floor":14.0,"turns":4.0},{"damage":15.0,"enemies":"Slime Boss","floor":16.0,"turns":7.0},{"damage":22.0,"enemies":"2 Thieves","floor":18.0,"turns":2.0},{"damage":0.0,"enemies":"3 Byrds","floor":19.0,"turns":4.0},{"damage":30,"enemies":"Shelled Parasite and Fungi","floor":20,"turns":4},{"damage":18,"enemies":"3 Cultists","floor":21,"turns":4},{"damage":21,"enemies":"Gremlin Leader","floor":24,"turns":5},{"damage":35,"enemies":"Centurion and Healer","floor":27,"turns":6},{"damage":0,"enemies":"Sentry and Sphere","floor":28,"turns":2},{"damage":52,"enemies":"Book of Stabbing","floor":29,"turns":5}],"seed_played":"1320826902978401862","potions_obtained":[{"floor":1.0,"key":"Explosive Potion"},{"floor":8.0,"key":"PowerPotion"},{"floor":11.0,"key":"Dexterity Potion"},{"floor":12.0,"key":"Block Potion"}],"is_trial":false,"path_per_floor":["M","?","?","?","M","R","E","M","T","M","E","M","E","M","R","B",null,"M","M","M","M","?","R","E","R","T","M","M","E"],"character_chosen":"IRONCLAD","items_purchased":[],"campfire_rested":0,"item_purchase_floors":[],"current_hp_per_floor":[78,71,68,57,63,63,69,66,66,66,37,43,37,45,45,48,72,56,62,50,50,50,50,47,47,47,30,48,0],"gold":593,"neow_bonus":"THREE_ENEMY_KILL","is_prod":false,"is_daily":false,"chose_seed":false,"campfire_upgraded":4,"win_rate":0,"timestamp":1555910443,"path_taken":["M","?","?","?","M","R","E","M","T","M","E","M","E","M","R","BOSS","M","M","M","M","?","R","E","R","T","M","M","E"],"build_version":"2019-01-23","purchased_purges":0,"victory":false,"max_hp_per_floor":[80,80,80,80,80,80,80,80,80,80,80,80,80,80,80,80,80,80,80,80,80,80,80,80,80,80,80,80,80],"card_choices":[{"not_picked":["Seeing Red","Twin Strike"],"picked":"Pommel Strike","floor":1.0},{"not_picked":["Thunderclap","Warcry"],"picked":"Pummel","floor":5.0},{"not_picked":["Battle Trance","Searing Blow","Combust"],"picked":"SKIP","floor":7.0},{"not_picked":["Havoc","Blood for Blood","Shrug It Off"],"picked":"SKIP","floor":8.0},{"not_picked":["Sentinel","Shrug It Off","Seeing Red"],"picked":"SKIP","floor":10.0},{"not_picked":["Second Wind","Flame Barrier"],"picked":"Whirlwind","floor":11.0},{"not_picked":["Flex","Second Wind","Anger"],"picked":"SKIP","floor":12.0},{"not_picked":["Wild Strike","Barricade","Thunderclap"],"picked":"SKIP","floor":13.0},{"not_picked":["Warcry","Carnage"],"picked":"Cleave","floor":14.0},{"not_picked":["Body Slam","Sword Boomerang+1"],"picked":"Ghostly Armor","floor":18.0},{"not_picked":["Infernal Blade+1","Flex+1","Sword Boomerang+1"],"picked":"SKIP","floor":19.0},{"not_picked":["True Grit+1","Hemokinesis","Havoc+1"],"picked":"SKIP","floor":20},{"not_picked":["Pommel Strike","Cleave","Carnage"],"picked":"SKIP","floor":21},{"not_picked":["Shrug It Off","Thunderclap","Entrench+1"],"picked":"SKIP","floor":24},{"not_picked":["Wild Strike+1","Dropkick+1","Cleave+1"],"picked":"SKIP","floor":27},{"not_picked":["Shockwave+1","Evolve","Armaments+1"],"picked":"SKIP","floor":28}],"player_experience":504896,"relics_obtained":[{"floor":7.0,"key":"Lantern"},{"floor":9.0,"key":"Nunchaku"},{"floor":11.0,"key":"Meat on the Bone"},{"floor":13.0,"key":"Blue Candle"},{"floor":24,"key":"Centennial Puzzle"},{"floor":26,"key":"Potion Belt"}],"event_choices":[{"cards_removed":["Strike_R"],"damage_healed":0.0,"max_hp_gain":0.0,"max_hp_loss":0.0,"gold_gain":0.0,"event_name":"Golden Wing","player_choice":"Card Removal","floor":2.0,"gold_loss":0.0,"damage_taken":7.0},{"damage_healed":0.0,"max_hp_gain":0.0,"max_hp_loss":0.0,"gold_gain":0.0,"event_name":"Scrap Ooze","player_choice":"Success","floor":3.0,"gold_loss":0.0,"damage_taken":3.0,"relics_obtained":["Peace Pipe"]},{"damage_healed":0.0,"max_hp_gain":0.0,"max_hp_loss":0.0,"gold_gain":75.0,"event_name":"World of Goop","player_choice":"Gather Gold","floor":4.0,"gold_loss":0.0,"damage_taken":11.0},{"damage_healed":0,"gold_gain":0,"player_choice":"Inject Mutagens","damage_taken":0,"relics_obtained":["MutagenicStrength"],"max_hp_gain":0,"max_hp_loss":0,"event_name":"Drug Dealer","floor":22,"gold_loss":0}],"is_beta":false,"boss_relics":[{"not_picked":["Black Blood","Runic Dome"],"picked":"Sozu"}],"items_purged_floors":[],"is_endless":false,"potions_floor_spawned":[1,8,11,12,14,19,21,24,28],"killed_by":"Book of Stabbing","ascension_level":6}