{"gold_per_floor":[112,127,141,141,156,156,183,195,195,215,232,17,17,37,37,37],"floor_reached":16,"playtime":776,"items_purged":[],"score":212,"play_id":"d7c67186-79ca-4b6b-8140-cb02ad3ae207","local_time":"20190401234554","is_ascension_mode":true,"campfire_choices":[{"data":"Skewer","floor":6,"key":"SMITH"},{"data":"Footwork","floor":15,"key":"SMITH"}],"neow_cost":"NONE","seed_source_timestamp":354900438178596,"circlet_count":0,"master_deck":["AscendersBane","Defend_G","Defend_G","Defend_G+1","Defend_G","Defend_G","Strike_G","Strike_G","Strike_G","Strike_G","Survivor","Neutralize","Venomology","Backstab+1","Skewer+1","Footwork+1","PiercingWail","Dash","Well Laid Plans","Glass Knife+1","Cloak And Dagger"],"relics":["Ring of the Snake","Letter Opener","Turnip"],"potions_floor_usage":[2,3,5,7,10,11,14,16,16],"damage_taken":[{"damage":6,"enemies":"2 Louse","floor":1,"turns":4},{"damage":0,"enemies":"Jaw Worm","floor":2,"turns":6},{"damage":1,"enemies":"Cultist","floor":3,"turns":6},{"damage":1,"enemies":"3 Louse","floor":5,"turns":4},{"damage":29,"enemies":"Gremlin Nob","floor":7,"turns":4},{"damage":0,"enemies":"2 Fungi Beasts","floor":8,"turns":2},{"damage":6,"enemies":"Blue Slaver","floor":10,"turns":4},{"damage":0,"enemies":"3 Louse","floor":11,"turns":7},{"damage":7,"enemies":"Gremlin Gang","floor":14,"turns":5},{"damage":38,"enemies":"Slime Boss","floor":16,"turns":3}],"seed_played":"575480435845744054","potions_obtained":[{"floor":1,"key":"GamblersBrew"},{"floor":3,"key":"AttackPotion"},{"floor":11,"key":"Dexterity Potion"}],"is_trial":false,"path_per_floor":["M","M","M","?","M","R","E","M","T","M","M","$","?","M","R","B"],"character_chosen":"THE_SILENT","items_purchased":["Well Laid Plans","Glass Knife"],"campfire_rested":0,"item_purchase_floors":[12,12],"current_hp_per_floor":[53,53,52,52,51,51,22,22,22,16,31,31,11,18,18,0],"gold":37,"neow_bonus":"TRANSFORM_CARD","is_prod":false,"is_daily":false,"chose_seed":false,"campfire_upgraded":2,"win_rate":0,"timestamp":1554183954,"path_taken":["M","M","M","?","M","R","E","M","T","M","M","$","?","M","R","BOSS"],"build_version":"2019-01-23","purchased_purges":0,"victory":false,"max_hp_per_floor":[66,66,66,66,66,66,66,66,66,66,66,66,66,66,66,66],"card_choices":[{"not_picked":["Masterful Stab","Catalyst","Prepared"],"picked":"SKIP","floor":1},{"not_picked":["Sucker Punch","Dagger Throw","Blade Dance"],"picked":"SKIP","floor":2},{"not_picked":["Prepared","Terror"],"picked":"Backstab","floor":3},{"not_picked":["Dagger Throw","Eviscerate"],"picked":"Skewer","floor":5},{"not_picked":["Cloak And Dagger","Poisoned Stab"],"picked":"Footwork","floor":7},{"not_picked":["Poisoned Stab","Quick Slash"],"picked":"PiercingWail","floor":8},{"not_picked":["Concentrate","Dagger Throw"],"picked":"Dash","floor":10},{"not_picked":["Outmaneuver","Terror","Calculated Gamble"],"picked":"SKIP","floor":11},{"not_picked":["Bane","PiercingWail"],"picked":"Cloak And Dagger","floor":14}],"player_experience":412933,"relics_obtained":[{"floor":7,"key":"Letter Opener"},{"floor":9,"key":"Turnip"}],"event_choices":[{"damage_healed":0,"gold_gain":0,"player_choice":"Grow","damage_taken":0,"max_hp_gain":0,"max_hp_loss":0,"event_name":"Living Wall","floor":4,"gold_loss":0,"cards_upgraded":["Backstab"]},{"damage_healed":0,"gold_gain":0,"player_choice":"Entered Light","damage_taken":20,"max_hp_gain":0,"max_hp_loss":0,"event_name":"Shining Light","floor":13,"gold_loss":0,"cards_upgraded":["Glass Knife","Defend_G"]}],"is_beta":false,"boss_relics":[],"items_purged_floors":[],"is_endless":false,"potions_floor_spawned":[1,3,5,7,11,14],"killed_by":"Slime Boss","ascension_level":20}