{"gold_per_floor":[113,38,188,113,131,131,156,156,156,156,105,105,120,120,120,194,194,209,209,134,134,57,57,85,10,10,10,10],"floor_reached":28,"playtime":487,"items_purged":["Doubt"],"score":443,"play_id":"6f46d7ab-3b40-4281-bab1-14190793e49e","local_time":"20190524151207","is_ascension_mode":true,"campfire_choices":[{"data":"Armaments","floor":6,"key":"SMITH"},{"data":"Carnage","floor":8,"key":"SMITH"},{"data":"Bash","floor":10,"key":"SMITH"},{"data":"Defend_R","floor":15,"key":"SMITH"},{"data":"Inflame","floor":23,"key":"SMITH"}],"neow_cost":"NONE","seed_source_timestamp":278150587123701,"circlet_count":0,"master_deck":["AscendersBane","Strike_R","Strike_R","Strike_R","Strike_R","Defend_R","Defend_R+1","Defend_R+1","Bash+1","Armaments+1","Carnage+1","Heavy Blade+1","Reaper+1","Metallicize","Inflame+1","Shame","Writhe"],"relics":["Burning Blood","NeowsBlessing","Art of War","Molten Egg 2","Ornamental Fan","Cursed Key","Sundial","Kunai","Bird Faced Urn"],"potions_floor_usage":[24],"damage_taken":[{"damage":0,"enemies":"Jaw Worm","floor":1,"turns":1},{"damage":0,"enemies":"2 Louse","floor":5,"turns":1},{"damage":0,"enemies":"3 Sentries","floor":7,"turns":1},{"damage":5,"enemies":"Small Slimes","floor":13,"turns":3},{"damage":66,"enemies":"Hexaghost","floor":16,"turns":9},{"damage":22,"enemies":"Spheric Guardian","floor":18,"turns":5},{"damage":41,"enemies":"Gremlin Leader","floor":24,"turns":6},{"damage":27,"enemies":"3 Byrds","floor":28,"turns":3}],"seed_played":"6518630190960894357","potions_obtained":[{"floor":1,"key":"Strength Potion"},{"floor":7,"key":"EssenceOfSteel"},{"floor":19,"key":"AttackPotion"}],"is_trial":false,"path_per_floor":["M","?","?","$","M","R","E","R","T","R","$","?","M","T","R","B",null,"M","?","$","T","$","R","E","?","T","T","M"],"character_chosen":"IRONCLAD","items_purchased":["Heavy Blade+1","Metallicize","Inflame"],"campfire_rested":0,"item_purchase_floors":[11,20,22],"current_hp_per_floor":[74,74,74,74,75,75,75,75,75,75,75,75,75,75,75,15,60,44,44,44,44,44,44,24,24,24,24,0],"gold":10,"neow_bonus":"THREE_ENEMY_KILL","is_prod":false,"is_daily":false,"chose_seed":false,"campfire_upgraded":5,"win_rate":0,"timestamp":1558732327,"path_taken":["M","?","?","$","M","R","E","R","T","R","$","?","?","?","R","BOSS","M","?","$","?","?","R","E","?","T","?","?"],"build_version":"2019-01-23","purchased_purges":1,"victory":false,"max_hp_per_floor":[75,75,75,75,75,75,75,75,75,75,75,75,75,75,75,75,75,75,75,75,75,75,75,75,75,75,75,75],"card_choices":[{"not_picked":["Power Through","Wild Strike"],"picked":"Armaments","floor":1},{"not_picked":["Searing Blow","Perfected Strike","Entrench"],"picked":"SKIP","floor":5},{"not_picked":["Clothesline","Power Through"],"picked":"Carnage","floor":7},{"not_picked":["Clothesline+1","Havoc","Shockwave"],"picked":"SKIP","floor":13},{"not_picked":["Double Tap","Bludgeon+1"],"picked":"Reaper+1","floor":16},{"not_picked":["Heavy Blade+1","Bloodletting","Pummel+1"],"picked":"SKIP","floor":18},{"not_picked":["Pummel+1","Wild Strike+1","Anger+1"],"picked":"SKIP","floor":24}],"player_experience":585534,"relics_obtained":[{"floor":7,"key":"Art of War"},{"floor":9,"key":"Molten Egg 2"},{"floor":14,"key":"Ornamental Fan"},{"floor":24,"key":"Sundial"},{"floor":26,"key":"Kunai"},{"floor":27,"key":"Bird Faced Urn"}],"event_choices":[{"cards_removed":["Defend_R"],"damage_healed":0,"gold_gain":0,"player_choice":"Card Removal","damage_taken":0,"max_hp_gain":0,"max_hp_loss":0,"event_name":"The Cleric","floor":2,"gold_loss":75},{"damage_healed":0,"gold_gain":150,"player_choice":"AGREE","damage_taken":0,"max_hp_gain":0,"max_hp_loss":0,"event_name":"Liars Game","floor":3,"gold_loss":0,"cards_obtained":["Doubt"]},{"damage_healed":0,"gold_gain":0,"player_choice":"Upgraded","damage_taken":0,"max_hp_gain":0,"max_hp_loss":0,"event_name":"Upgrade Shrine","floor":12,"gold_loss":0,"cards_upgraded":["Defend_R"]},{"damage_healed":0,"gold_gain":0,"player_choice":"Got Potions","damage_taken":0,"max_hp_gain":0,"max_hp_loss":0,"event_name":"Lab","floor":19,"gold_loss":0},{"cards_removed":["Strike_R"],"damage_healed":0,"gold_gain":0,"player_choice":"Gave Gold","damage_taken":0,"max_hp_gain":0,"max_hp_loss":0,"event_name":"Beggar","floor":25,"gold_loss":75}],"is_beta":false,"boss_relics":[{"not_picked":["Black Star","Runic Dome"],"picked":"Cursed Key"}],"items_purged_floors":[4],"is_endless":false,"potions_floor_spawned":[1,7,18],"killed_by":"3 Byrds","ascension_level":15}