{"gold_per_floor":[112,112,39,39,51,82,82,108,108,118,143,143,68,88,88,159,159,178,178,178,197,197],"floor_reached":22,"playtime":522,"items_purged":[],"score":397,"play_id":"8a62218b-8d1b-4907-9064-d0955d47ad99","local_time":"20190524133747","is_ascension_mode":true,"campfire_choices":[{"data":"Heavy Blade","floor":7.0,"key":"SMITH"},{"data":"Inflame","floor":12.0,"key":"SMITH"},{"data":"Bash","floor":15,"key":"SMITH"}],"neow_cost":"NONE","seed_source_timestamp":272415841847900,"circlet_count":0,"master_deck":["AscendersBane","Strike_R","Strike_R","Strike_R","Strike_R","Defend_R","Defend_R","Defend_R","Defend_R","Bash+1","Cleave+1","Inflame+1","Heavy Blade+1","Carnage+1","Inflame"],"special_seed":0,"relics":["Burning Blood","NeowsBlessing","Self Forming Clay","Singing Bowl","Regal Pillow","Ancient Tea Set","Smiling Mask","Sozu"],"potions_floor_usage":[16,16,16],"damage_taken":[{"damage":0.0,"enemies":"2 Louse","floor":1.0,"turns":1.0},{"damage":0.0,"enemies":"Cultist","floor":5.0,"turns":1.0},{"damage":0.0,"enemies":"3 Sentries","floor":6.0,"turns":2.0},{"damage":29.0,"enemies":"Gremlin Nob","floor":8.0,"turns":4.0},{"damage":7.0,"enemies":"Small Slimes","floor":10.0,"turns":2.0},{"damage":34.0,"enemies":"Lagavulin","floor":11.0,"turns":5.0},{"damage":3,"enemies":"Blue Slaver","floor":14,"turns":3},{"damage":43,"enemies":"Hexaghost","floor":16,"turns":9},{"damage":17,"enemies":"Shell Parasite","floor":18,"turns":6},{"damage":19,"enemies":"Chosen","floor":21,"turns":5},{"damage":22,"enemies":"3 Cultists","floor":22,"turns":3}],"seed_played":"597011324682650268","potions_obtained":[{"floor":5.0,"key":"EntropicBrew"},{"floor":6.0,"key":"FairyPotion"},{"floor":8.0,"key":"Energy Potion"},{"floor":10.0,"key":"PowerPotion"}],"is_trial":false,"path_per_floor":["M","?","$","?","M","E","R","E","T","M","E","R","?","M","R","B",null,"M","?","?","M","M"],"character_chosen":"IRONCLAD","items_purchased":["Inflame"],"campfire_rested":0,"item_purchase_floors":[3],"current_hp_per_floor":[74,74,74,69,75,77,77,56,56,57,31,31,31,36,36,24,71,60,35,35,22,0],"gold":197,"neow_bonus":"THREE_ENEMY_KILL","is_prod":false,"is_daily":false,"chose_seed":false,"campfire_upgraded":3,"win_rate":0,"timestamp":1558726667,"path_taken":["M","?","?","?","M","E","R","E","T","M","E","R","?","?","R","BOSS","M","?","?","M","?"],"build_version":"2019-01-23","purchased_purges":0,"victory":false,"max_hp_per_floor":[75,75,75,75,75,77,77,79,79,81,83,83,83,85,85,87,87,87,92,92,92,92],"card_choices":[{"not_picked":["Second Wind","Combust"],"picked":"Cleave","floor":1.0},{"not_picked":["Burning Pact","Carnage"],"picked":"Heavy Blade","floor":5.0},{"not_picked":["Iron Wave","Heavy Blade","Cleave"],"picked":"Singing Bowl","floor":6.0},{"not_picked":["Body Slam","True Grit","Rampage"],"picked":"Singing Bowl","floor":8.0},{"not_picked":["Dual Wield","Body Slam","Heavy Blade"],"picked":"Singing Bowl","floor":10.0},{"not_picked":["Carnage","Dark Embrace","Reckless Charge"],"picked":"Singing Bowl","floor":11.0},{"not_picked":["Armaments","Havoc","Uppercut"],"picked":"Singing Bowl","floor":14},{"not_picked":["Barricade","Berserk","Juggernaut"],"picked":"Singing Bowl","floor":16},{"not_picked":["Flex","Iron Wave+1"],"picked":"Carnage+1","floor":18},{"not_picked":["Anger","Clash"],"picked":"Inflame","floor":21}],"player_experience":580426,"relics_obtained":[{"floor":6.0,"key":"Singing Bowl"},{"floor":8.0,"key":"Regal Pillow"},{"floor":9.0,"key":"Ancient Tea Set"},{"floor":11.0,"key":"Smiling Mask"}],"event_choices":[{"damage_healed":0.0,"max_hp_gain":0.0,"max_hp_loss":0.0,"gold_gain":0.0,"event_name":"Accursed Blacksmith","player_choice":"Forge","floor":2.0,"gold_loss":0.0,"damage_taken":0.0,"cards_upgraded":["Cleave"]},{"damage_healed":0.0,"max_hp_gain":0.0,"max_hp_loss":0.0,"gold_gain":0.0,"event_name":"Scrap Ooze","player_choice":"Success","floor":4.0,"gold_loss":0.0,"damage_taken":5.0,"relics_obtained":["Self Forming Clay"]},{"cards_removed":["Strike_R"],"damage_healed":0.0,"max_hp_gain":0.0,"max_hp_loss":0.0,"gold_gain":0.0,"event_name":"The Cleric","player_choice":"Card Removal","floor":13.0,"gold_loss":75.0,"damage_taken":0.0},{"damage_healed":0,"gold_gain":0,"player_choice":"Shed Blood","damage_taken":30,"max_hp_gain":5,"max_hp_loss":0,"event_name":"Forgotten Altar","floor":19,"gold_loss":0},{"damage_healed":0,"gold_gain":0,"player_choice":"0 cards matched","damage_taken":0,"max_hp_gain":0,"max_hp_loss":0,"event_name":"Match and Keep!","floor":20,"gold_loss":0,"cards_obtained":[]}],"is_beta":false,"boss_relics":[{"not_picked":["Runic Dome","Snecko Eye"],"picked":"Sozu"}],"items_purged_floors":[],"is_endless":false,"potions_floor_spawned":[5,6,8,10,18],"killed_by":"3 Cultists","ascension_level":15}