{"gold_per_floor":[111,128,145,145,157,192,192,219,249,349,349,362,377,388,388,492,492,509,529,529,529,545,545,556,556,556,556,567,598,59,77,77,173,173,191,208,118,135,38,38],"floor_reached":40,"playtime":2439,"items_purged":[],"score":549,"play_id":"b2bf1b0a-0442-4397-8bea-fca845d6a098","local_time":"20190605232028","is_ascension_mode":true,"campfire_choices":[{"data":"Dualcast","floor":7.0,"key":"SMITH"},{"floor":11.0,"key":"REST"},{"data":"Go for the Eyes","floor":15.0,"key":"SMITH"},{"floor":23.0,"key":"REST"},{"data":"Machine Learning","floor":25.0,"key":"SMITH"},{"floor":27.0,"key":"REST"},{"data":"Melter","floor":32.0,"key":"SMITH"}],"neow_cost":"NONE","seed_source_timestamp":443899521868762,"circlet_count":0,"master_deck":["Strike_B+1","Strike_B+1","Defend_B","Defend_B+1","Defend_B","Zap+1","Dualcast+1","Compile Driver","Glacier","Go for the Eyes+1","FTL","Machine Learning+1","Go for the Eyes+1","Auto Shields+1","Glacier+1","Melter+1","Conserve Battery+1","Self Repair","BootSequence+1","Dark Shackles+1"],"special_seed":0,"relics":["Cracked Core","Boot","Anchor","Whetstone","Tiny Chest","Nuclear Battery","Ice Cream","Toxic Egg 2","Bottled Lightning","DollysMirror","Mercury Hourglass","Empty Cage"],"potions_floor_usage":[35],"damage_taken":[{"damage":7.0,"enemies":"Small Slimes","floor":1.0,"turns":3.0},{"damage":0.0,"enemies":"2 Louse","floor":2.0,"turns":2.0},{"damage":1.0,"enemies":"Cultist","floor":3.0,"turns":3.0},{"damage":3.0,"enemies":"Blue Slaver","floor":5.0,"turns":3.0},{"damage":19.0,"enemies":"Lagavulin","floor":6.0,"turns":10.0},{"damage":17.0,"enemies":"Gremlin Nob","floor":8.0,"turns":4.0},{"damage":0.0,"enemies":"Looter","floor":12.0,"turns":2.0},{"damage":12.0,"enemies":"Gremlin Gang","floor":13.0,"turns":4.0},{"damage":0.0,"enemies":"2 Fungi Beasts","floor":14.0,"turns":2.0},{"damage":23.0,"enemies":"Slime Boss","floor":16.0,"turns":12.0},{"damage":0.0,"enemies":"Spheric Guardian","floor":18.0,"turns":4.0},{"damage":0.0,"enemies":"Chosen","floor":19.0,"turns":4.0},{"damage":14.0,"enemies":"Snecko","floor":22.0,"turns":7.0},{"damage":18.0,"enemies":"Shelled Parasite and Fungi","floor":24.0,"turns":7.0},{"damage":0.0,"enemies":"Centurion and Healer","floor":28.0,"turns":7.0},{"damage":4.0,"enemies":"Book of Stabbing","floor":29.0,"turns":7.0},{"damage":0.0,"enemies":"Sentry and Sphere","floor":31.0,"turns":3.0},{"damage":30.0,"enemies":"Collector","floor":33.0,"turns":14.0},{"damage":25,"enemies":"3 Darklings","floor":35,"turns":6},{"damage":14,"enemies":"3 Shapes","floor":36,"turns":5},{"damage":4,"enemies":"Maw","floor":38,"turns":9},{"damage":60,"enemies":"Giant Head","floor":40,"turns":12}],"seed_played":"-8797490791796479194","potions_obtained":[{"floor":2.0,"key":"Strength Potion"},{"floor":3.0,"key":"Block Potion"},{"floor":13.0,"key":"PowerPotion"},{"floor":14.0,"key":"PowerPotion"},{"floor":18.0,"key":"SpeedPotion"},{"floor":22.0,"key":"Block Potion"},{"floor":29.0,"key":"Strength Potion"},{"floor":35,"key":"Fire Potion"},{"floor":36,"key":"SmokeBomb"}],"is_trial":false,"path_per_floor":["M","M","M","?","M","E","R","E","T","?","R","M","M","M","R","B",null,"M","M","T","?","M","R","M","R","T","R","M","E","$","M","R","B",null,"M","M","?","M","$","E"],"character_chosen":"DEFECT","items_purchased":["DollysMirror","Mercury Hourglass","Melter","Conserve Battery+1","Dark Shackles+1"],"campfire_rested":3,"item_purchase_floors":[30,30,30,30,39],"current_hp_per_floor":[61,61,60,60,57,38,38,21,21,21,43,43,31,31,31,8,58,58,58,58,44,30,54,36,36,36,60,60,56,56,56,56,33,68,50,43,43,46,46,0],"gold":38,"neow_bonus":"RANDOM_COMMON_RELIC","is_prod":false,"is_daily":false,"chose_seed":false,"campfire_upgraded":4,"win_rate":0,"timestamp":1559798428,"path_taken":["M","M","M","?","M","E","R","E","T","?","R","M","M","M","R","BOSS","M","M","?","?","M","R","M","R","T","R","M","E","$","M","R","BOSS","M","M","?","?","$","E"],"build_version":"2019-01-23","purchased_purges":0,"victory":false,"max_hp_per_floor":[75,75,75,75,75,75,75,75,75,75,75,75,75,75,75,75,75,75,75,75,80,80,80,80,80,80,80,80,80,80,80,80,80,80,80,80,80,80,80,80],"card_choices":[{"not_picked":["Steam","Rebound","Chaos"],"picked":"SKIP","floor":1.0},{"not_picked":["Coolheaded","Sweeping Beam"],"picked":"Compile Driver","floor":2.0},{"not_picked":["Ball Lightning","Leap"],"picked":"Glacier","floor":3.0},{"not_picked":["Skim","Beam Cell"],"picked":"Go for the Eyes","floor":5.0},{"not_picked":["Beam Cell","Chaos","Recycle"],"picked":"SKIP","floor":6.0},{"not_picked":["Recycle","Compile Driver","Turbo"],"picked":"SKIP","floor":8.0},{"not_picked":["Turbo","Thunder Strike","White Noise"],"picked":"SKIP","floor":12.0},{"not_picked":["Lockon","Barrage","Fusion"],"picked":"SKIP","floor":13.0},{"not_picked":["Fusion","Sweeping Beam"],"picked":"FTL","floor":14.0},{"not_picked":["Electrodynamics","Creative AI"],"picked":"Machine Learning","floor":16.0},{"not_picked":["Loop","Rip and Tear+1"],"picked":"Go for the Eyes+1","floor":18.0},{"not_picked":["Coolheaded","Rip and Tear+1"],"picked":"Auto Shields+1","floor":19.0},{"not_picked":["Recycle","Stack","Turbo"],"picked":"SKIP","floor":22.0},{"not_picked":["Stack","Force Field+1","Compile Driver"],"picked":"SKIP","floor":24.0},{"not_picked":["White Noise+1","Reinforced Body+1","Beam Cell"],"picked":"SKIP","floor":28.0},{"not_picked":["Barrage","Streamline","Electrodynamics"],"picked":"SKIP","floor":29.0},{"not_picked":["Gash","Static Discharge"],"picked":"Self Repair","floor":31.0},{"not_picked":["Ball Lightning","Fusion+1","Consume+1"],"picked":"SKIP","floor":35},{"not_picked":["Conserve Battery+1","Melter+1"],"picked":"BootSequence+1","floor":36},{"not_picked":["Recycle+1","Go for the Eyes+1","Static Discharge+1"],"picked":"SKIP","floor":38}],"player_experience":692787,"relics_obtained":[{"floor":6.0,"key":"Anchor"},{"floor":8.0,"key":"Whetstone"},{"floor":9.0,"key":"Tiny Chest"},{"floor":20.0,"key":"Ice Cream"},{"floor":26.0,"key":"Toxic Egg 2"},{"floor":29.0,"key":"Bottled Lightning"}],"event_choices":[{"damage_healed":0.0,"max_hp_gain":0.0,"max_hp_loss":0.0,"gold_gain":0.0,"event_name":"Living Wall","player_choice":"Grow","floor":4.0,"gold_loss":0.0,"damage_taken":0.0,"cards_upgraded":["Zap"]},{"damage_healed":0.0,"max_hp_gain":0.0,"max_hp_loss":0.0,"gold_gain":100.0,"event_name":"Golden Shrine","player_choice":"Pray","floor":10.0,"gold_loss":0.0,"damage_taken":0.0},{"damage_healed":0.0,"max_hp_gain":5.0,"max_hp_loss":0.0,"gold_gain":0.0,"event_name":"Forgotten Altar","player_choice":"Shed Blood","floor":21.0,"gold_loss":0.0,"damage_taken":19.0},{"cards_removed":["Defend_B"],"damage_healed":0,"gold_gain":0,"player_choice":"Upgrade and Remove","damage_taken":0,"max_hp_gain":0,"max_hp_loss":0,"event_name":"Designer","floor":37,"gold_loss":90,"cards_upgraded":["Defend_B"]}],"is_beta":false,"boss_relics":[{"not_picked":["Snecko Eye","Astrolabe"],"picked":"Nuclear Battery"},{"not_picked":["Runic Dome","Orrery"],"picked":"Empty Cage"}],"items_purged_floors":[],"is_endless":false,"potions_floor_spawned":[2,3,13,14,18,22,29,35,36],"killed_by":"Giant Head","ascension_level":6}