{"gold_per_floor":[112,131,45,62,72,72,72,72,98,98,115,115,129,75,75,150,200,219,16,16,34,49,49,49],"floor_reached":24,"playtime":1055,"items_purged":[],"score":562,"play_id":"93c722db-9c89-48db-b550-ae2a86b47967","local_time":"20190330025207","is_ascension_mode":true,"campfire_choices":[{"data":"Neutralize","floor":6,"key":"SMITH"},{"data":"Die Die Die","floor":12,"key":"SMITH"},{"data":"Predator","floor":15,"key":"SMITH"},{"data":"Venomology","floor":23,"key":"SMITH"}],"neow_cost":"NONE","seed_source_timestamp":0,"circlet_count":0,"master_deck":["AscendersBane","Defend_G","Defend_G","Defend_G","Defend_G","Defend_G","Strike_G","Strike_G","Strike_G+1","Strike_G","Strike_G","Survivor","Neutralize+1","All Out Attack","Backflip","Adrenaline","Die Die Die+1","Predator+1","Backflip","Adrenaline","Footwork","Venomology+1"],"special_seed":0,"relics":["Velvet Choker","Bag of Marbles","Tiny House","Lantern","MutagenicStrength"],"potions_floor_usage":[2,16,18,21,22,24],"damage_taken":[{"damage":1,"enemies":"Cultist","floor":1,"turns":4},{"damage":7,"enemies":"Jaw Worm","floor":2,"turns":5},{"damage":0,"enemies":"2 Louse","floor":4,"turns":3},{"damage":16,"enemies":"Large Slime","floor":5,"turns":6},{"damage":3,"enemies":"Blue Slaver","floor":11,"turns":3},{"damage":14,"enemies":"3 Louse","floor":13,"turns":2},{"damage":12,"enemies":"The Guardian","floor":16,"turns":12},{"damage":17,"enemies":"Spheric Guardian","floor":18,"turns":7},{"damage":0,"enemies":"Chosen","floor":21,"turns":3},{"damage":24,"enemies":"Snake Plant","floor":22,"turns":4},{"damage":25,"enemies":"Slavers","floor":24,"turns":3}],"seed_played":"-1707756451403651279","potions_obtained":[{"floor":1,"key":"EntropicBrew"},{"floor":11,"key":"Fire Potion"},{"floor":16,"key":"Poison Potion"}],"is_trial":false,"path_per_floor":["M","M","$","M","M","R","?","?","T","?","M","R","M","$","R","B",null,"M","$","?","M","M","R","E"],"character_chosen":"THE_SILENT","items_purchased":["Adrenaline","Backflip","Footwork","Lantern"],"campfire_rested":0,"item_purchase_floors":[3,14,19,19],"current_hp_per_floor":[58,51,51,51,35,35,57,57,57,57,54,54,40,40,40,28,62,45,45,45,45,21,21,0],"gold":49,"neow_bonus":"BOSS_RELIC","is_prod":false,"is_daily":false,"chose_seed":false,"campfire_upgraded":4,"win_rate":0,"timestamp":1553935927,"path_taken":["M","?","$","M","M","R","?","?","T","?","M","R","M","?","R","BOSS","M","$","?","M","M","R","E"],"build_version":"2019-01-23","purchased_purges":0,"victory":false,"max_hp_per_floor":[66,66,66,66,66,66,66,66,66,66,66,66,66,66,66,66,71,71,71,71,71,71,71,71],"card_choices":[{"not_picked":["Reflex","Slice"],"picked":"All Out Attack","floor":1},{"not_picked":["Dodge and Roll","Poisoned Stab"],"picked":"Backflip","floor":2},{"not_picked":["Heel Hook","Tactician","Cloak And Dagger"],"picked":"SKIP","floor":4},{"not_picked":["PiercingWail","Finisher","Catalyst"],"picked":"SKIP","floor":5},{"not_picked":["Dodge and Roll","Flying Knee"],"picked":"Die Die Die","floor":11},{"not_picked":["Poisoned Stab","Distraction"],"picked":"Predator","floor":13},{"not_picked":["Wraith Form v2","Corpse Explosion"],"picked":"Adrenaline","floor":16},{"not_picked":["Deflect","Slice","Underhanded Strike"],"picked":"SKIP","floor":18},{"not_picked":["Distraction","PiercingWail"],"picked":"Venomology","floor":21},{"not_picked":["Footwork+1","Underhanded Strike","Prepared+1"],"picked":"SKIP","floor":22}],"player_experience":356006,"relics_obtained":[{"floor":9,"key":"Bag of Marbles"}],"event_choices":[{"damage_healed":22,"gold_gain":0,"player_choice":"Banana","damage_taken":0,"max_hp_gain":0,"max_hp_loss":0,"event_name":"Big Fish","floor":7,"gold_loss":0},{"damage_healed":0,"gold_gain":0,"player_choice":"Leave","damage_taken":0,"max_hp_gain":0,"max_hp_loss":0,"event_name":"The Cleric","floor":8,"gold_loss":0},{"damage_healed":0,"gold_gain":0,"player_choice":"Ignored","damage_taken":0,"max_hp_gain":0,"max_hp_loss":0,"event_name":"Liars Game","floor":10,"gold_loss":0},{"damage_healed":0,"gold_gain":0,"player_choice":"Inject Mutagens","damage_taken":0,"relics_obtained":["MutagenicStrength"],"max_hp_gain":0,"max_hp_loss":0,"event_name":"Drug Dealer","floor":20,"gold_loss":0}],"is_beta":false,"boss_relics":[{"not_picked":["Snecko Eye","Orrery"],"picked":"Tiny House"}],"items_purged_floors":[],"is_endless":false,"potions_floor_spawned":[1,5,11,13,16],"killed_by":"Slavers","ascension_level":19}