{"path_per_floor":["M","M","?","?","M","E","R","$","T","M","M","E","R","M","R","B",null,"M","M","$","?","M","E","R","$","T","?"],"character_chosen":"IRONCLAD","items_purchased":["Inflame"],"gold_per_floor":[119,133,133,98,118,145,145,30,53,67,78,105,105,117,117,219,219,236,246,146,71,83,83,83,83,83,83,83],"floor_reached":28,"campfire_rested":1,"playtime":1779,"current_hp_per_floor":[76,80,68,80,80,70,70,70,70,73,68,54,54,53,53,21,80,65,33,33,33,28,14,39,39,39,23,0],"items_purged":["Defend_R","Warcry"],"gold":83,"score":248,"play_id":"9f796fdd-4135-4fa5-a27f-0fbccf8bd886","local_time":"20180522175258","is_prod":false,"is_daily":false,"chose_seed":false,"is_ascension_mode":false,"campfire_upgraded":3,"timestamp":1526975578,"campfire_choices":[{"data":"Spot Weakness","floor":7,"key":"SMITH"},{"data":"Inflame","floor":13,"key":"SMITH"},{"data":"Warcry","floor":15,"key":"SMITH"},{"floor":24,"key":"REST"}],"path_taken":["M","M","?","?","M","E","R","$","T","?","M","E","R","M","R","BOSS","M","?","$","?","M","E","R","$","T","?","M"],"build_version":"2018-05-17","seed_source_timestamp":31793601983467,"purchased_purges":2,"victory":false,"master_deck":["Strike_R","Strike_R","Strike_R","Strike_R","Defend_R","Defend_R","Defend_R","Bash+1","Flex","Clash","Rampage","Spot Weakness+1","Inflame+1","Limit Break","Perfected Strike","Heavy Blade","Headbutt"],"max_hp_per_floor":[80,80,80,80,80,80,80,80,80,80,80,80,80,80,80,80,80,80,80,80,80,85,85,85,85,85,85,85],"relics":["Burning Blood","Pen Nib","Dream Catcher","Orichalcum","Lantern","Runic Pyramid","Self Forming Clay","Nilry\u0027s Codex"],"card_choices":[{"not_picked":["Corruption","Second Wind"],"picked":"Flex","floor":1},{"not_picked":["Flex","Body Slam"],"picked":"Clash","floor":2},{"not_picked":["Warcry","Clothesline"],"picked":"Rampage","floor":5},{"not_picked":["Pommel Strike","Armaments"],"picked":"Spot Weakness","floor":6},{"not_picked":["Thunderclap","Burning Pact","Brutality"],"picked":"SKIP","floor":10},{"not_picked":["Bloodletting","Perfected Strike"],"picked":"Warcry","floor":11},{"not_picked":["Body Slam","Iron Wave","Bloodletting"],"picked":"SKIP","floor":12},{"not_picked":["Thunderclap","Feel No Pain","Headbutt"],"picked":"SKIP","floor":14},{"not_picked":["Impervious","Fiend Fire"],"picked":"Limit Break","floor":16},{"not_picked":["Sword Boomerang+1","Clothesline"],"picked":"Perfected Strike","floor":18},{"not_picked":["Double Tap","Headbutt+1"],"picked":"Heavy Blade","floor":19},{"not_picked":["Perfected Strike","Warcry"],"picked":"Headbutt","floor":22}],"player_experience":34557,"potions_floor_usage":[6,19,22,23,23],"damage_taken":[{"damage":10,"enemies":"Jaw Worm","floor":1,"turns":4},{"damage":2,"enemies":"Small Slimes","floor":2,"turns":3},{"damage":1,"enemies":"Cultist","floor":5,"turns":3},{"damage":16,"enemies":"Gremlin Nob","floor":6,"turns":3},{"damage":3,"enemies":"Gremlin Gang","floor":10,"turns":4},{"damage":11,"enemies":"Exordium Wildlife","floor":11,"turns":3},{"damage":20,"enemies":"Lagavulin","floor":12,"turns":4},{"damage":7,"enemies":"3 Louse","floor":14,"turns":3},{"damage":38,"enemies":"The Guardian","floor":16,"turns":7},{"damage":21,"enemies":"Spheric Guardian","floor":18,"turns":4},{"damage":38,"enemies":"3 Byrds","floor":19,"turns":5},{"damage":16,"enemies":"3 Cultists","floor":22,"turns":4},{"damage":20,"enemies":"Book of Stabbing","floor":23,"turns":3},{"damage":52,"enemies":"Cultist and Chosen","floor":28,"turns":6}],"relics_obtained":[{"floor":6,"key":"Dream Catcher"},{"floor":9,"key":"Orichalcum"},{"floor":12,"key":"Lantern"},{"floor":26,"key":"Self Forming Clay"},{"floor":27,"key":"Nilry\u0027s Codex"}],"event_choices":[{"event_name":"Scrap Ooze","player_choice":"success","floor":3,"damage_taken":12},{"event_name":"The Cleric","player_choice":"Healed","floor":4,"damage_taken":0},{"event_name":"Beggar","player_choice":"Gave Gold","floor":21,"damage_taken":0},{"event_name":"Cursed Tome","player_choice":"Obtained Book","floor":27,"damage_taken":0}],"boss_relics":[{"not_picked":["Philosopher\u0027s Stone","White Beast Statue"],"picked":"Runic Pyramid"}],"potions_floor_spawned":[1,2,11,16,19,23],"seed_played":"-2525933116689390142","killed_by":"Cultist and Chosen","ascension_level":0,"potions_obtained":[{"floor":1,"key":"Fruit Juice"},{"floor":2,"key":"PowerPotion"},{"floor":11,"key":"AttackPotion"},{"floor":16,"key":"FearPotion"},{"floor":19,"key":"SmokeBomb"}],"is_trial":false}