{"gold_per_floor":[114,53,66,66,85,85,117,117,140,140],"floor_reached":10,"playtime":229,"items_purged":[],"score":86,"play_id":"e6bbd0ec-a89a-4228-90f9-92126569c3a2","local_time":"20190422193532","is_ascension_mode":true,"campfire_choices":[{"data":"Bash","floor":6,"key":"SMITH"},{"data":"Iron Wave","floor":8,"key":"SMITH"}],"neow_cost":"NONE","seed_source_timestamp":768037424772060,"circlet_count":0,"master_deck":["Strike_R","Strike_R","Strike_R","Strike_R","Defend_R","Defend_R","Defend_R","Defend_R","Bash+1","Iron Wave+1"],"relics":["Burning Blood","NeowsBlessing","Omamori","Potion Belt","Juzu Bracelet"],"potions_floor_usage":[],"damage_taken":[{"damage":0,"enemies":"Jaw Worm","floor":1,"turns":1},{"damage":0,"enemies":"Cultist","floor":3,"turns":1},{"damage":0,"enemies":"Small Slimes","floor":5,"turns":1},{"damage":60,"enemies":"3 Sentries","floor":7,"turns":12},{"damage":28,"enemies":"Lagavulin","floor":10,"turns":3}],"seed_played":"-7534967861585345359","potions_obtained":[{"floor":5,"key":"Energy Potion"}],"is_trial":false,"path_per_floor":["M","?","M","?","M","R","E","R","T","E"],"character_chosen":"IRONCLAD","items_purchased":[],"campfire_rested":0,"item_purchase_floors":[],"current_hp_per_floor":[78,78,80,80,80,80,26,26,26,0],"gold":140,"neow_bonus":"THREE_ENEMY_KILL","is_prod":false,"is_daily":false,"chose_seed":false,"campfire_upgraded":2,"win_rate":0,"timestamp":1555983332,"path_taken":["M","?","?","?","?","R","E","R","T","E"],"build_version":"2019-01-23","purchased_purges":0,"victory":false,"max_hp_per_floor":[80,80,80,80,80,80,80,80,80,80],"card_choices":[{"not_picked":["Body Slam","Spot Weakness","Clash"],"picked":"SKIP","floor":1},{"not_picked":["True Grit","Seeing Red","Reckless Charge"],"picked":"SKIP","floor":3},{"not_picked":["Body Slam","Rupture","Rage"],"picked":"SKIP","floor":5},{"not_picked":["Sword Boomerang","Feed"],"picked":"Iron Wave","floor":7}],"player_experience":516474,"relics_obtained":[{"floor":7,"key":"Potion Belt"},{"floor":9,"key":"Juzu Bracelet"}],"event_choices":[{"damage_healed":0,"gold_gain":0,"player_choice":"Paid Gold","damage_taken":0,"relics_obtained":["Omamori"],"max_hp_gain":0,"max_hp_loss":0,"event_name":"WeMeetAgain","floor":2,"gold_loss":61},{"cards_removed":["Strike_R"],"damage_healed":0,"gold_gain":0,"player_choice":"Offered Basic","damage_taken":0,"max_hp_gain":0,"max_hp_loss":0,"event_name":"Bonfire Elementals","floor":4,"gold_loss":0}],"is_beta":false,"boss_relics":[],"items_purged_floors":[],"is_endless":false,"potions_floor_spawned":[5],"killed_by":"Lagavulin","ascension_level":6}