{"gold_per_floor":[109,109,109,124,98,128,128,160,160,160],"floor_reached":10,"playtime":261,"items_purged":[],"score":193,"play_id":"a85a8f37-f313-43be-bc56-568304894e1f","local_time":"20190330115120","is_ascension_mode":true,"campfire_choices":[{"data":"Footwork","floor":7,"key":"SMITH"}],"neow_cost":"NONE","seed_source_timestamp":139740266512099,"circlet_count":0,"master_deck":["AscendersBane","Defend_G","Defend_G","Defend_G","Defend_G+1","Defend_G","Strike_G","Strike_G","Strike_G","Strike_G","Survivor+1","Neutralize","Footwork+1","Flying Knee","Quick Slash","Sucker Punch"],"relics":["Ring of the Snake","NeowsBlessing","Ninja Scroll","Boot","Kunai"],"potions_floor_usage":[8],"damage_taken":[{"damage":0,"enemies":"Jaw Worm","floor":1,"turns":1},{"damage":0,"enemies":"2 Louse","floor":4,"turns":1},{"damage":0,"enemies":"Lagavulin","floor":6,"turns":1},{"damage":15,"enemies":"Gremlin Nob","floor":8,"turns":4},{"damage":27,"enemies":"Lagavulin","floor":10,"turns":9}],"seed_played":"3533079135444818429","potions_obtained":[{"floor":4,"key":"AttackPotion"}],"is_trial":false,"path_per_floor":["M","?","?","M","$","E","R","E","T","E"],"character_chosen":"THE_SILENT","items_purchased":["Quick Slash"],"campfire_rested":0,"item_purchase_floors":[5],"current_hp_per_floor":[59,39,39,39,39,39,39,24,24,0],"gold":160,"neow_bonus":"THREE_ENEMY_KILL","is_prod":false,"is_daily":false,"chose_seed":false,"campfire_upgraded":1,"win_rate":0,"timestamp":1553968280,"path_taken":["M","?","?","?","$","E","R","E","T","E"],"build_version":"2019-01-23","purchased_purges":0,"victory":false,"max_hp_per_floor":[66,66,66,66,66,66,66,66,66,66],"card_choices":[{"not_picked":["PiercingWail","Dagger Spray"],"picked":"Footwork","floor":1},{"not_picked":["Underhanded Strike","Blade Dance","Outmaneuver"],"picked":"SKIP","floor":4},{"not_picked":["Poisoned Stab","Well Laid Plans"],"picked":"Sucker Punch","floor":6},{"not_picked":["Accuracy","Calculated Gamble","PiercingWail"],"picked":"SKIP","floor":8}],"player_experience":359223,"relics_obtained":[{"floor":6,"key":"Ninja Scroll"},{"floor":8,"key":"Boot"},{"floor":9,"key":"Kunai"}],"event_choices":[{"damage_healed":0,"gold_gain":0,"player_choice":"Entered Light","damage_taken":20,"max_hp_gain":0,"max_hp_loss":0,"event_name":"Shining Light","floor":2,"gold_loss":0,"cards_upgraded":["Survivor","Defend_G"]},{"damage_healed":0,"gold_gain":0,"cards_transformed":["Strike_G"],"player_choice":"Transformed","damage_taken":0,"max_hp_gain":0,"max_hp_loss":0,"event_name":"Transmorgrifier","floor":3,"gold_loss":0,"cards_obtained":["Flying Knee"]}],"is_beta":false,"boss_relics":[],"items_purged_floors":[],"is_endless":false,"potions_floor_spawned":[4],"killed_by":"Lagavulin","ascension_level":19}