{"gold_per_floor":[113,130,149,224,236,236,267,278,278,298,263,290,308,333,333,435,435,447,447,247,247,258,287,287,319,344,378,388,388,398,196,196,291,291,310,310,322,333,270,270,302,302,325,325,81,108,108,48,48,48,48,48,48,82,82],"floor_reached":55,"playtime":2168,"items_purged":["Pain"],"score":867,"play_id":"ad0932bb-0ef6-41e7-b2ea-cad2ba49c07b","local_time":"20190501175959","is_ascension_mode":true,"campfire_choices":[{"data":"Feed","floor":6,"key":"SMITH"},{"data":"Demon Form","floor":15,"key":"SMITH"},{"data":"Whirlwind","floor":24,"key":"SMITH"},{"data":"Heavy Blade","floor":29,"key":"SMITH"},{"data":"Inflame","floor":32,"key":"SMITH"},{"floor":40,"key":"RECALL"},{"floor":42,"key":"REST"},{"floor":44,"key":"REST"},{"floor":49,"key":"REST"},{"floor":52,"key":"REST"}],"neow_cost":"PERCENT_DAMAGE","seed_source_timestamp":1362845856957,"circlet_count":0,"master_deck":["Defend_R","Defend_R","Defend_R","Defend_R","Bash","Feed+1","Twin Strike","Cleave","Inflame+1","Clothesline","Demon Form+1","Intimidate","Iron Wave","Heavy Blade+1","Bite","Bite","Bite","Bite","Bite","Whirlwind+1","Flex","Pommel Strike","Infernal Blade+1","Armaments+1","Spot Weakness+1","Pommel Strike+1","Impatience","Flex+1","Ghostly Armor","Pummel","Disarm+1","Infernal Blade+1"],"relics":["Burning Blood","The Courier","Bag of Marbles","PreservedInsect","Mercury Hourglass","Sozu","Shuriken","Bag of Preparation","Dodecahedron","Lantern","Strawberry","Question Card","Fusion Hammer","Juzu Bracelet","Ice Cream","Dead Branch","WarpedTongs","Vajra"],"potions_floor_usage":[7,12,25,41],"damage_taken":[{"damage":10,"enemies":"Small Slimes","floor":1,"turns":4},{"damage":1,"enemies":"Jaw Worm","floor":2,"turns":3},{"damage":2,"enemies":"2 Louse","floor":3,"turns":2},{"damage":3,"enemies":"Exordium Wildlife","floor":5,"turns":4},{"damage":45,"enemies":"Lagavulin","floor":7,"turns":6},{"damage":7,"enemies":"Exordium Thugs","floor":8,"turns":4},{"damage":5,"enemies":"Red Slaver","floor":10,"turns":3},{"damage":24,"enemies":"Gremlin Nob","floor":12,"turns":4},{"damage":5,"enemies":"Large Slime","floor":13,"turns":4},{"damage":10,"enemies":"3 Sentries","floor":14,"turns":4},{"damage":33,"enemies":"The Guardian","floor":16,"turns":9},{"damage":20,"enemies":"Shell Parasite","floor":18,"turns":5},{"damage":0,"enemies":"3 Byrds","floor":22,"turns":3},{"damage":50,"enemies":"Book of Stabbing","floor":23,"turns":5},{"damage":17,"enemies":"Slavers","floor":25,"turns":4},{"damage":7,"enemies":"Book of Stabbing","floor":27,"turns":2},{"damage":7,"enemies":"Shelled Parasite and Fungi","floor":28,"turns":2},{"damage":17,"enemies":"Sentry and Sphere","floor":30,"turns":4},{"damage":42,"enemies":"Champ","floor":33,"turns":8},{"damage":2,"enemies":"3 Shapes","floor":35,"turns":1},{"damage":14,"enemies":"Orb Walker","floor":37,"turns":3},{"damage":12,"enemies":"Transient","floor":38,"turns":5},{"damage":8,"enemies":"Reptomancer","floor":41,"turns":4},{"damage":53,"enemies":"Nemesis","floor":46,"turns":3},{"damage":101,"enemies":"Awakened One","floor":50,"turns":10},{"damage":16,"enemies":"Shield and Spear","floor":54,"turns":3},{"damage":99,"enemies":"The Heart","floor":55,"turns":6}],"seed_played":"-8439371692985231560","potions_obtained":[{"floor":1,"key":"FairyPotion"},{"floor":5,"key":"BloodPotion"},{"floor":8,"key":"Weak Potion"},{"floor":14,"key":"SpeedPotion"},{"floor":16,"key":"SpeedPotion"}],"is_trial":false,"path_per_floor":["M","M","M","?","M","R","E","M","T","M","?","E","M","E","R","B",null,"M","?","$","?","M","E","R","E","T","E","M","R","M","$","R","B",null,"M","?","M","M","$","R","E","R","T","R","$","E","?","$","R","B",null,"R","$","E","B"],"character_chosen":"IRONCLAD","items_purchased":["Shuriken","Question Card","Pummel","Ice Cream"],"campfire_rested":4,"item_purchase_floors":[20,31,39,45],"current_hp_per_floor":[55,63,70,59,65,65,35,38,38,43,68,54,59,59,59,36,116,102,81,81,81,85,51,51,46,46,56,57,57,55,55,55,35,96,96,96,90,96,96,96,94,96,96,96,96,52,52,52,80,15,96,96,96,86,0],"gold":82,"neow_bonus":"THREE_RARE_CARDS","is_prod":false,"is_daily":false,"chose_seed":false,"campfire_upgraded":5,"win_rate":0,"timestamp":1556697599,"path_taken":["M","M","M","?","M","R","E","M","T","M","?","E","M","E","R","BOSS","M","?","$","?","M","E","R","E","T","E","M","R","M","$","R","BOSS","M","?","M","M","$","R","E","R","T","R","?","E","?","$","R","BOSS","R","$","E","BOSS"],"build_version":"2019-01-23","purchased_purges":1,"victory":false,"max_hp_per_floor":[83,86,89,89,92,92,92,96,96,100,100,104,108,112,112,116,116,116,81,81,81,85,85,85,89,89,96,96,96,96,96,96,96,96,96,96,96,96,96,96,96,96,96,96,96,96,96,96,96,96,96,96,96,96,96],"card_choices":[{"not_picked":["Double Tap","Impervious"],"picked":"Feed","floor":0},{"not_picked":["Power Through","Warcry"],"picked":"Twin Strike","floor":1},{"not_picked":["Clash","Combust"],"picked":"Cleave","floor":2},{"not_picked":["Thunderclap","Twin Strike"],"picked":"Inflame","floor":3},{"not_picked":["Immolate","Body Slam"],"picked":"Clothesline","floor":5},{"not_picked":["Carnage","Blood for Blood"],"picked":"Demon Form","floor":7},{"not_picked":["Headbutt","True Grit","Warcry"],"picked":"SKIP","floor":8},{"not_picked":["Entrench","Sword Boomerang"],"picked":"Intimidate","floor":10},{"not_picked":["Thunderclap","Ghostly Armor"],"picked":"Iron Wave","floor":12},{"not_picked":["Evolve","Sentinel","Thunderclap"],"picked":"SKIP","floor":13},{"not_picked":["True Grit","Bludgeon"],"picked":"Heavy Blade","floor":14},{"not_picked":["Body Slam","Cleave+1","Wild Strike"],"picked":"SKIP","floor":18},{"not_picked":["Cleave+1","Headbutt"],"picked":"Flex","floor":22},{"not_picked":["Anger","Clash"],"picked":"Pommel Strike","floor":23},{"not_picked":["Perfected Strike+1","Clash+1"],"picked":"Infernal Blade+1","floor":25},{"not_picked":["Body Slam","Reckless Charge"],"picked":"Armaments+1","floor":27},{"not_picked":["Cleave+1","Offering"],"picked":"Spot Weakness+1","floor":28},{"not_picked":["Havoc+1","True Grit+1","Body Slam"],"picked":"SKIP","floor":30},{"not_picked":["Warcry","Cleave","Armaments+1"],"picked":"Pommel Strike+1","floor":35},{"not_picked":["Purity","Blind","Panache"],"picked":"Impatience","floor":36},{"not_picked":["Shockwave","Burning Pact","Anger+1"],"picked":"Flex+1","floor":37},{"not_picked":["Warcry","Twin Strike+1","Cleave"],"picked":"Ghostly Armor","floor":38},{"not_picked":["Sword Boomerang","Demon Form","Whirlwind+1","Cleave+1"],"picked":"SKIP","floor":41},{"not_picked":["Rage+1","Flex","Perfected Strike+1"],"picked":"Disarm+1","floor":46},{"not_picked":["Iron Wave+1","Headbutt","Anger+1"],"picked":"Infernal Blade+1","floor":54}],"player_experience":145985,"relics_obtained":[{"floor":7,"key":"The Courier"},{"floor":9,"key":"Bag of Marbles"},{"floor":12,"key":"PreservedInsect"},{"floor":14,"key":"Mercury Hourglass"},{"floor":23,"key":"Bag of Preparation"},{"floor":25,"key":"Dodecahedron"},{"floor":26,"key":"Lantern"},{"floor":27,"key":"Strawberry"},{"floor":41,"key":"Juzu Bracelet"},{"floor":46,"key":"Dead Branch"},{"floor":54,"key":"Vajra"}],"event_choices":[{"damage_healed":0,"gold_gain":75,"player_choice":"Gather Gold","damage_taken":11,"max_hp_gain":0,"max_hp_loss":0,"event_name":"World of Goop","floor":4,"gold_loss":0},{"damage_healed":25,"gold_gain":0,"player_choice":"Healed","damage_taken":0,"max_hp_gain":0,"max_hp_loss":0,"event_name":"The Cleric","floor":11,"gold_loss":35},{"damage_healed":0,"gold_gain":0,"player_choice":"Became a vampire","damage_taken":0,"max_hp_gain":0,"max_hp_loss":35,"event_name":"Vampires","floor":19,"gold_loss":0,"cards_obtained":["Bite","Bite","Bite","Bite","Bite"]},{"damage_healed":0,"gold_gain":0,"player_choice":"Read","damage_taken":0,"max_hp_gain":0,"max_hp_loss":0,"event_name":"The Library","floor":21,"gold_loss":0,"cards_obtained":["Whirlwind"]},{"damage_healed":0,"gold_gain":0,"player_choice":"Memory 1","damage_taken":0,"max_hp_gain":0,"max_hp_loss":0,"event_name":"SensoryStone","floor":36,"gold_loss":0},{"damage_healed":0,"gold_gain":0,"player_choice":"Rummage","damage_taken":0,"relics_obtained":["WarpedTongs"],"max_hp_gain":0,"max_hp_loss":0,"event_name":"Accursed Blacksmith","floor":47,"gold_loss":0,"cards_obtained":["Pain"]}],"is_beta":false,"boss_relics":[{"not_picked":["Runic Pyramid","Snecko Eye"],"picked":"Sozu"},{"not_picked":["Orrery","Lizard Tail"],"picked":"Fusion Hammer"}],"items_purged_floors":[48],"is_endless":false,"potions_floor_spawned":[1,5,8,14,16,23,25,33,38,41,54],"killed_by":"The Heart","ascension_level":1}