{"gold_per_floor":[115,115,140,140,65,65,106,106,106,150,150,173,197,233,233,233],"floor_reached":16,"playtime":365,"items_purged":[],"score":279,"play_id":"f582a224-dc8b-42f1-b312-be765f3bbe4c","local_time":"20190527113626","is_ascension_mode":true,"campfire_choices":[{"data":"Spot Weakness","floor":6.0,"key":"SMITH"},{"data":"Hemokinesis","floor":8.0,"key":"SMITH"},{"data":"Bash","floor":11.0,"key":"SMITH"},{"floor":15,"key":"REST"}],"neow_cost":"NONE","seed_source_timestamp":159555991996297,"circlet_count":0,"master_deck":["AscendersBane","Strike_R","Strike_R","Strike_R","Strike_R+1","Defend_R","Defend_R","Defend_R","Defend_R","Bash+1","Spot Weakness+1","Clothesline+1","Hemokinesis+1","Uppercut"],"special_seed":0,"relics":["Burning Blood","NeowsBlessing","Golden Idol","Whetstone","Kunai","Bag of Preparation","Potion Belt"],"potions_floor_usage":[16],"damage_taken":[{"damage":0.0,"enemies":"Jaw Worm","floor":1.0,"turns":1.0},{"damage":0.0,"enemies":"Small Slimes","floor":3.0,"turns":2.0},{"damage":0.0,"enemies":"3 Sentries","floor":7.0,"turns":2.0},{"damage":32.0,"enemies":"Lagavulin","floor":10.0,"turns":4.0},{"damage":3.0,"enemies":"2 Louse","floor":12.0,"turns":2.0},{"damage":19.0,"enemies":"Exordium Wildlife","floor":13.0,"turns":3.0},{"damage":27,"enemies":"3 Sentries","floor":14,"turns":6},{"damage":37,"enemies":"Hexaghost","floor":16,"turns":9}],"seed_played":"-3254917294060429510","potions_obtained":[{"floor":7.0,"key":"BloodPotion"},{"floor":10.0,"key":"PowerPotion"}],"is_trial":false,"path_per_floor":["M","?","M","?","?","R","E","R","T","E","R","M","M","E","R","B"],"character_chosen":"IRONCLAD","items_purchased":[],"campfire_rested":1,"item_purchase_floors":[],"current_hp_per_floor":[74,68,68,68,68,68,68,68,68,42,42,45,38,17,37,0],"gold":233,"neow_bonus":"THREE_ENEMY_KILL","is_prod":false,"is_daily":false,"chose_seed":false,"campfire_upgraded":3,"win_rate":0,"timestamp":1558978586,"path_taken":["M","?","M","?","?","R","E","R","T","E","R","?","M","E","R","BOSS"],"build_version":"2019-01-23","purchased_purges":0,"victory":false,"max_hp_per_floor":[75,68,68,68,68,68,68,68,68,68,68,68,68,68,68,68],"card_choices":[{"not_picked":["Sword Boomerang","True Grit"],"picked":"Spot Weakness","floor":1.0},{"not_picked":["Inflame","Wild Strike"],"picked":"Clothesline","floor":3.0},{"not_picked":["Intimidate","Searing Blow"],"picked":"Hemokinesis","floor":7.0},{"not_picked":["Heavy Blade","Immolate","Searing Blow"],"picked":"SKIP","floor":10.0},{"not_picked":["Wild Strike","Cleave"],"picked":"Uppercut","floor":12.0},{"not_picked":["Warcry","Corruption","True Grit"],"picked":"SKIP","floor":13.0},{"not_picked":["Exhume","Rage","Shockwave"],"picked":"SKIP","floor":14}],"player_experience":638346,"relics_obtained":[{"floor":7.0,"key":"Whetstone"},{"floor":9.0,"key":"Kunai"},{"floor":10.0,"key":"Bag of Preparation"},{"floor":14,"key":"Potion Belt"}],"event_choices":[{"damage_healed":0.0,"max_hp_gain":0.0,"max_hp_loss":7.0,"gold_gain":0.0,"event_name":"Golden Idol","player_choice":"Lose Max HP","floor":2.0,"gold_loss":0.0,"damage_taken":0.0,"relics_obtained":["Golden Idol"]},{"damage_healed":0.0,"max_hp_gain":0.0,"max_hp_loss":0.0,"gold_gain":0.0,"event_name":"Liars Game","player_choice":"Ignored","floor":4.0,"gold_loss":0.0,"damage_taken":0.0},{"cards_removed":["Strike_R"],"damage_healed":0.0,"max_hp_gain":0.0,"max_hp_loss":0.0,"gold_gain":0.0,"event_name":"The Cleric","player_choice":"Card Removal","floor":5.0,"gold_loss":75.0,"damage_taken":0.0}],"is_beta":false,"boss_relics":[],"items_purged_floors":[],"is_endless":false,"potions_floor_spawned":[7,10,12],"killed_by":"Hexaghost","ascension_level":19}