{"gold_per_floor":[119,30,30,30,30,57,68,218,218,218,248,107,119,137,137,212,212,230,180,105,105,119,119,132,32,32,32,46,46,58,69,69,142,142,157,157,0,14,28,53,65,77,89,101,113,141,153,165,177,189,201],"floor_reached":52,"playtime":4312,"items_purged":["Doubt","Strike_G"],"score":1955,"play_id":"305ee11c-4b68-4eb4-9f13-f46309dd3fc7","local_time":"20190406124934","is_ascension_mode":true,"campfire_choices":[{"data":"Neutralize","floor":10.0,"key":"SMITH"},{"data":"Noxious Fumes","floor":15.0,"key":"SMITH"},{"data":"Malaise","floor":23.0,"key":"SMITH"},{"data":"Footwork","floor":27.0,"key":"SMITH"},{"data":"Crippling Poison","floor":29,"key":"SMITH"},{"data":"Leg Sweep","floor":32,"key":"SMITH"},{"data":"Blur","floor":41,"key":"SMITH"}],"neow_cost":"NONE","seed_source_timestamp":743773879626034,"circlet_count":0,"master_deck":["AscendersBane","Defend_G+1","Defend_G+1","Defend_G+1","Defend_G+1","Defend_G+1","Strike_G+1","Strike_G+1","Survivor+1","Neutralize+1","Escape Plan+1","Noxious Fumes+1","Leg Sweep+1","Footwork+1","Cloak And Dagger+1","Dodge and Roll+1","Malaise+1","Crippling Poison+1","Well Laid Plans+1","Dodge and Roll+1","Backflip+1","Adrenaline+1","After Image+1","Blur+1"],"special_seed":0,"relics":["Ring of the Snake","NeowsBlessing","Mummified Hand","Paper Crane","Letter Opener","Coffee Dripper","Incense Burner","Cursed Key","Mark of the Bloom","Red Mask","MawBank"],"potions_floor_usage":[30,51],"damage_taken":[{"damage":0.0,"enemies":"Cultist","floor":1.0,"turns":1.0},{"damage":0.0,"enemies":"Lagavulin","floor":6.0,"turns":1.0},{"damage":0.0,"enemies":"Small Slimes","floor":7.0,"turns":1.0},{"damage":0.0,"enemies":"3 Sentries","floor":11.0,"turns":6.0},{"damage":2.0,"enemies":"Jaw Worm","floor":13.0,"turns":5.0},{"damage":0.0,"enemies":"Blue Slaver","floor":14.0,"turns":5.0},{"damage":16.0,"enemies":"Hexaghost","floor":16.0,"turns":13.0},{"damage":17.0,"enemies":"Chosen","floor":18.0,"turns":7.0},{"damage":5.0,"enemies":"2 Thieves","floor":19.0,"turns":5.0},{"damage":0.0,"enemies":"Centurion and Healer","floor":22.0,"turns":11.0},{"damage":4.0,"enemies":"Sentry and Sphere","floor":24.0,"turns":6.0},{"damage":0,"enemies":"3 Cultists","floor":28,"turns":8},{"damage":8,"enemies":"Cultist and Chosen","floor":30,"turns":9},{"damage":0,"enemies":"Centurion and Healer","floor":31,"turns":9},{"damage":7,"enemies":"Collector","floor":33,"turns":12},{"damage":0,"enemies":"3 Shapes","floor":35,"turns":5},{"damage":0,"enemies":"3 Darklings","floor":38,"turns":4},{"damage":0,"enemies":"Maw","floor":39,"turns":11},{"damage":0,"enemies":"Giant Head","floor":40,"turns":14},{"damage":2,"enemies":"Jaw Worm Horde","floor":46,"turns":5},{"damage":2,"enemies":"Awakened One","floor":50,"turns":33},{"damage":0,"enemies":"Time Eater","floor":51,"turns":25}],"seed_played":"8268378481749371073","potions_obtained":[{"floor":1.0,"key":"Explosive Potion"},{"floor":6.0,"key":"PowerPotion"},{"floor":14.0,"key":"Poison Potion"},{"floor":16.0,"key":"Explosive Potion"},{"floor":18.0,"key":"SpeedPotion"},{"floor":19.0,"key":"Weak Potion"},{"floor":31,"key":"GhostInAJar"},{"floor":35,"key":"Dexterity Potion"}],"is_trial":false,"path_per_floor":["M","$","?","?","$","E","M","?","T","R","E","$","M","M","R","B",null,"M","M","$","?","M","R","M","$","T","R","M","R","M","M","R","B",null,"M","?","?","M","M","E","R","$","T","?","$","M","R","?","R","B","B",null],"character_chosen":"THE_SILENT","items_purchased":["Noxious Fumes","Footwork","Cloak And Dagger"],"campfire_rested":0,"item_purchase_floors":[2,12,12],"current_hp_per_floor":[59,59,39,32,32,32,32,32,32,32,32,32,30,30,30,14,53,36,31,31,31,31,31,27,27,27,27,27,27,19,19,19,12,53,53,53,53,53,53,53,53,53,53,53,53,51,51,51,51,49,49],"gold":213,"neow_bonus":"THREE_ENEMY_KILL","is_prod":false,"is_daily":false,"chose_seed":false,"campfire_upgraded":7,"win_rate":0,"timestamp":1554576574,"path_taken":["M","?","?","?","?","E","M","?","T","R","E","$","?","M","R","BOSS","M","M","$","?","M","R","M","?","T","R","M","R","?","M","R","BOSS","M","?","?","M","M","E","R","?","T","?","$","?","R","?","R","BOSS","BOSS"],"build_version":"2019-01-23","purchased_purges":2,"victory":true,"max_hp_per_floor":[66,66,66,66,66,66,66,66,66,66,66,66,66,66,66,66,66,66,66,66,66,66,66,66,66,66,66,66,66,66,66,66,66,66,66,66,66,66,66,66,66,66,66,63,63,63,63,63,63,63,63],"card_choices":[{"not_picked":["Slice","Flying Knee"],"picked":"Escape Plan","floor":1.0},{"not_picked":["Sucker Punch","Blade Dance","Slice"],"picked":"SKIP","floor":6.0},{"not_picked":["Outmaneuver","Heel Hook","Underhanded Strike"],"picked":"SKIP","floor":7.0},{"not_picked":["Slice","Die Die Die"],"picked":"Leg Sweep","floor":11.0},{"not_picked":["Underhanded Strike","Terror"],"picked":"Dodge and Roll","floor":13.0},{"not_picked":["Heel Hook","Tactician","Acrobatics"],"picked":"SKIP","floor":14.0},{"not_picked":["Adrenaline","Bullet Time"],"picked":"Malaise","floor":16.0},{"not_picked":["Poisoned Stab","Footwork"],"picked":"Crippling Poison","floor":18.0},{"not_picked":["PiercingWail","Infinite Blades"],"picked":"Well Laid Plans","floor":19.0},{"not_picked":["Deadly Poison","Dash","Acrobatics"],"picked":"SKIP","floor":22.0},{"not_picked":["Cloak And Dagger","Dagger Throw"],"picked":"Dodge and Roll+1","floor":24.0},{"not_picked":["Dagger Throw","Dodge and Roll","Blur"],"picked":"SKIP","floor":28},{"not_picked":["Skewer","Bane"],"picked":"Backflip+1","floor":30},{"not_picked":["Dagger Throw","Deflect"],"picked":"Adrenaline","floor":31},{"not_picked":["Tools of the Trade","Doppelganger"],"picked":"After Image","floor":33},{"not_picked":["Poisoned Stab","Acrobatics","Flying Knee+1"],"picked":"SKIP","floor":35},{"not_picked":["Dagger Spray+1","Deadly Poison"],"picked":"Blur","floor":38},{"not_picked":["Cloak And Dagger","Outmaneuver","All Out Attack"],"picked":"SKIP","floor":39},{"not_picked":["Masterful Stab","Noxious Fumes+1","Expertise"],"picked":"SKIP","floor":40},{"not_picked":["Dagger Throw+1","Noxious Fumes","Deadly Poison"],"picked":"SKIP","floor":46}],"player_experience":466091,"relics_obtained":[{"floor":6.0,"key":"Mummified Hand"},{"floor":9.0,"key":"Paper Crane"},{"floor":11.0,"key":"Letter Opener"},{"floor":26.0,"key":"Incense Burner"},{"floor":40,"key":"MawBank"}],"event_choices":[{"damage_healed":0.0,"max_hp_gain":0.0,"max_hp_loss":0.0,"gold_gain":0.0,"event_name":"Shining Light","player_choice":"Entered Light","floor":3.0,"gold_loss":0.0,"damage_taken":20.0,"cards_upgraded":["Defend_G","Strike_G"]},{"cards_removed":["Strike_G"],"damage_healed":0.0,"max_hp_gain":0.0,"max_hp_loss":0.0,"gold_gain":0.0,"event_name":"Golden Wing","player_choice":"Card Removal","floor":4.0,"gold_loss":0.0,"damage_taken":7.0},{"damage_healed":0.0,"max_hp_gain":0.0,"max_hp_loss":0.0,"gold_gain":150.0,"event_name":"Liars Game","player_choice":"AGREE","floor":8.0,"gold_loss":0.0,"damage_taken":0.0,"cards_obtained":["Doubt"]},{"damage_healed":0.0,"max_hp_gain":0.0,"max_hp_loss":0.0,"gold_gain":0.0,"event_name":"Upgrade Shrine","player_choice":"Upgraded","floor":21.0,"gold_loss":0.0,"damage_taken":0.0,"cards_upgraded":["Well Laid Plans"]},{"damage_healed":0,"gold_gain":0,"player_choice":"Upgrade","damage_taken":0,"relics_obtained":["Mark of the Bloom"],"max_hp_gain":0,"max_hp_loss":0,"event_name":"MindBloom","floor":36,"gold_loss":0,"cards_upgraded":["Defend_G","Defend_G","Defend_G","Defend_G","Strike_G","Strike_G","Survivor","Escape Plan","Cloak And Dagger","Dodge and Roll","Adrenaline","After Image"]},{"damage_healed":0,"gold_gain":0,"player_choice":"Paid","damage_taken":0,"relics_obtained":["Red Mask"],"max_hp_gain":0,"max_hp_loss":0,"event_name":"Tomb of Lord Red Mask","floor":37,"gold_loss":157},{"damage_healed":0,"gold_gain":0,"player_choice":"Max HP","damage_taken":0,"max_hp_gain":0,"max_hp_loss":3,"event_name":"Winding Halls","floor":44,"gold_loss":0},{"cards_removed":["Strike_G"],"damage_healed":0,"gold_gain":0,"player_choice":"Removed Attack","damage_taken":0,"max_hp_gain":0,"max_hp_loss":0,"event_name":"Falling","floor":48,"gold_loss":0}],"is_beta":false,"boss_relics":[{"not_picked":["Lizard Tail","Philosopher\u0027s Stone"],"picked":"Coffee Dripper"},{"not_picked":["HoveringKite","Black Star"],"picked":"Cursed Key"}],"items_purged_floors":[20,25],"is_endless":false,"potions_floor_spawned":[1,6,14,16,18,19,31,33,35,40],"ascension_level":20}