{"gold_per_floor":[114,130,144,158,177,206,206,206,231,231,231,241,301,317,317,419,419,430,445,460,222,242,275,291,291,291,307,406,433,433,450,450,554,554,573,573,430,443,454,454],"floor_reached":40,"playtime":1686,"items_purged":["Consume"],"score":434,"play_id":"f4f281ab-24a6-47ea-b793-83b84e8c1ee8","local_time":"20190501201621","is_ascension_mode":false,"campfire_choices":[{"floor":8,"key":"REST"},{"floor":15,"key":"REST"},{"floor":25,"key":"REST"},{"floor":30,"key":"REST"},{"data":"White Noise","floor":32,"key":"SMITH"}],"neow_cost":"NONE","seed_source_timestamp":10029458533300,"circlet_count":0,"master_deck":["Strike_B","Strike_B","Strike_B+1","Defend_B","Defend_B","Defend_B","Defend_B","Zap","Dualcast","Leap","Cold Snap","Defragment+1","Ball Lightning","Conserve Battery+1","Cold Snap","White Noise+1","Echo Form","Sunder+1","Stack+1","Chill","Barrage+1","Storm+1","Ball Lightning","Redo","Amplify","Leap+1","Defragment","Melter+1","Parasite","Reprogram+1"],"relics":["Inserter","Bag of Marbles","PreservedInsect","Bronze Scales","Velvet Choker","Bottled Lightning","Bag of Preparation","Meat on the Bone","Black Star"],"potions_floor_usage":[12,13,20,38],"damage_taken":[{"damage":6,"enemies":"Jaw Worm","floor":1,"turns":5},{"damage":5,"enemies":"Small Slimes","floor":2,"turns":4},{"damage":0,"enemies":"2 Louse","floor":3,"turns":2},{"damage":2,"enemies":"Blue Slaver","floor":4,"turns":6},{"damage":19,"enemies":"Exordium Wildlife","floor":5,"turns":5},{"damage":37,"enemies":"Gremlin Nob","floor":6,"turns":6},{"damage":0,"enemies":"3 Louse","floor":12,"turns":1},{"damage":2,"enemies":"3 Sentries","floor":13,"turns":5},{"damage":0,"enemies":"Looter","floor":14,"turns":4},{"damage":24,"enemies":"Slime Boss","floor":16,"turns":6},{"damage":0,"enemies":"Chosen","floor":18,"turns":6},{"damage":7,"enemies":"Shell Parasite","floor":19,"turns":5},{"damage":8,"enemies":"Centurion and Healer","floor":20,"turns":6},{"damage":19,"enemies":"Shelled Parasite and Fungi","floor":22,"turns":5},{"damage":30,"enemies":"Book of Stabbing","floor":23,"turns":5},{"damage":1,"enemies":"Cultist and Chosen","floor":24,"turns":4},{"damage":25,"enemies":"Snake Plant","floor":27,"turns":4},{"damage":4,"enemies":"Gremlin Leader","floor":29,"turns":6},{"damage":4,"enemies":"Shelled Parasite and Fungi","floor":31,"turns":4},{"damage":8,"enemies":"Champ","floor":33,"turns":8},{"damage":3,"enemies":"3 Shapes","floor":35,"turns":3},{"damage":26,"enemies":"3 Darklings","floor":38,"turns":6},{"damage":0,"enemies":"Writhing Mass","floor":39,"turns":5},{"damage":56,"enemies":"Reptomancer","floor":40,"turns":2}],"seed_played":"-3366292762259794712","potions_obtained":[{"floor":1,"key":"LiquidBronze"},{"floor":4,"key":"Energy Potion"},{"floor":5,"key":"Explosive Potion"},{"floor":12,"key":"FocusPotion"},{"floor":14,"key":"SteroidPotion"},{"floor":20,"key":"Dexterity Potion"},{"floor":33,"key":"Fruit Juice"},{"floor":39,"key":"Ancient Potion"}],"is_trial":false,"path_per_floor":["M","M","M","M","M","E","?","R","T","?","?","M","?","M","R","B",null,"M","M","M","$","M","E","M","R","T","M","?","E","R","M","R","B",null,"M","?","$","M","M","E"],"character_chosen":"DEFECT","items_purchased":["Bottled Lightning","Defragment"],"campfire_rested":4,"item_purchase_floors":[21,37],"current_hp_per_floor":[69,64,64,62,43,6,6,28,28,13,13,13,11,11,33,9,75,75,68,60,60,41,11,10,32,32,7,7,3,25,33,33,37,75,72,72,72,51,51,0],"gold":454,"neow_bonus":"BOSS_RELIC","is_prod":false,"is_daily":false,"chose_seed":false,"campfire_upgraded":1,"win_rate":0,"timestamp":1556705781,"path_taken":["M","M","M","M","M","E","?","R","T","?","?","M","?","M","R","BOSS","M","M","M","$","M","E","M","R","T","M","?","E","R","M","R","BOSS","M","?","$","M","M","E"],"build_version":"2019-01-23","purchased_purges":1,"victory":false,"max_hp_per_floor":[75,75,75,75,75,75,75,75,75,75,75,75,75,75,75,75,75,75,75,75,75,75,75,75,75,75,75,75,75,75,75,75,75,75,75,75,75,80,80,80],"card_choices":[{"not_picked":["Sunder","Streamline"],"picked":"Leap","floor":1},{"not_picked":["Gash","Conserve Battery"],"picked":"Cold Snap","floor":2},{"not_picked":["Compile Driver","Reinforced Body"],"picked":"Defragment","floor":3},{"not_picked":["Steam","Rebound"],"picked":"Ball Lightning","floor":4},{"not_picked":["Thunder Strike","Redo"],"picked":"Conserve Battery","floor":5},{"not_picked":["Skim","Conserve Battery","Turbo"],"picked":"SKIP","floor":6},{"not_picked":["Hyperbeam","Gash"],"picked":"Cold Snap","floor":12},{"not_picked":["Blizzard","Reprogram"],"picked":"White Noise","floor":13},{"not_picked":["Gash","Compile Driver"],"picked":"Consume","floor":14},{"not_picked":["Seek","Thunder Strike"],"picked":"Echo Form","floor":16},{"not_picked":["Conserve Battery","Rebound"],"picked":"Sunder+1","floor":18},{"not_picked":["Cold Snap","Hologram"],"picked":"Stack+1","floor":19},{"not_picked":["Turbo","Compile Driver","Electrodynamics"],"picked":"SKIP","floor":20},{"not_picked":["Fusion","Streamline+1"],"picked":"Chill","floor":22},{"not_picked":["Recycle","Cold Snap"],"picked":"Barrage+1","floor":23},{"not_picked":["Stack","Heatsinks","Streamline+1"],"picked":"SKIP","floor":24},{"not_picked":["Steam+1","Static Discharge"],"picked":"Storm+1","floor":27},{"not_picked":["Force Field","Go for the Eyes"],"picked":"Ball Lightning","floor":29},{"not_picked":["Beam Cell+1","Leap"],"picked":"Redo","floor":31},{"not_picked":["Biased Cognition","Core Surge"],"picked":"Amplify","floor":33},{"not_picked":["Streamline+1","Go for the Eyes+1"],"picked":"Leap+1","floor":35},{"not_picked":["Ball Lightning+1","Beam Cell+1"],"picked":"Melter+1","floor":38},{"not_picked":["Go for the Eyes","Leap"],"picked":"Reprogram+1","floor":39}],"player_experience":151788,"relics_obtained":[{"floor":6,"key":"Bag of Marbles"},{"floor":9,"key":"PreservedInsect"},{"floor":13,"key":"Bronze Scales"},{"floor":23,"key":"Bag of Preparation"},{"floor":29,"key":"Meat on the Bone"}],"event_choices":[{"damage_healed":0,"gold_gain":0,"player_choice":"Ignored","damage_taken":0,"max_hp_gain":0,"max_hp_loss":0,"event_name":"Golden Wing","floor":7,"gold_loss":0},{"damage_healed":0,"gold_gain":0,"player_choice":"Entered Light","damage_taken":15,"max_hp_gain":0,"max_hp_loss":0,"event_name":"Shining Light","floor":10,"gold_loss":0,"cards_upgraded":["Strike_B","Conserve Battery"]},{"damage_healed":0,"gold_gain":0,"player_choice":"Grow","damage_taken":0,"max_hp_gain":0,"max_hp_loss":0,"event_name":"Living Wall","floor":11,"gold_loss":0,"cards_upgraded":["Defragment"]},{"damage_healed":0,"gold_gain":0,"player_choice":"Searched \u00271\u0027 times","damage_taken":0,"max_hp_gain":0,"max_hp_loss":0,"event_name":"Dead Adventurer","floor":13,"gold_loss":0},{"damage_healed":0,"gold_gain":99,"player_choice":"Stole From Cult","damage_taken":0,"max_hp_gain":0,"max_hp_loss":0,"event_name":"Nest","floor":28,"gold_loss":0},{"cards_removed":["Strike_B"],"damage_healed":0,"gold_gain":0,"player_choice":"Removed Attack","damage_taken":0,"max_hp_gain":0,"max_hp_loss":0,"event_name":"Falling","floor":36,"gold_loss":0}],"is_beta":false,"boss_relics":[{"not_picked":["Empty Cage","Astrolabe"],"picked":"Velvet Choker"},{"not_picked":["Cursed Key","Tiny House"],"picked":"Black Star"}],"items_purged_floors":[37],"is_endless":false,"potions_floor_spawned":[1,4,5,6,12,14,20,23,27,29,33,39],"killed_by":"Reptomancer","ascension_level":0}