{"gold_per_floor":[119,137,137,153,153,153,182,182,182,196,212,48,60,89,89,166,166,179,190,202,4,4,4,18,29,29,29,79,89,89,102,102,102],"floor_reached":33,"playtime":1702,"items_purged":[],"score":522,"play_id":"63fb371a-b216-490a-82eb-ec7b023d7d9f","local_time":"20190402111057","is_ascension_mode":true,"campfire_choices":[{"data":"Neutralize","floor":6,"key":"SMITH"},{"data":"Survivor","floor":8,"key":"SMITH"},{"floor":15,"key":"REST"},{"floor":23,"key":"REST"},{"data":"Footwork","floor":27,"key":"SMITH"},{"data":"Crippling Poison","floor":30,"key":"SMITH"},{"floor":32,"key":"REST"}],"neow_cost":"NONE","seed_source_timestamp":395075871785310,"circlet_count":0,"master_deck":["AscendersBane","Defend_G","Defend_G","Defend_G","Defend_G","Strike_G","Strike_G+1","Strike_G+1","Survivor+1","Neutralize+1","Finisher+1","Deadly Poison+1","Poisoned Stab+1","Noxious Fumes","Escape Plan","Dodge and Roll","Leg Sweep+1","Glass Knife+1","Dash+1","Crippling Poison+1","Footwork+1","Well Laid Plans","Leg Sweep+1","Dash+1"],"relics":["Astrolabe","Mercury Hourglass","Shuriken","Art of War","Molten Egg 2","Snecko Eye","Anchor","Whetstone"],"potions_floor_usage":[14,16],"damage_taken":[{"damage":1,"enemies":"Jaw Worm","floor":1,"turns":3},{"damage":0,"enemies":"Small Slimes","floor":2,"turns":3},{"damage":0,"enemies":"Cultist","floor":4,"turns":3},{"damage":27,"enemies":"Lagavulin","floor":7,"turns":5},{"damage":0,"enemies":"2 Fungi Beasts","floor":10,"turns":3},{"damage":1,"enemies":"Lots of Slimes","floor":11,"turns":4},{"damage":7,"enemies":"Exordium Thugs","floor":13,"turns":4},{"damage":25,"enemies":"Gremlin Nob","floor":14,"turns":4},{"damage":2,"enemies":"Hexaghost","floor":16,"turns":8},{"damage":14,"enemies":"Shell Parasite","floor":18,"turns":6},{"damage":7,"enemies":"Chosen","floor":19,"turns":5},{"damage":24,"enemies":"Sentry and Sphere","floor":20,"turns":8},{"damage":0,"enemies":"Chosen and Byrds","floor":24,"turns":5},{"damage":0,"enemies":"Snecko","floor":25,"turns":7},{"damage":3,"enemies":"Centurion and Healer","floor":29,"turns":6},{"damage":12,"enemies":"3 Cultists","floor":31,"turns":5},{"damage":41,"enemies":"Champ","floor":33,"turns":10}],"seed_played":"-3969927912870886443","potions_obtained":[{"floor":7,"key":"LiquidBronze"},{"floor":10,"key":"Energy Potion"},{"floor":11,"key":"Strength Potion"},{"floor":18,"key":"Fire Potion"},{"floor":19,"key":"SteroidPotion"}],"is_trial":false,"path_per_floor":["M","M","?","M","?","R","E","R","T","M","M","$","M","E","R","B",null,"M","M","M","$","?","R","M","M","T","R","?","M","R","M","R","B"],"character_chosen":"THE_SILENT","items_purchased":["Art of War","Footwork","Anchor"],"campfire_rested":3,"item_purchase_floors":[12,21,21],"current_hp_per_floor":[58,58,58,58,63,63,36,36,36,36,35,35,28,3,24,22,59,45,38,14,14,14,35,35,35,35,35,35,32,32,20,41,0],"gold":102,"neow_bonus":"BOSS_RELIC","is_prod":false,"is_daily":false,"chose_seed":false,"campfire_upgraded":4,"win_rate":0,"timestamp":1554225057,"path_taken":["M","M","?","M","?","R","E","R","T","M","M","$","M","E","R","BOSS","M","M","M","$","?","R","?","M","T","R","?","M","R","M","R","BOSS"],"build_version":"2019-01-23","purchased_purges":0,"victory":false,"max_hp_per_floor":[66,66,66,66,71,71,71,71,71,71,71,71,71,71,71,71,71,71,71,71,71,71,71,71,71,71,71,71,71,71,71,71,71],"card_choices":[{"not_picked":["Backflip","Dodge and Roll","Quick Slash"],"picked":"SKIP","floor":1},{"not_picked":["Sucker Punch","Quick Slash","Slice"],"picked":"SKIP","floor":2},{"not_picked":["Deflect","Endless Agony","Quick Slash"],"picked":"SKIP","floor":4},{"not_picked":["Outmaneuver","Finisher"],"picked":"Noxious Fumes","floor":7},{"not_picked":["Blur","Outmaneuver"],"picked":"Escape Plan","floor":10},{"not_picked":["Poisoned Stab","Deadly Poison"],"picked":"Dodge and Roll","floor":11},{"not_picked":["Flechettes","Wraith Form v2","Deflect"],"picked":"SKIP","floor":13},{"not_picked":["Quick Slash","Dash"],"picked":"Leg Sweep","floor":14},{"not_picked":["Venomology","Unload+1"],"picked":"Glass Knife+1","floor":16},{"not_picked":["Dagger Throw+1","Noxious Fumes","Outmaneuver"],"picked":"SKIP","floor":18},{"not_picked":["PiercingWail+1","Quick Slash+1"],"picked":"Dash+1","floor":19},{"not_picked":["Dodge and Roll","All Out Attack+1"],"picked":"Crippling Poison","floor":20},{"not_picked":["Bane+1","Footwork"],"picked":"Well Laid Plans","floor":24},{"not_picked":["Bane+1","Cloak And Dagger+1"],"picked":"Leg Sweep+1","floor":25},{"not_picked":["Backflip","Reflex","Flechettes+1"],"picked":"SKIP","floor":29},{"not_picked":["Prepared","Flying Knee+1"],"picked":"Dash+1","floor":31}],"player_experience":423625,"relics_obtained":[{"floor":7,"key":"Mercury Hourglass"},{"floor":9,"key":"Shuriken"},{"floor":14,"key":"Molten Egg 2"},{"floor":26,"key":"Whetstone"}],"event_choices":[{"damage_healed":0,"gold_gain":0,"player_choice":"Ignored","damage_taken":0,"max_hp_gain":0,"max_hp_loss":0,"event_name":"Liars Game","floor":3,"gold_loss":0},{"damage_healed":0,"gold_gain":0,"player_choice":"Donut","damage_taken":0,"max_hp_gain":5,"max_hp_loss":0,"event_name":"Big Fish","floor":5,"gold_loss":0},{"damage_healed":0,"gold_gain":0,"player_choice":"Forge","damage_taken":0,"max_hp_gain":0,"max_hp_loss":0,"event_name":"Accursed Blacksmith","floor":22,"gold_loss":0,"cards_upgraded":["Leg Sweep"]},{"damage_healed":0,"gold_gain":50,"player_choice":"Pray","damage_taken":0,"max_hp_gain":0,"max_hp_loss":0,"event_name":"Golden Shrine","floor":28,"gold_loss":0}],"is_beta":false,"boss_relics":[{"not_picked":["HoveringKite","Velvet Choker"],"picked":"Snecko Eye"}],"items_purged_floors":[],"is_endless":false,"potions_floor_spawned":[7,10,11,18,19],"killed_by":"Champ","ascension_level":20}