{"gold_per_floor":[113,128,141,151,170,195,195,206,256,256,256,276,276],"floor_reached":13,"playtime":394,"items_purged":[],"score":178,"play_id":"3aa0314c-11d6-4539-990a-17e087c1de5b","local_time":"20190606014005","is_ascension_mode":true,"campfire_choices":[{"floor":7,"key":"REST"},{"floor":10,"key":"REST"}],"neow_cost":"NONE","seed_source_timestamp":454376540778028,"circlet_count":0,"master_deck":["AscendersBane","Defend_G","Defend_G","Defend_G","Defend_G","Defend_G","Strike_G","Strike_G+1","Strike_G","Strike_G","Strike_G","Survivor","Neutralize+1","Skewer","Predator","Backflip","Corpse Explosion","PiercingWail","Backstab"],"relics":["Ring of the Snake","NeowsBlessing","Ancient Tea Set","Whetstone","Golden Idol"],"potions_floor_usage":[6],"damage_taken":[{"damage":0,"enemies":"2 Louse","floor":1,"turns":1},{"damage":0,"enemies":"Small Slimes","floor":2,"turns":1},{"damage":0,"enemies":"Jaw Worm","floor":3,"turns":1},{"damage":4,"enemies":"Blue Slaver","floor":4,"turns":6},{"damage":11,"enemies":"Exordium Wildlife","floor":5,"turns":4},{"damage":39,"enemies":"Lagavulin","floor":6,"turns":6},{"damage":17,"enemies":"Large Slime","floor":8,"turns":6},{"damage":1,"enemies":"Looter","floor":12,"turns":4},{"damage":31,"enemies":"Gremlin Nob","floor":13,"turns":3}],"seed_played":"-7357576764177511018","potions_obtained":[{"floor":2,"key":"FearPotion"},{"floor":3,"key":"SpeedPotion"},{"floor":8,"key":"GhostInAJar"}],"is_trial":false,"path_per_floor":["M","M","M","M","M","E","R","M","T","R","?","M","E"],"character_chosen":"THE_SILENT","items_purchased":[],"campfire_rested":2,"item_purchase_floors":[],"current_hp_per_floor":[59,59,59,55,44,5,24,7,7,26,26,25,0],"gold":276,"neow_bonus":"THREE_ENEMY_KILL","is_prod":false,"is_daily":false,"chose_seed":false,"campfire_upgraded":0,"win_rate":0,"timestamp":1559806805,"path_taken":["M","M","M","M","M","E","R","M","T","R","?","M","E"],"build_version":"2019-01-23","purchased_purges":0,"victory":false,"max_hp_per_floor":[66,66,66,66,66,66,66,66,66,66,60,60,60],"card_choices":[{"not_picked":["Dagger Throw","Leg Sweep"],"picked":"Skewer","floor":1},{"not_picked":["Poisoned Stab","Concentrate"],"picked":"Predator","floor":2},{"not_picked":["Acrobatics","Slice"],"picked":"Backflip","floor":3},{"not_picked":["Catalyst","Dodge and Roll","Underhanded Strike"],"picked":"SKIP","floor":4},{"not_picked":["Prepared","Outmaneuver","Dagger Throw"],"picked":"SKIP","floor":5},{"not_picked":["Bane","Dagger Spray"],"picked":"Corpse Explosion","floor":6},{"not_picked":["Bane","Prepared"],"picked":"PiercingWail","floor":8},{"not_picked":["Tactician","Choke"],"picked":"Backstab","floor":12}],"player_experience":695912,"relics_obtained":[{"floor":6,"key":"Ancient Tea Set"},{"floor":9,"key":"Whetstone"}],"event_choices":[{"damage_healed":0,"gold_gain":0,"player_choice":"Lose Max HP","damage_taken":0,"relics_obtained":["Golden Idol"],"max_hp_gain":0,"max_hp_loss":6,"event_name":"Golden Idol","floor":11,"gold_loss":0}],"is_beta":false,"boss_relics":[],"items_purged_floors":[],"is_endless":false,"potions_floor_spawned":[2,3,5,8],"killed_by":"Gremlin Nob","ascension_level":20}