{"gold_per_floor":[110,110,110,120,137,166,166,197,197,207,207,234,234,84,84,186,186,205,224,149,164,164,164,197,51,103,123,123,133,153,153,153,258,258,274,0,45,56,71,97,97,97,121,136,136,36,49,49,49,49],"floor_reached":51,"playtime":2149,"items_purged":["Defend_R","Strike_R"],"score":815,"play_id":"edd93615-1445-4df0-966e-0286e242e509","local_time":"20190421181112","is_ascension_mode":true,"campfire_choices":[{"data":"Flame Barrier","floor":7,"key":"SMITH"},{"data":"Shrug It Off","floor":11,"key":"SMITH"},{"data":"Bash","floor":13,"key":"SMITH"},{"data":"Strike_R","floor":15,"key":"SMITH"},{"data":"Defend_R","floor":23,"key":"SMITH"},{"data":"Strike_R","floor":28,"key":"SMITH"},{"data":"Flame Barrier","floor":32,"key":"SMITH"},{"data":"Defend_R","floor":42,"key":"SMITH"},{"floor":49,"key":"REST"}],"neow_cost":"NONE","seed_source_timestamp":674648008435776,"circlet_count":0,"master_deck":["Strike_R+1","Strike_R+1","Strike_R","Strike_R","Defend_R+1","Defend_R+1","Bash+1","Flame Barrier+1","Shrug It Off+1","Flame Barrier+1","Uppercut+1","Immolate+1","Cleave+1","Anger+1","Flame Barrier+1","Whirlwind+1","Dark Shackles"],"relics":["Burning Blood","NeowsBlessing","Art of War","Pantograph","Molten Egg 2","Ornamental Fan","Pen Nib","Runic Pyramid","Kunai","Bronze Scales","Juzu Bracelet","Philosopher\u0027s Stone","Red Mask","Nunchaku","Potion Belt","Ancient Tea Set"],"potions_floor_usage":[6,6,33,50,50],"damage_taken":[{"damage":0,"enemies":"Jaw Worm","floor":1,"turns":1},{"damage":0,"enemies":"2 Louse","floor":4,"turns":1},{"damage":0,"enemies":"Small Slimes","floor":5,"turns":1},{"damage":24,"enemies":"Lagavulin","floor":6,"turns":6},{"damage":22,"enemies":"3 Sentries","floor":8,"turns":13},{"damage":13,"enemies":"Blue Slaver","floor":10,"turns":4},{"damage":30,"enemies":"Lagavulin","floor":12,"turns":9},{"damage":25,"enemies":"The Guardian","floor":16,"turns":15},{"damage":0,"enemies":"Spheric Guardian","floor":18,"turns":3},{"damage":1,"enemies":"Shell Parasite","floor":19,"turns":9},{"damage":15,"enemies":"Centurion and Healer","floor":21,"turns":9},{"damage":21,"enemies":"Book of Stabbing","floor":24,"turns":7},{"damage":0,"enemies":"Chosen and Byrds","floor":27,"turns":6},{"damage":0,"enemies":"Snecko","floor":29,"turns":4},{"damage":7,"enemies":"Cultist and Chosen","floor":30,"turns":5},{"damage":39,"enemies":"Champ","floor":33,"turns":13},{"damage":2,"enemies":"3 Shapes","floor":35,"turns":4},{"damage":9,"enemies":"2 Orb Walkers","floor":37,"turns":3},{"damage":0,"enemies":"3 Darklings","floor":38,"turns":3},{"damage":0,"enemies":"Sphere and 2 Shapes","floor":39,"turns":4},{"damage":2,"enemies":"Nemesis","floor":40,"turns":7},{"damage":45,"enemies":"Transient","floor":44,"turns":5},{"damage":20,"enemies":"3 Darklings","floor":47,"turns":3},{"damage":40,"enemies":"Awakened One","floor":50,"turns":16}],"seed_played":"2954929855594639103","potions_obtained":[{"floor":1,"key":"Fire Potion"},{"floor":4,"key":"SteroidPotion"},{"floor":5,"key":"SpeedPotion"},{"floor":19,"key":"Weak Potion"},{"floor":21,"key":"Energy Potion"},{"floor":27,"key":"Weak Potion"},{"floor":33,"key":"SteroidPotion"},{"floor":47,"key":"Explosive Potion"}],"is_trial":false,"path_per_floor":["M","?","?","M","M","E","R","E","T","M","R","E","R","$","R","B",null,"M","M","$","M","?","R","E","$","T","M","R","M","M","?","R","B",null,"M","?","?","M","M","E","?","R","T","M","?","$","M","?","R","B",null],"character_chosen":"IRONCLAD","items_purchased":["Pen Nib","Bronze Scales"],"campfire_rested":1,"item_purchase_floors":[14,25],"current_hp_per_floor":[80,80,80,80,80,62,62,46,46,39,39,15,15,15,15,21,80,80,80,80,71,71,71,56,56,56,62,62,68,67,67,67,47,80,80,80,77,80,80,80,76,76,76,37,37,37,23,23,45,36],"gold":49,"neow_bonus":"THREE_ENEMY_KILL","is_prod":false,"is_daily":false,"chose_seed":false,"campfire_upgraded":8,"win_rate":0,"timestamp":1555891872,"path_taken":["M","?","?","M","M","E","R","E","T","M","R","E","R","$","R","BOSS","M","M","$","M","?","R","E","$","T","M","R","M","M","?","R","BOSS","M","?","?","M","M","E","?","R","T","M","?","$","M","?","R","BOSS"],"build_version":"2019-01-23","purchased_purges":2,"victory":true,"max_hp_per_floor":[80,80,80,80,80,80,80,80,80,80,80,80,80,80,80,80,80,80,80,80,80,80,80,80,80,80,80,80,80,80,80,80,80,80,80,80,80,80,80,80,76,76,76,76,76,76,76,76,76,76],"card_choices":[{"not_picked":["Armaments","Corruption"],"picked":"Flame Barrier","floor":1},{"not_picked":["Fire Breathing","Entrench","Havoc"],"picked":"SKIP","floor":4},{"not_picked":["Sever Soul","Sentinel"],"picked":"Shrug It Off","floor":5},{"not_picked":["Bloodletting","Wild Strike"],"picked":"Flame Barrier","floor":6},{"not_picked":["Corruption","Wild Strike","Entrench"],"picked":"SKIP","floor":8},{"not_picked":["Corruption","Wild Strike","Entrench"],"picked":"SKIP","floor":8},{"not_picked":["Disarm","Power Through"],"picked":"Uppercut+1","floor":10},{"not_picked":["Seeing Red","Armaments","Bloodletting"],"picked":"SKIP","floor":12},{"not_picked":["Bludgeon+1","Brutality"],"picked":"Immolate+1","floor":16},{"not_picked":["Warcry+1","Bloodletting","Seeing Red"],"picked":"SKIP","floor":18},{"not_picked":["Wild Strike+1","Body Slam+1","Thunderclap+1"],"picked":"SKIP","floor":19},{"not_picked":["Disarm","Sword Boomerang+1","Infernal Blade"],"picked":"SKIP","floor":21},{"not_picked":["Warcry","Offering","Feel No Pain+1"],"picked":"SKIP","floor":24},{"not_picked":["Sentinel","Sword Boomerang+1","Heavy Blade+1"],"picked":"SKIP","floor":27},{"not_picked":["Rampage+1","Reckless Charge+1"],"picked":"Cleave+1","floor":29},{"not_picked":["Anger+1","Seeing Red","Thunderclap+1"],"picked":"SKIP","floor":30},{"not_picked":["Seeing Red","Thunderclap+1"],"picked":"Anger+1","floor":30},{"not_picked":["Twin Strike+1","Warcry+1","Shrug It Off"],"picked":"SKIP","floor":35},{"not_picked":["Heavy Blade+1","Spot Weakness"],"picked":"Whirlwind+1","floor":38},{"not_picked":["Corruption+1","Pummel+1","Clothesline+1"],"picked":"SKIP","floor":39},{"not_picked":["Anger+1","Body Slam+1","Dark Embrace"],"picked":"SKIP","floor":40},{"not_picked":["Cleave+1","Clash+1","Disarm"],"picked":"SKIP","floor":44},{"not_picked":["Perfected Strike+1","Disarm","Havoc"],"picked":"SKIP","floor":47},{"not_picked":["Violence","Finesse"],"picked":"Dark Shackles","floor":48}],"player_experience":490104,"relics_obtained":[{"floor":6,"key":"Art of War"},{"floor":8,"key":"Pantograph"},{"floor":9,"key":"Molten Egg 2"},{"floor":12,"key":"Ornamental Fan"},{"floor":24,"key":"Kunai"},{"floor":26,"key":"Juzu Bracelet"},{"floor":37,"key":"Nunchaku"},{"floor":40,"key":"Potion Belt"},{"floor":43,"key":"Ancient Tea Set"}],"event_choices":[{"damage_healed":0,"gold_gain":0,"player_choice":"Grow","damage_taken":0,"max_hp_gain":0,"max_hp_loss":0,"event_name":"Living Wall","floor":2,"gold_loss":0,"cards_upgraded":["Flame Barrier"]},{"damage_healed":0,"gold_gain":0,"player_choice":"Ignored","damage_taken":0,"max_hp_gain":0,"max_hp_loss":0,"event_name":"Liars Game","floor":3,"gold_loss":0},{"damage_healed":0,"gold_gain":0,"player_choice":"Ignored","damage_taken":0,"max_hp_gain":0,"max_hp_loss":0,"event_name":"Ghosts","floor":22,"gold_loss":0},{"damage_healed":0,"gold_gain":0,"player_choice":"Read","damage_taken":0,"max_hp_gain":0,"max_hp_loss":0,"event_name":"The Library","floor":31,"gold_loss":0,"cards_obtained":["Flame Barrier"]},{"damage_healed":0,"gold_gain":0,"player_choice":"Paid","damage_taken":0,"relics_obtained":["Red Mask"],"max_hp_gain":0,"max_hp_loss":0,"event_name":"Tomb of Lord Red Mask","floor":36,"gold_loss":274},{"damage_healed":0,"gold_gain":0,"player_choice":"Fight","damage_taken":0,"max_hp_gain":0,"max_hp_loss":0,"event_name":"Mysterious Sphere","floor":37,"gold_loss":0},{"damage_healed":0,"gold_gain":0,"player_choice":"Max HP","damage_taken":0,"max_hp_gain":0,"max_hp_loss":4,"event_name":"Winding Halls","floor":41,"gold_loss":0},{"cards_removed":["Defend_R"],"damage_healed":0,"gold_gain":0,"player_choice":"Removed Skill","damage_taken":0,"max_hp_gain":0,"max_hp_loss":0,"event_name":"Falling","floor":45,"gold_loss":0},{"damage_healed":0,"gold_gain":0,"player_choice":"Memory 1","damage_taken":0,"max_hp_gain":0,"max_hp_loss":0,"event_name":"SensoryStone","floor":48,"gold_loss":0}],"is_beta":false,"boss_relics":[{"not_picked":["Empty Cage","Runic Cube"],"picked":"Runic Pyramid"},{"not_picked":["Pandora\u0027s Box","Black Blood"],"picked":"Philosopher\u0027s Stone"}],"items_purged_floors":[20,46],"is_endless":false,"potions_floor_spawned":[1,4,5,19,21,27,29,33,37,47],"ascension_level":3}