{"gold_per_floor":[109,109,85,160,160,200,221,221],"floor_reached":8,"playtime":204,"items_purged":[],"score":95,"play_id":"607ddae6-4f6c-4962-8d9e-69bb910efc4f","local_time":"20190524134119","is_ascension_mode":true,"campfire_choices":[],"neow_cost":"TEN_PERCENT_HP_LOSS","seed_source_timestamp":272986763784900,"circlet_count":0,"master_deck":["AscendersBane","Strike_R","Strike_R","Strike_R","Strike_R","Strike_R","Defend_R","Defend_R","Defend_R","Bash","Iron Wave","Shrug It Off","Carnage","Cleave"],"relics":["Burning Blood","Charon\u0027s Ashes","Golden Idol","Singing Bowl"],"potions_floor_usage":[],"damage_taken":[{"damage":9,"enemies":"Jaw Worm","floor":1,"turns":5},{"damage":27,"enemies":"3 Sentries","floor":6,"turns":7},{"damage":8,"enemies":"2 Louse","floor":7,"turns":2},{"damage":30,"enemies":"Lagavulin","floor":8,"turns":3}],"seed_played":"-1245655004389513368","potions_obtained":[{"floor":1,"key":"FearPotion"},{"floor":7,"key":"FearPotion"}],"is_trial":false,"path_per_floor":["M","?","$","?","?","E","M","E"],"character_chosen":"IRONCLAD","items_purchased":["Shrug It Off"],"campfire_rested":0,"item_purchase_floors":[3],"current_hp_per_floor":[65,62,62,51,44,23,21,0],"gold":221,"neow_bonus":"ONE_RARE_RELIC","is_prod":false,"is_daily":false,"chose_seed":false,"campfire_upgraded":0,"win_rate":0,"timestamp":1558726879,"path_taken":["M","?","$","?","?","E","?","E"],"build_version":"2019-01-23","purchased_purges":0,"victory":false,"max_hp_per_floor":[68,62,62,62,62,62,62,62],"card_choices":[{"not_picked":["Second Wind","Shrug It Off"],"picked":"Iron Wave","floor":1},{"not_picked":["Twin Strike","Armaments"],"picked":"Carnage","floor":6},{"not_picked":["Perfected Strike","Headbutt"],"picked":"Cleave","floor":7}],"player_experience":580948,"relics_obtained":[{"floor":6,"key":"Singing Bowl"}],"event_choices":[{"damage_healed":0,"gold_gain":0,"player_choice":"Lose Max HP","damage_taken":0,"relics_obtained":["Golden Idol"],"max_hp_gain":0,"max_hp_loss":6,"event_name":"Golden Idol","floor":2,"gold_loss":0},{"damage_healed":0,"gold_gain":75,"player_choice":"Gather Gold","damage_taken":11,"max_hp_gain":0,"max_hp_loss":0,"event_name":"World of Goop","floor":4,"gold_loss":0},{"cards_removed":["Defend_R"],"damage_healed":0,"gold_gain":0,"player_choice":"Card Removal","damage_taken":7,"max_hp_gain":0,"max_hp_loss":0,"event_name":"Golden Wing","floor":5,"gold_loss":0}],"is_beta":false,"boss_relics":[],"items_purged_floors":[],"is_endless":false,"potions_floor_spawned":[1,7],"killed_by":"Lagavulin","ascension_level":15}