{"gold_per_floor":[359,379,379,394,412,412,430,462,462,495,148,148,148,175,175,270,270,285,82,102,52,67,101,114,129,129,147,167,167,167,201,201,296,296,314,363,374,128,148,148,162,162,208,235,235,251,2,14,14,14,14,14,14,49,49],"floor_reached":55,"playtime":3096,"items_purged":["Strike_B","Capacitor"],"score":1072,"play_id":"03cbd4c4-9ed4-46bd-b7fb-cccb808cd054","local_time":"20190606130159","is_ascension_mode":true,"campfire_choices":[{"data":"Defragment","floor":6,"key":"SMITH"},{"data":"Zap","floor":13,"key":"SMITH"},{"data":"Dualcast","floor":15,"key":"SMITH"},{"floor":29,"key":"REST"},{"floor":32,"key":"REST"},{"data":"Go for the Eyes","floor":40,"key":"SMITH"},{"data":"Chill","floor":42,"key":"SMITH"},{"data":"Electrodynamics","floor":45,"key":"SMITH"},{"floor":49,"key":"RECALL"},{"data":"Ball Lightning","floor":52,"key":"SMITH"}],"neow_cost":"TEN_PERCENT_HP_LOSS","seed_source_timestamp":492589235528984,"circlet_count":0,"master_deck":["Defend_B","Defend_B","Defend_B","Defend_B","Zap+1","Dualcast+1","Ball Lightning+1","Defragment+1","Undo","Chill+1","Go for the Eyes+1","BootSequence+1","Conserve Battery+1","Compile Driver","Electrodynamics+1","Defragment+1","Echo Form+1","Echo Form+1","Ball Lightning+1","FTL","Hologram+1","Ghostly+1","Ghostly+1","Ghostly+1","Ghostly+1","Ghostly+1","Fusion+1","Machine Learning"],"relics":["Cracked Core","Dream Catcher","Toxic Egg 2","Pantograph","Kunai","Bronze Scales","Shuriken","Astrolabe","Runic Capacitor","Pen Nib","StoneCalendar","Bottled Tornado","Eternal Feather","Prayer Wheel","Centennial Puzzle","Strawberry","Dodecahedron","Bag of Marbles"],"potions_floor_usage":[16,23,24,55,55],"damage_taken":[{"damage":0,"enemies":"2 Louse","floor":1,"turns":2},{"damage":2,"enemies":"Jaw Worm","floor":2,"turns":3},{"damage":0,"enemies":"Cultist","floor":4,"turns":2},{"damage":0,"enemies":"Large Slime","floor":5,"turns":4},{"damage":0,"enemies":"Exordium Wildlife","floor":7,"turns":2},{"damage":17,"enemies":"Gremlin Nob","floor":8,"turns":4},{"damage":0,"enemies":"3 Sentries","floor":10,"turns":9},{"damage":1,"enemies":"Lagavulin","floor":14,"turns":7},{"damage":0,"enemies":"Slime Boss","floor":16,"turns":8},{"damage":0,"enemies":"Chosen","floor":18,"turns":4},{"damage":0,"enemies":"Shell Parasite","floor":20,"turns":4},{"damage":9,"enemies":"Centurion and Healer","floor":22,"turns":4},{"damage":23,"enemies":"Slavers","floor":23,"turns":6},{"damage":8,"enemies":"Snake Plant","floor":24,"turns":4},{"damage":0,"enemies":"Cultist and Chosen","floor":25,"turns":4},{"damage":1,"enemies":"Centurion and Healer","floor":27,"turns":5},{"damage":17,"enemies":"Snake Plant","floor":28,"turns":4},{"damage":17,"enemies":"Book of Stabbing","floor":31,"turns":6},{"damage":3,"enemies":"Collector","floor":33,"turns":8},{"damage":0,"enemies":"Orb Walker","floor":35,"turns":5},{"damage":9,"enemies":"2 Orb Walkers","floor":36,"turns":7},{"damage":0,"enemies":"3 Shapes","floor":37,"turns":5},{"damage":0,"enemies":"3 Darklings","floor":39,"turns":7},{"damage":3,"enemies":"Sphere and 2 Shapes","floor":41,"turns":7},{"damage":2,"enemies":"Giant Head","floor":44,"turns":8},{"damage":3,"enemies":"Spire Growth","floor":46,"turns":5},{"damage":3,"enemies":"Jaw Worm Horde","floor":48,"turns":5},{"damage":2,"enemies":"Donu and Deca","floor":50,"turns":7},{"damage":12,"enemies":"Shield and Spear","floor":54,"turns":8},{"damage":41,"enemies":"The Heart","floor":55,"turns":3}],"seed_played":"-7795888832782869805","potions_obtained":[{"floor":1,"key":"Poison Potion"},{"floor":2,"key":"Weak Potion"},{"floor":8,"key":"Fire Potion"},{"floor":16,"key":"PowerPotion"},{"floor":20,"key":"FocusPotion"},{"floor":28,"key":"LiquidBronze"},{"floor":31,"key":"Poison Potion"},{"floor":33,"key":"EssenceOfSteel"},{"floor":35,"key":"FocusPotion"},{"floor":46,"key":"Energy Potion"}],"is_trial":false,"path_per_floor":["M","M","?","M","M","R","M","E","T","E","$","?","R","E","R","B",null,"M","$","M","?","M","E","M","M","T","M","M","R","?","E","R","B",null,"M","?","M","$","M","R","M","R","T","E","R","M","$","M","R","B",null,"R","$","E","B"],"character_chosen":"DEFECT","items_purchased":["Bronze Scales","Capacitor","Conserve Battery+1","Runic Capacitor","Centennial Puzzle","Dodecahedron"],"campfire_rested":2,"item_purchase_floors":[11,11,11,19,38,47],"current_hp_per_floor":[68,66,63,63,63,63,63,46,46,46,46,46,46,45,45,68,68,68,68,68,68,59,36,28,28,28,27,10,30,30,13,23,31,33,33,24,24,24,24,34,31,34,34,39,41,38,38,35,41,39,41,41,41,29,0],"gold":49,"neow_bonus":"TWO_FIFTY_GOLD","is_prod":false,"is_daily":false,"chose_seed":false,"campfire_upgraded":7,"win_rate":0,"timestamp":1559847719,"path_taken":["M","M","?","M","M","R","M","E","T","E","$","?","R","E","R","BOSS","M","$","M","?","M","E","M","M","T","M","?","R","?","E","R","BOSS","M","?","M","$","M","R","M","R","T","E","R","M","$","M","R","BOSS","R","$","E","BOSS"],"build_version":"2019-01-23","purchased_purges":2,"victory":false,"max_hp_per_floor":[68,68,68,68,68,68,68,68,68,68,68,68,68,68,68,68,68,68,68,68,68,68,68,68,68,68,68,68,68,34,34,34,34,34,34,34,34,34,34,34,34,34,34,41,41,41,41,41,41,41,41,41,41,41,41],"card_choices":[{"not_picked":["Darkness","Turbo"],"picked":"Ball Lightning","floor":1},{"not_picked":["Scrape","Beam Cell"],"picked":"Defragment","floor":2},{"not_picked":["Go for the Eyes","Rip and Tear"],"picked":"Undo","floor":4},{"not_picked":["Aggregate","Hello World"],"picked":"Chill","floor":5},{"not_picked":["Force Field","White Noise"],"picked":"Go for the Eyes","floor":7},{"not_picked":["Recycle","Turbo"],"picked":"BootSequence","floor":8},{"not_picked":["Hello World","Doom and Gloom","Melter"],"picked":"SKIP","floor":10},{"not_picked":["Double Energy+1","Darkness+1"],"picked":"Compile Driver","floor":14},{"not_picked":["Multi-Cast+1","Biased Cognition"],"picked":"Electrodynamics","floor":16},{"not_picked":["FTL+1","Compile Driver+1"],"picked":"Ball Lightning+1","floor":18},{"not_picked":["Redo+1","Conserve Battery+1","Recycle+1"],"picked":"SKIP","floor":20},{"not_picked":["Force Field+1","Melter","Beam Cell"],"picked":"SKIP","floor":22},{"not_picked":["Loop","Steam Power+1","Ball Lightning"],"picked":"SKIP","floor":23},{"not_picked":["Ball Lightning+1","Rainbow+1"],"picked":"FTL","floor":24},{"not_picked":["Coolheaded+1","BootSequence+1","Reinforced Body+1"],"picked":"SKIP","floor":25},{"not_picked":["White Noise+1","Rip and Tear","Coolheaded+1"],"picked":"SKIP","floor":27},{"not_picked":["Darkness+1","Melter"],"picked":"Hologram+1","floor":28},{"not_picked":["Chaos+1","Steam+1","Cold Snap"],"picked":"SKIP","floor":31},{"not_picked":["Ball Lightning+1","Blizzard","Hologram+1"],"picked":"SKIP","floor":35},{"not_picked":["Compile Driver","Conserve Battery+1","Fission+1"],"picked":"SKIP","floor":37},{"not_picked":["Go for the Eyes+1","Recycle+1","Rebound"],"picked":"SKIP","floor":37},{"not_picked":["Barrage+1","Streamline+1","Reinforced Body+1"],"picked":"SKIP","floor":39},{"not_picked":["Steam+1","Go for the Eyes+1","Compile Driver+1"],"picked":"SKIP","floor":39},{"not_picked":["Steam+1","Stack+1"],"picked":"Fusion+1","floor":41},{"not_picked":["Hologram+1","Rip and Tear","Electrodynamics"],"picked":"SKIP","floor":41},{"not_picked":["Compile Driver","Leap+1","Static Discharge"],"picked":"SKIP","floor":44},{"not_picked":["Compile Driver","Stack+1","Steam Power+1"],"picked":"SKIP","floor":46},{"not_picked":["Turbo+1","Aggregate+1","Seek+1"],"picked":"SKIP","floor":46},{"not_picked":["Cold Snap+1","Gash","Storm+1"],"picked":"SKIP","floor":48},{"not_picked":["Go for the Eyes+1","Hologram+1","Ball Lightning+1"],"picked":"SKIP","floor":48},{"not_picked":["Hologram+1","Doom and Gloom"],"picked":"Machine Learning","floor":54}],"player_experience":699284,"relics_obtained":[{"floor":8,"key":"Toxic Egg 2"},{"floor":9,"key":"Pantograph"},{"floor":10,"key":"Kunai"},{"floor":14,"key":"Shuriken"},{"floor":23,"key":"Pen Nib"},{"floor":26,"key":"StoneCalendar"},{"floor":31,"key":"Bottled Tornado"},{"floor":36,"key":"Prayer Wheel"},{"floor":44,"key":"Strawberry"},{"floor":54,"key":"Bag of Marbles"}],"event_choices":[{"damage_healed":0,"gold_gain":0,"player_choice":"Success","damage_taken":3,"relics_obtained":["Dream Catcher"],"max_hp_gain":0,"max_hp_loss":0,"event_name":"Scrap Ooze","floor":3,"gold_loss":0},{"damage_healed":0,"gold_gain":0,"player_choice":"Ignored","damage_taken":0,"max_hp_gain":0,"max_hp_loss":0,"event_name":"Liars Game","floor":12,"gold_loss":0},{"damage_healed":0,"gold_gain":0,"player_choice":"Bet on Murderer","damage_taken":0,"max_hp_gain":0,"max_hp_loss":0,"event_name":"The Joust","floor":21,"gold_loss":50},{"damage_healed":0,"gold_gain":0,"player_choice":"Became a Ghost","damage_taken":0,"max_hp_gain":0,"max_hp_loss":34,"event_name":"Ghosts","floor":30,"gold_loss":0,"cards_obtained":["Ghostly","Ghostly","Ghostly","Ghostly","Ghostly"]},{"damage_healed":0,"gold_gain":0,"player_choice":"Fight","damage_taken":0,"max_hp_gain":0,"max_hp_loss":0,"event_name":"Mysterious Sphere","floor":36,"gold_loss":0}],"is_beta":false,"boss_relics":[{"not_picked":["Orrery","Snecko Eye"],"picked":"Astrolabe"},{"not_picked":["White Beast Statue","Lizard Tail"],"picked":"Eternal Feather"}],"items_purged_floors":[11,38],"is_endless":false,"potions_floor_spawned":[1,2,8,10,16,18,20,22,28,31,33,35,36,46,48,54],"killed_by":"The Heart","ascension_level":6}