{"gold_per_floor":[113,132,207,225,225,225,259,274,274,274,292,320,320,332,332,434,434,453,68,83,98,98],"floor_reached":22,"playtime":798,"items_purged":["Strike_R"],"score":277,"play_id":"65cadd5e-776f-476f-9e39-63dfca44bb8b","local_time":"20190423111219","is_ascension_mode":true,"campfire_choices":[{"data":"Cleave","floor":6,"key":"SMITH"},{"data":"Flame Barrier","floor":10,"key":"SMITH"},{"data":"Pommel Strike","floor":13,"key":"SMITH"},{"data":"Uppercut","floor":15,"key":"SMITH"}],"neow_cost":"NONE","seed_source_timestamp":823675433289472,"circlet_count":0,"master_deck":["Strike_R","Strike_R+1","Strike_R","Strike_R+1","Defend_R","Defend_R","Defend_R","Bash","Pommel Strike+1","Flame Barrier+1","Cleave+1","Shrug It Off","Ghostly Armor","Uppercut+1","Demon Form","Doubt","Flame Barrier"],"relics":["Burning Blood","Bottled Flame","Omamori","Pear","Whetstone","Calling Bell","Vajra","Letter Opener","Thread and Needle","Kunai"],"potions_floor_usage":[7,7,12,12],"damage_taken":[{"damage":0,"enemies":"Small Slimes","floor":1,"turns":3},{"damage":0,"enemies":"Jaw Worm","floor":2,"turns":5},{"damage":1,"enemies":"Cultist","floor":4,"turns":3},{"damage":28,"enemies":"Lagavulin","floor":7,"turns":5},{"damage":7,"enemies":"Looter","floor":8,"turns":4},{"damage":16,"enemies":"Gremlin Gang","floor":11,"turns":3},{"damage":12,"enemies":"Gremlin Nob","floor":12,"turns":4},{"damage":0,"enemies":"Lots of Slimes","floor":14,"turns":2},{"damage":42,"enemies":"The Guardian","floor":16,"turns":17},{"damage":10,"enemies":"Shell Parasite","floor":18,"turns":7},{"damage":19,"enemies":"Chosen","floor":20,"turns":6},{"damage":29,"enemies":"Shelled Parasite and Fungi","floor":21,"turns":8},{"damage":34,"enemies":"Snake Plant","floor":22,"turns":5}],"seed_played":"-7445256984322294104","potions_obtained":[{"floor":2,"key":"Explosive Potion"},{"floor":4,"key":"Explosive Potion"},{"floor":8,"key":"Block Potion"},{"floor":11,"key":"Ancient Potion"}],"is_trial":false,"path_per_floor":["M","M","?","M","T","R","E","M","T","R","M","E","R","M","R","B",null,"M","$","M","M","M"],"character_chosen":"IRONCLAD","items_purchased":["Kunai","Fire Potion"],"campfire_rested":0,"item_purchase_floors":[19,19],"current_hp_per_floor":[78,80,69,74,74,74,52,51,61,61,51,45,45,51,51,15,71,67,67,54,31,0],"gold":98,"neow_bonus":"TRANSFORM_CARD","is_prod":false,"is_daily":false,"chose_seed":false,"campfire_upgraded":4,"win_rate":0,"timestamp":1556039539,"path_taken":["M","M","?","M","?","R","E","M","T","R","M","E","R","M","R","BOSS","M","$","M","M","M"],"build_version":"2019-01-23","purchased_purges":1,"victory":false,"max_hp_per_floor":[80,80,80,80,80,80,80,80,90,90,90,90,90,90,90,90,90,90,90,90,90,90],"card_choices":[{"not_picked":["Clash","Perfected Strike"],"picked":"Flame Barrier","floor":1},{"not_picked":["Spot Weakness","Seeing Red"],"picked":"Cleave","floor":2},{"not_picked":["Armaments","Sentinel","Clothesline"],"picked":"SKIP","floor":4},{"not_picked":["Warcry","Dual Wield"],"picked":"Shrug It Off","floor":7},{"not_picked":["Armaments","Pummel","Body Slam"],"picked":"SKIP","floor":8},{"not_picked":["Rage","Pommel Strike"],"picked":"Ghostly Armor","floor":11},{"not_picked":["Pommel Strike","Clothesline","Pummel"],"picked":"SKIP","floor":12},{"not_picked":["Iron Wave","Combust"],"picked":"Uppercut","floor":14},{"not_picked":["Juggernaut","Fiend Fire"],"picked":"Demon Form","floor":16},{"not_picked":["Perfected Strike","Body Slam","Disarm"],"picked":"SKIP","floor":18},{"not_picked":["Double Tap","Thunderclap+1","True Grit"],"picked":"SKIP","floor":20},{"not_picked":["Shrug It Off","Warcry"],"picked":"Flame Barrier","floor":21}],"player_experience":524847,"relics_obtained":[{"floor":5,"key":"Bottled Flame"},{"floor":7,"key":"Omamori"},{"floor":9,"key":"Pear"},{"floor":12,"key":"Whetstone"},{"floor":17,"key":"Vajra"},{"floor":17,"key":"Letter Opener"},{"floor":17,"key":"Thread and Needle"}],"event_choices":[{"damage_healed":0,"gold_gain":75,"player_choice":"Gather Gold","damage_taken":11,"max_hp_gain":0,"max_hp_loss":0,"event_name":"World of Goop","floor":3,"gold_loss":0}],"is_beta":false,"boss_relics":[{"not_picked":["Snecko Eye","Orrery"],"picked":"Calling Bell"}],"items_purged_floors":[19],"is_endless":false,"potions_floor_spawned":[2,4,8,11],"killed_by":"Snake Plant","ascension_level":8}