{"gold_per_floor":[119,131,147,147,147,181,200,200,227,282,85,129,129,142,142,265,265,279,7,0],"floor_reached":20,"playtime":644,"items_purged":["Strike_G","Injury"],"score":273,"play_id":"e57b9c6a-372f-4bb2-aefe-d8155453c830","local_time":"20190605202333","is_ascension_mode":true,"campfire_choices":[{"data":"Cloak And Dagger","floor":8,"key":"SMITH"},{"floor":13,"key":"REST"},{"floor":15,"key":"REST"}],"neow_cost":"NONE","seed_source_timestamp":4305425028802526,"circlet_count":0,"master_deck":["AscendersBane","Defend_G","Defend_G","Defend_G","Defend_G","Defend_G","Strike_G+1","Strike_G","Strike_G","Strike_G","Survivor","Neutralize+1","Dagger Spray+1","Cloak And Dagger+1","Dash","Noxious Fumes","Noxious Fumes","Backflip","A Thousand Cuts","Dodge and Roll","Cloak And Dagger"],"relics":["Ring of the Snake","NeowsBlessing","Golden Idol","Whetstone","Snake Skull","Ancient Tea Set","Eternal Feather","PreservedInsect"],"potions_floor_usage":[6,12,14,16,16],"damage_taken":[{"damage":0,"enemies":"2 Louse","floor":1,"turns":1},{"damage":0,"enemies":"Jaw Worm","floor":2,"turns":1},{"damage":0,"enemies":"Small Slimes","floor":3,"turns":2},{"damage":31,"enemies":"Gremlin Nob","floor":6,"turns":5},{"damage":1,"enemies":"3 Louse","floor":7,"turns":3},{"damage":27,"enemies":"Lagavulin","floor":12,"turns":7},{"damage":0,"enemies":"2 Fungi Beasts","floor":14,"turns":3},{"damage":26,"enemies":"The Guardian","floor":16,"turns":11},{"damage":24,"enemies":"Shell Parasite","floor":18,"turns":8},{"damage":38,"enemies":"2 Thieves","floor":20,"turns":3}],"seed_played":"5770955988304318660","potions_obtained":[{"floor":1,"key":"Strength Potion"},{"floor":6,"key":"FearPotion"},{"floor":12,"key":"Block Potion"},{"floor":14,"key":"Ancient Potion"}],"is_trial":false,"path_per_floor":["M","M","M","?","?","E","M","R","T","?","$","E","R","M","R","B",null,"M","$","M"],"character_chosen":"THE_SILENT","items_purchased":["Noxious Fumes","Dexterity Potion","PreservedInsect","Cloak And Dagger"],"campfire_rested":2,"item_purchase_floors":[11,11,19,19],"current_hp_per_floor":[63,63,63,63,63,32,31,31,31,31,31,4,25,25,46,20,58,34,34,0],"gold":0,"neow_bonus":"THREE_ENEMY_KILL","is_prod":false,"is_daily":false,"chose_seed":false,"campfire_upgraded":1,"win_rate":0,"timestamp":1559780613,"path_taken":["M","M","M","?","?","E","M","R","T","?","$","E","R","M","R","BOSS","M","$","M"],"build_version":"2019-01-23","purchased_purges":2,"victory":false,"max_hp_per_floor":[70,70,70,70,70,70,70,70,70,70,70,70,70,70,70,70,70,70,70,70],"card_choices":[{"not_picked":["Bouncing Flask","Deflect"],"picked":"Dagger Spray","floor":1},{"not_picked":["Poisoned Stab","Dagger Throw"],"picked":"Cloak And Dagger","floor":2},{"not_picked":["Predator","Catalyst","Outmaneuver"],"picked":"SKIP","floor":3},{"not_picked":["Masterful Stab","Deflect","Outmaneuver"],"picked":"SKIP","floor":6},{"not_picked":["Terror","Tactician"],"picked":"Dash","floor":7},{"not_picked":["All Out Attack","Bouncing Flask"],"picked":"Noxious Fumes","floor":12},{"not_picked":["Underhanded Strike","Bouncing Flask"],"picked":"Backflip","floor":14},{"not_picked":["Storm of Steel","Grand Finale"],"picked":"A Thousand Cuts","floor":16},{"not_picked":["Prepared","Acrobatics"],"picked":"Dodge and Roll","floor":18}],"player_experience":181553,"relics_obtained":[{"floor":6,"key":"Whetstone"},{"floor":9,"key":"Snake Skull"},{"floor":12,"key":"Ancient Tea Set"}],"event_choices":[{"damage_healed":0,"gold_gain":0,"player_choice":"Grow","damage_taken":0,"max_hp_gain":0,"max_hp_loss":0,"event_name":"Living Wall","floor":4,"gold_loss":0,"cards_upgraded":["Neutralize"]},{"damage_healed":0,"gold_gain":0,"player_choice":"Take Wound","damage_taken":0,"relics_obtained":["Golden Idol"],"max_hp_gain":0,"max_hp_loss":0,"event_name":"Golden Idol","floor":5,"gold_loss":0,"cards_obtained":["Injury"]},{"damage_healed":0,"gold_gain":55,"player_choice":"Gained Gold","damage_taken":0,"max_hp_gain":0,"max_hp_loss":0,"event_name":"Golden Wing","floor":10,"gold_loss":0}],"is_beta":false,"boss_relics":[{"not_picked":["Velvet Choker","Lizard Tail"],"picked":"Eternal Feather"}],"items_purged_floors":[11,19],"is_endless":false,"potions_floor_spawned":[1,6,12,14],"killed_by":"2 Thieves","ascension_level":10}