{"gold_per_floor":[217,217,234,41,191,191,224,243,243,243],"floor_reached":10,"playtime":436,"items_purged":[],"score":132,"play_id":"0b98a4ac-8583-4efa-b753-47e861380668","local_time":"20190410220029","is_ascension_mode":true,"campfire_choices":[{"data":"Dagger Throw","floor":6,"key":"SMITH"}],"neow_cost":"NONE","seed_source_timestamp":15247760810326,"circlet_count":0,"master_deck":["AscendersBane","Defend_G","Defend_G","Defend_G","Defend_G","Defend_G","Strike_G","Strike_G","Strike_G","Strike_G","Strike_G","Survivor","Neutralize+1","Dagger Throw+1","Doubt","Dagger Spray","Dagger Spray"],"relics":["Ring of the Snake","Happy Flower","Ninja Scroll","Meat on the Bone"],"potions_floor_usage":[7,10],"damage_taken":[{"damage":26,"enemies":"Cultist","floor":1,"turns":7},{"damage":7,"enemies":"Jaw Worm","floor":3,"turns":8},{"damage":39,"enemies":"3 Sentries","floor":7,"turns":12},{"damage":0,"enemies":"2 Louse","floor":8,"turns":2},{"damage":32,"enemies":"Lagavulin","floor":10,"turns":5}],"seed_played":"7945296592900673478","potions_obtained":[{"floor":3,"key":"Regen Potion"},{"floor":7,"key":"FairyPotion"},{"floor":8,"key":"Swift Potion"}],"is_trial":false,"path_per_floor":["M","?","M","$","?","R","E","M","T","E"],"character_chosen":"THE_SILENT","items_purchased":["Happy Flower","Dagger Throw"],"campfire_rested":0,"item_purchase_floors":[4,4],"current_hp_per_floor":[33,33,26,26,26,26,2,2,2,0],"gold":243,"neow_bonus":"HUNDRED_GOLD","is_prod":false,"is_daily":false,"chose_seed":false,"campfire_upgraded":1,"win_rate":0,"timestamp":1554955229,"path_taken":["M","?","M","$","?","R","E","M","T","E"],"build_version":"2019-01-23","purchased_purges":0,"victory":false,"max_hp_per_floor":[66,66,66,66,66,66,66,66,66,66],"card_choices":[{"not_picked":["Sucker Punch","PiercingWail","Underhanded Strike"],"picked":"SKIP","floor":1},{"not_picked":["Distraction","Bane","Acrobatics"],"picked":"SKIP","floor":3},{"not_picked":["Doppelganger","Venomology"],"picked":"Dagger Spray","floor":7},{"not_picked":["Eviscerate","Quick Slash"],"picked":"Dagger Spray","floor":8}],"player_experience":480508,"relics_obtained":[{"floor":7,"key":"Ninja Scroll"},{"floor":9,"key":"Meat on the Bone"}],"event_choices":[{"damage_healed":0,"gold_gain":0,"player_choice":"Grow","damage_taken":0,"max_hp_gain":0,"max_hp_loss":0,"event_name":"Living Wall","floor":2,"gold_loss":0,"cards_upgraded":["Neutralize"]},{"damage_healed":0,"gold_gain":150,"player_choice":"AGREE","damage_taken":0,"max_hp_gain":0,"max_hp_loss":0,"event_name":"Liars Game","floor":5,"gold_loss":0,"cards_obtained":["Doubt"]}],"is_beta":false,"boss_relics":[],"items_purged_floors":[],"is_endless":false,"potions_floor_spawned":[3,7,8],"killed_by":"Lagavulin","ascension_level":20}