{"gold_per_floor":[115,133,146,146,111,111,144,144,144,144,144,144,172,188,188,283,283,297,297,297,297,218,245,245,245],"floor_reached":25,"playtime":879,"items_purged":[],"score":236,"play_id":"be6b2d07-71cb-41b8-9303-ff35cbb712ce","local_time":"20180707113334","is_ascension_mode":true,"campfire_choices":[{"data":"Chaos","floor":6,"key":"SMITH"},{"data":"Zap","floor":8,"key":"SMITH"},{"data":"Storm","floor":10,"key":"SMITH"},{"data":"Capacitor","floor":15,"key":"SMITH"},{"floor":24,"key":"REST"}],"neow_cost":"NONE","seed_source_timestamp":20655125927634,"circlet_count":0,"master_deck":["Strike_B","Strike_B","Strike_B","Strike_B","Defend_B","Defend_B","Defend_B","Defend_B","Zap+1","Dualcast","Chaos+1","Leap+1","Storm+1","Barrage+1","Capacitor+1","Cold Snap","Amplify+1","Go for the Eyes","Defragment","Meteor Strike"],"relics":["Cracked Core","Sundial","Toxic Egg 2","Symbiotic Virus","Ancient Tea Set","Sozu","Shovel"],"potions_floor_usage":[1,7,7,13,23],"damage_taken":[{"damage":7,"enemies":"2 Louse","floor":1,"turns":3},{"damage":7,"enemies":"Small Slimes","floor":2,"turns":3},{"damage":0,"enemies":"Jaw Worm","floor":3,"turns":5},{"damage":17,"enemies":"3 Sentries","floor":7,"turns":6},{"damage":17,"enemies":"Lagavulin","floor":13,"turns":6},{"damage":0,"enemies":"Exordium Wildlife","floor":14,"turns":2},{"damage":16,"enemies":"The Guardian","floor":16,"turns":10},{"damage":8,"enemies":"Chosen","floor":18,"turns":4},{"damage":31,"enemies":"Book of Stabbing","floor":23,"turns":5},{"damage":56,"enemies":"Gremlin Leader","floor":25,"turns":8}],"seed_played":"-4343331379503172204","potions_obtained":[{"floor":1,"key":"Ancient Potion"},{"floor":2,"key":"PowerPotion"},{"floor":7,"key":"SkillPotion"}],"is_trial":false,"path_per_floor":["M","M","M","?","?","R","E","R","T","R","?","$","E","M","R","B",null,"M","$","?","?","$","E","R"],"character_chosen":"DEFECT","items_purchased":["Defragment"],"campfire_rested":1,"item_purchase_floors":[22],"current_hp_per_floor":[73,66,66,63,80,80,63,63,63,63,47,47,30,30,30,14,80,72,72,72,57,57,26,51,0],"gold":245,"neow_bonus":"THREE_SMALL_POTIONS","is_prod":false,"is_daily":false,"chose_seed":false,"campfire_upgraded":4,"win_rate":0,"timestamp":1530927214,"path_taken":["M","M","M","?","?","R","E","R","T","R","?","?","E","?","R","BOSS","M","$","?","?","$","E","R","E"],"build_version":"2018-07-05","purchased_purges":0,"victory":false,"max_hp_per_floor":[80,80,80,80,80,80,80,80,80,80,80,80,80,80,80,80,80,80,80,80,85,85,85,85,85],"card_choices":[{"not_picked":["Cold Snap","Glacier"],"picked":"Chaos","floor":1},{"not_picked":["Rebound","Doom and Gloom"],"picked":"Leap","floor":2},{"not_picked":["Turbo","Stack"],"picked":"Storm","floor":3},{"not_picked":["Rebound","Gash"],"picked":"Barrage","floor":7},{"not_picked":["Leap+1","Tempest+1"],"picked":"Capacitor","floor":13},{"not_picked":["Leap+1","Streamline"],"picked":"Cold Snap","floor":14},{"not_picked":["Multi-Cast+1","Creative AI"],"picked":"Amplify+1","floor":16},{"not_picked":["Leap+1","Barrage"],"picked":"Go for the Eyes","floor":18},{"not_picked":["Redo+1","Compile Driver"],"picked":"Meteor Strike","floor":23}],"player_experience":84068,"relics_obtained":[{"floor":7,"key":"Toxic Egg 2"},{"floor":9,"key":"Symbiotic Virus"},{"floor":13,"key":"Ancient Tea Set"},{"floor":23,"key":"Shovel"}],"event_choices":[{"event_name":"Scrap Ooze","player_choice":"success","floor":4,"damage_taken":3},{"event_name":"The Cleric","player_choice":"Healed","floor":5,"damage_taken":0},{"event_name":"Shining Light","player_choice":"Entered Light","floor":11,"damage_taken":0},{"event_name":"Vampires","player_choice":"Ignored","floor":20,"damage_taken":0},{"event_name":"Forgotten Altar","player_choice":"Shed Blood","floor":21,"damage_taken":0}],"boss_relics":[{"not_picked":["Orrery","Philosopher\u0027s Stone"],"picked":"Sozu"}],"items_purged_floors":[],"is_endless":false,"potions_floor_spawned":[1,2,3,7,23],"killed_by":"Gremlin Leader","ascension_level":1}