{"gold_per_floor":[109,120,135,135,146,175,175,208,208,208],"floor_reached":10,"playtime":413,"items_purged":[],"score":82,"play_id":"14687206-f09d-4a79-a1e5-8d2fd813f76a","local_time":"20190413211735","is_ascension_mode":true,"campfire_choices":[{"data":"White Noise","floor":7,"key":"SMITH"}],"neow_cost":"TEN_PERCENT_HP_LOSS","seed_source_timestamp":38270669493731,"circlet_count":0,"master_deck":["Strike_B","Strike_B","Strike_B","Strike_B","Defend_B","Defend_B","Defend_B","Defend_B","Zap","Dualcast","Jack Of All Trades","Madness","Capacitor","Streamline","White Noise+1","Go for the Eyes","Sweeping Beam","FTL"],"relics":["Cracked Core","DataDisk","Boot","Shuriken"],"potions_floor_usage":[5,8],"damage_taken":[{"damage":0,"enemies":"Small Slimes","floor":1,"turns":2},{"damage":11,"enemies":"Jaw Worm","floor":2,"turns":4},{"damage":0,"enemies":"2 Louse","floor":3,"turns":2},{"damage":8,"enemies":"Exordium Wildlife","floor":5,"turns":5},{"damage":21,"enemies":"Lagavulin","floor":6,"turns":7},{"damage":20,"enemies":"3 Sentries","floor":8,"turns":6},{"damage":8,"enemies":"Lagavulin","floor":10,"turns":3}],"seed_played":"-5043324641267449263","potions_obtained":[{"floor":1,"key":"Weak Potion"},{"floor":3,"key":"Energy Potion"},{"floor":8,"key":"SmokeBomb"}],"is_trial":false,"path_per_floor":["M","M","M","?","M","E","R","E","T","E"],"character_chosen":"DEFECT","items_purchased":[],"campfire_rested":0,"item_purchase_floors":[],"current_hp_per_floor":[68,57,57,57,49,28,28,8,8,0],"gold":208,"neow_bonus":"RANDOM_COLORLESS_2","is_prod":false,"is_daily":false,"chose_seed":false,"campfire_upgraded":1,"win_rate":0,"timestamp":1555154255,"path_taken":["M","M","M","?","M","E","R","E","T","E"],"build_version":"2019-01-23","purchased_purges":0,"victory":false,"max_hp_per_floor":[68,68,68,68,68,68,68,68,68,68],"card_choices":[{"not_picked":["Streamline","Leap"],"picked":"Capacitor","floor":1},{"not_picked":["Gash","Turbo"],"picked":"Streamline","floor":2},{"not_picked":["Hologram","Melter"],"picked":"White Noise","floor":3},{"not_picked":["Steam Power","Compile Driver"],"picked":"Go for the Eyes","floor":5},{"not_picked":["Aggregate","Static Discharge"],"picked":"Sweeping Beam","floor":6},{"not_picked":["Steam Power","Rebound"],"picked":"FTL","floor":8}],"player_experience":125035,"relics_obtained":[{"floor":6,"key":"DataDisk"},{"floor":8,"key":"Boot"},{"floor":9,"key":"Shuriken"}],"event_choices":[{"damage_healed":0,"gold_gain":0,"player_choice":"Ignored","damage_taken":0,"max_hp_gain":0,"max_hp_loss":0,"event_name":"Liars Game","floor":4,"gold_loss":0}],"is_beta":false,"boss_relics":[],"items_purged_floors":[],"is_endless":false,"potions_floor_spawned":[1,3,8],"killed_by":"Lagavulin","ascension_level":1}