{"gold_per_floor":[113,133,133,153,172,205,205,205,253,267,301,301,312,312,312,408,408,418,437,437,453,466,466],"floor_reached":23,"playtime":1243,"items_purged":[],"score":205,"play_id":"7e86673a-a663-4c5e-a679-3eab2f8b680b","local_time":"20181103062920","is_ascension_mode":false,"campfire_choices":[{"floor":7,"key":"REST"},{"floor":12,"key":"REST"},{"data":"Havoc","floor":15,"key":"SMITH"}],"neow_cost":"PERCENT_DAMAGE","seed_source_timestamp":5586949603717,"circlet_count":0,"master_deck":["Strike_R","Strike_R","Strike_R","Strike_R","Strike_R","Defend_R","Defend_R","Defend_R","Defend_R","Bash","Havoc","Havoc+1","True Grit+1","Exhume","Pummel+1","Spot Weakness","Feel No Pain","Thunderclap","Writhe","Purity","Offering","Dark Embrace","Decay","Regret","Decay","Blood for Blood","Reckless Charge+1","Sentinel+1","Armaments"],"relics":["Burning Blood","Charon\u0027s Ashes","Ornamental Fan","Bag of Preparation","Strawberry","Calling Bell","Bag of Marbles","Mercury Hourglass","Magic Flower"],"potions_floor_usage":[6,11,16,23],"damage_taken":[{"damage":2,"enemies":"2 Louse","floor":1,"turns":2},{"damage":3,"enemies":"Small Slimes","floor":2,"turns":4},{"damage":1,"enemies":"Cultist","floor":4,"turns":3},{"damage":0,"enemies":"3 Louse","floor":5,"turns":2},{"damage":50,"enemies":"Lagavulin","floor":6,"turns":7},{"damage":7,"enemies":"Large Slime","floor":10,"turns":6},{"damage":21,"enemies":"Gremlin Nob","floor":11,"turns":4},{"damage":7,"enemies":"Lots of Slimes","floor":13,"turns":2},{"damage":52,"enemies":"Hexaghost","floor":16,"turns":9},{"damage":18,"enemies":"Spheric Guardian","floor":18,"turns":4},{"damage":13,"enemies":"Shell Parasite","floor":19,"turns":3},{"damage":32,"enemies":"Centurion and Healer","floor":21,"turns":4},{"damage":33,"enemies":"Sentry and Sphere","floor":22,"turns":6},{"damage":15,"enemies":"Shelled Parasite and Fungi","floor":23,"turns":4}],"seed_played":"8819276953931274833","potions_obtained":[{"floor":1,"key":"Energy Potion"},{"floor":6,"key":"SkillPotion"},{"floor":13,"key":"Poison Potion"},{"floor":22,"key":"SkillPotion"}],"is_trial":false,"path_per_floor":["M","M","?","M","M","E","R","?","T","M","E","R","M","?","R","B",null,"M","M","?","M","M","M"],"character_chosen":"IRONCLAD","items_purchased":[],"campfire_rested":2,"item_purchase_floors":[],"current_hp_per_floor":[60,63,63,68,74,30,54,38,38,37,29,55,54,54,54,8,87,78,74,57,34,10,0],"gold":466,"neow_bonus":"ONE_RARE_RELIC","is_prod":false,"is_daily":false,"chose_seed":false,"campfire_upgraded":1,"win_rate":0,"timestamp":1541186960,"path_taken":["M","M","?","M","M","E","R","?","T","M","E","R","M","?","R","BOSS","M","?","?","M","M","M"],"build_version":"2018-11-01v2","purchased_purges":0,"victory":false,"max_hp_per_floor":[80,80,80,80,80,80,80,80,80,80,87,87,87,87,87,87,87,87,87,92,92,92,92],"card_choices":[{"not_picked":["Sword Boomerang","Warcry"],"picked":"Havoc","floor":1},{"not_picked":["Pommel Strike","Sword Boomerang"],"picked":"Havoc","floor":2},{"not_picked":["Sentinel","Body Slam"],"picked":"True Grit","floor":4},{"not_picked":["Armaments","Body Slam"],"picked":"Exhume","floor":5},{"not_picked":["Pommel Strike","Sentinel"],"picked":"Pummel","floor":6},{"not_picked":["Shrug It Off","Ghostly Armor"],"picked":"Spot Weakness","floor":10},{"not_picked":["Havoc","Hemokinesis"],"picked":"Feel No Pain","floor":11},{"not_picked":["Flex","Metallicize"],"picked":"Thunderclap","floor":13},{"not_picked":["Offering","Barricade"],"picked":"Dark Embrace","floor":16},{"not_picked":["Body Slam+1","Iron Wave"],"picked":"Blood for Blood","floor":18},{"not_picked":["True Grit","Clash"],"picked":"Reckless Charge+1","floor":19},{"not_picked":["Flame Barrier","Combust+1"],"picked":"Sentinel+1","floor":21},{"not_picked":["Flex+1","Dropkick"],"picked":"Armaments","floor":22}],"player_experience":151313,"relics_obtained":[{"floor":6,"key":"Ornamental Fan"},{"floor":9,"key":"Bag of Preparation"},{"floor":11,"key":"Strawberry"},{"floor":17,"key":"Bag of Marbles"},{"floor":17,"key":"Mercury Hourglass"},{"floor":17,"key":"Magic Flower"}],"event_choices":[{"damage_healed":0,"gold_gain":0,"player_choice":"Ignored","damage_taken":0,"max_hp_gain":0,"max_hp_loss":0,"event_name":"Liars Game","floor":3,"gold_loss":0},{"damage_healed":0,"gold_gain":0,"player_choice":"Entered Light","damage_taken":16,"max_hp_gain":0,"max_hp_loss":0,"event_name":"Shining Light","floor":8,"gold_loss":0,"cards_upgraded":["Pummel","True Grit"]},{"damage_healed":0,"gold_gain":0,"player_choice":"3 cards matched","damage_taken":0,"max_hp_gain":0,"max_hp_loss":0,"event_name":"Match and Keep!","floor":14,"gold_loss":0,"cards_obtained":["Writhe","Purity","Offering"]},{"damage_healed":0,"gold_gain":0,"player_choice":"Shed Blood","damage_taken":22,"max_hp_gain":5,"max_hp_loss":0,"event_name":"Forgotten Altar","floor":20,"gold_loss":0}],"is_beta":true,"boss_relics":[{"not_picked":["Ectoplasm","Velvet Choker"],"picked":"Calling Bell"}],"items_purged_floors":[],"is_endless":false,"potions_floor_spawned":[1,6,13,22],"killed_by":"Shelled Parasite and Fungi","ascension_level":0}