{"gold_per_floor":[115,24,24,24,35,35,46,46,46,46,104,104,104,60,60,132,132,148,148,161,161],"floor_reached":21,"playtime":885,"items_purged":[],"score":341,"play_id":"fb212d47-0d67-4456-a79c-e022c4560a30","local_time":"20190330232837","is_ascension_mode":true,"campfire_choices":[{"data":"Cloak And Dagger","floor":6.0,"key":"SMITH"},{"data":"Unload","floor":10,"key":"SMITH"},{"data":"Endless Agony","floor":12,"key":"SMITH"},{"data":"Neutralize","floor":15,"key":"SMITH"}],"neow_cost":"NONE","seed_source_timestamp":180934460661123,"circlet_count":0,"master_deck":["AscendersBane","Defend_G","Defend_G","Defend_G","Defend_G","Strike_G","Strike_G","Strike_G","Strike_G","Survivor","Neutralize+1","Backflip","Flash of Steel","Cloak And Dagger+1","Unload+1","Endless Agony+1","Well Laid Plans","Phantasmal Killer","Pain","Dagger Spray"],"special_seed":0,"relics":["Ring of the Snake","Pen Nib","Lantern","Tiny Chest","Cursed Key","Sundial"],"potions_floor_usage":[11,16,16,21],"damage_taken":[{"damage":7.0,"enemies":"Small Slimes","floor":1.0,"turns":6.0},{"damage":6.0,"enemies":"Jaw Worm","floor":5.0,"turns":5.0},{"damage":1.0,"enemies":"2 Louse","floor":7.0,"turns":3.0},{"damage":8,"enemies":"Gremlin Nob","floor":11,"turns":3},{"damage":29,"enemies":"Hexaghost","floor":16,"turns":9},{"damage":5,"enemies":"3 Byrds","floor":18,"turns":5},{"damage":8,"enemies":"Spheric Guardian","floor":20,"turns":3},{"damage":52,"enemies":"Centurion and Healer","floor":21,"turns":7}],"seed_played":"7906618074537726669","potions_obtained":[{"floor":5.0,"key":"LiquidBronze"},{"floor":7,"key":"LiquidBronze"},{"floor":11,"key":"SpeedPotion"},{"floor":18,"key":"GhostInAJar"}],"is_trial":false,"path_per_floor":["M","$","?","?","M","R","M","?","T","R","E","R","?","$","R","B",null,"M","T","M","M"],"character_chosen":"THE_SILENT","items_purchased":["Flash of Steel","Well Laid Plans"],"campfire_rested":0,"item_purchase_floors":[2,14],"current_hp_per_floor":[52,52,45,45,39,39,38,60,60,60,52,52,52,52,52,23,55,50,50,42,0],"gold":161,"neow_bonus":"RANDOM_COMMON_RELIC","is_prod":false,"is_daily":false,"chose_seed":false,"campfire_upgraded":4,"win_rate":0,"timestamp":1554010117,"path_taken":["M","$","?","?","?","R","M","?","T","R","E","R","?","$","R","BOSS","M","?","?","M"],"build_version":"2019-01-23","purchased_purges":0,"victory":false,"max_hp_per_floor":[66,66,66,66,66,66,66,66,66,66,66,66,66,66,66,66,66,66,66,66,66],"card_choices":[{"not_picked":["Blade Dance","Acrobatics"],"picked":"Backflip","floor":1.0},{"not_picked":["Catalyst","Caltrops"],"picked":"Cloak And Dagger","floor":5.0},{"not_picked":["Underhanded Strike","Outmaneuver"],"picked":"Unload","floor":7},{"not_picked":["All Out Attack","Tactician"],"picked":"Endless Agony","floor":11},{"not_picked":["Tools of the Trade","Doppelganger"],"picked":"Phantasmal Killer","floor":16},{"not_picked":["Acrobatics","Dagger Throw","Flying Knee"],"picked":"SKIP","floor":18},{"not_picked":["Deadly Poison","Accuracy"],"picked":"Dagger Spray","floor":20}],"player_experience":373554,"relics_obtained":[{"floor":9,"key":"Lantern"},{"floor":11,"key":"Tiny Chest"},{"floor":19,"key":"Sundial"}],"event_choices":[{"cards_removed":["Defend_G"],"damage_healed":0.0,"max_hp_gain":0.0,"max_hp_loss":0.0,"gold_gain":0.0,"event_name":"Golden Wing","player_choice":"Card Removal","floor":3.0,"gold_loss":0.0,"damage_taken":7.0},{"damage_healed":0.0,"max_hp_gain":0.0,"max_hp_loss":0.0,"gold_gain":0.0,"event_name":"The Cleric","player_choice":"Leave","floor":4.0,"gold_loss":0.0,"damage_taken":0.0},{"damage_healed":22,"gold_gain":0,"player_choice":"Banana","damage_taken":0,"max_hp_gain":0,"max_hp_loss":0,"event_name":"Big Fish","floor":8,"gold_loss":0},{"cards_removed":["Strike_G"],"damage_healed":0,"gold_gain":0,"player_choice":"Offered Basic","damage_taken":0,"max_hp_gain":0,"max_hp_loss":0,"event_name":"Bonfire Elementals","floor":13,"gold_loss":0}],"is_beta":false,"boss_relics":[{"not_picked":["Tiny House","Ectoplasm"],"picked":"Cursed Key"}],"items_purged_floors":[],"is_endless":false,"potions_floor_spawned":[5,7,11,18],"killed_by":"Centurion and Healer","ascension_level":19}