{"gold_per_floor":[118,132,142,157,171,203,203,218,218,218,293,307,320,52,52,126,126,138,53,72,0,0,0],"floor_reached":23,"playtime":2139,"items_purged":[],"score":361,"play_id":"a3bbafe1-614f-43e4-820f-6c319b66677e","local_time":"20190609093222","is_ascension_mode":true,"campfire_choices":[{"data":"Genetic Algorithm","floor":7.0,"key":"SMITH"},{"floor":10.0,"key":"REST"},{"floor":15.0,"key":"REST"}],"neow_cost":"NONE","seed_source_timestamp":667641883491500,"circlet_count":0,"master_deck":["AscendersBane","Strike_B","Strike_B","Strike_B","Strike_B","Defend_B","Defend_B","Defend_B","Defend_B","Zap","Dualcast","Chill","Rebound","Cold Snap","Genetic Algorithm+1","Steam","Multi-Cast","Barrage","Redo","Loop","Core Surge","Blizzard","Coolheaded"],"special_seed":0,"relics":["Cracked Core","Question Card","Cables","Frozen Egg 2","Velvet Choker","Nunchaku"],"potions_floor_usage":[],"damage_taken":[{"damage":1.0,"enemies":"Cultist","floor":1.0,"turns":3.0},{"damage":2.0,"enemies":"Jaw Worm","floor":2.0,"turns":3.0},{"damage":0.0,"enemies":"Small Slimes","floor":3.0,"turns":4.0},{"damage":2.0,"enemies":"2 Fungi Beasts","floor":4.0,"turns":4.0},{"damage":19.0,"enemies":"3 Louse","floor":5.0,"turns":4.0},{"damage":27.0,"enemies":"Gremlin Nob","floor":6.0,"turns":5.0},{"damage":13.0,"enemies":"Exordium Thugs","floor":8.0,"turns":5.0},{"damage":6.0,"enemies":"Looter","floor":12.0,"turns":3.0},{"damage":0.0,"enemies":"3 Louse","floor":13.0,"turns":4.0},{"damage":22.0,"enemies":"The Guardian","floor":16.0,"turns":16.0},{"damage":26.0,"enemies":"Shell Parasite","floor":18.0,"turns":6.0},{"damage":0,"enemies":"Spheric Guardian","floor":20,"turns":3},{"damage":45,"enemies":"Gremlin Leader","floor":23,"turns":10}],"seed_played":"4527405905259486821","potions_obtained":[{"floor":1.0,"key":"SpeedPotion"},{"floor":3.0,"key":"FocusPotion"},{"floor":6.0,"key":"FearPotion"},{"floor":16.0,"key":"SteroidPotion"}],"is_trial":false,"path_per_floor":["M","M","M","M","M","E","R","M","T","R","?","M","M","$","R","B",null,"M","?","M","?","$","E"],"character_chosen":"DEFECT","items_purchased":["Frozen Egg 2"],"campfire_rested":2,"item_purchase_floors":[14],"current_hp_per_floor":[70,68,68,66,47,20,20,7,7,30,19,13,13,13,36,14,62,36,36,36,36,36,0],"gold":0,"neow_bonus":"TEN_PERCENT_HP_BONUS","is_prod":false,"is_daily":false,"chose_seed":false,"campfire_upgraded":1,"win_rate":0,"timestamp":1560094342,"path_taken":["M","?","M","M","M","E","R","M","T","R","?","M","M","$","R","BOSS","M","?","M","?","$","E"],"build_version":"2019-01-23","purchased_purges":0,"victory":false,"max_hp_per_floor":[78,78,78,78,78,78,78,78,78,78,78,78,78,78,78,78,78,78,78,78,78,78,78],"card_choices":[{"not_picked":["Steam","Skim"],"picked":"Chill","floor":1.0},{"not_picked":["Leap","Beam Cell"],"picked":"Rebound","floor":2.0},{"not_picked":["Beam Cell","Sweeping Beam"],"picked":"Cold Snap","floor":3.0},{"not_picked":["Turbo","Tempest"],"picked":"Genetic Algorithm","floor":4.0},{"not_picked":["Rebound","Compile Driver"],"picked":"Steam","floor":5.0},{"not_picked":["Self Repair","FTL"],"picked":"Multi-Cast","floor":6.0},{"not_picked":["Chill","Cold Snap","Compile Driver"],"picked":"Barrage","floor":8.0},{"not_picked":["Cold Snap","Tempest","White Noise"],"picked":"Redo","floor":12.0},{"not_picked":["Streamline","Beam Cell","Ball Lightning"],"picked":"Loop","floor":13.0},{"not_picked":["All For One","Thunder Strike","Meteor Strike"],"picked":"Core Surge","floor":16.0},{"not_picked":["Hologram","Go for the Eyes","Melter"],"picked":"Blizzard","floor":18.0},{"not_picked":["White Noise","Sunder","Stack+1"],"picked":"Coolheaded","floor":20}],"player_experience":863794,"relics_obtained":[{"floor":6.0,"key":"Question Card"},{"floor":9.0,"key":"Cables"}],"event_choices":[{"damage_healed":0.0,"max_hp_gain":0.0,"max_hp_loss":0.0,"gold_gain":75.0,"event_name":"World of Goop","player_choice":"Gather Gold","floor":11.0,"gold_loss":0.0,"damage_taken":11.0},{"damage_healed":0.0,"max_hp_gain":0.0,"max_hp_loss":0.0,"gold_gain":0.0,"event_name":"Addict","player_choice":"Obtained Relic","floor":19.0,"gold_loss":85.0,"damage_taken":0.0,"relics_obtained":["Nunchaku"]},{"damage_healed":0,"gold_gain":0,"player_choice":"Paid Fearfully","damage_taken":0,"max_hp_gain":0,"max_hp_loss":0,"event_name":"Masked Bandits","floor":21,"gold_loss":72}],"is_beta":false,"boss_relics":[{"not_picked":["Snecko Eye","Ectoplasm"],"picked":"Velvet Choker"}],"items_purged_floors":[],"is_endless":false,"potions_floor_spawned":[1,3,6,16],"killed_by":"Gremlin Leader","ascension_level":17}