{"gold_per_floor":[113,188,204,204,35,35,64,64,64,94,106,106,106,116,116,187,187,198,198,216,216],"floor_reached":21,"playtime":542,"items_purged":[],"score":417,"play_id":"6074ea26-c9a6-4554-8fa8-3d48026a3294","local_time":"20190527101802","is_ascension_mode":true,"campfire_choices":[{"data":"True Grit","floor":6.0,"key":"SMITH"},{"data":"Bash","floor":8.0,"key":"SMITH"},{"data":"Demon Form","floor":15.0,"key":"SMITH"}],"neow_cost":"NONE","seed_source_timestamp":154658639190550,"circlet_count":0,"master_deck":["AscendersBane","Strike_R","Strike_R+1","Strike_R","Strike_R","Defend_R","Defend_R","Defend_R","Defend_R","Bash+1","True Grit+1","Demon Form+1","Evolve+1","Battle Trance"],"special_seed":0,"relics":["Burning Blood","NeowsBlessing","Red Skull","Peace Pipe","Calipers","Blood Vial","Velvet Choker"],"potions_floor_usage":[16],"damage_taken":[{"damage":0.0,"enemies":"Cultist","floor":1.0,"turns":1.0},{"damage":0.0,"enemies":"Small Slimes","floor":3.0,"turns":1.0},{"damage":0.0,"enemies":"3 Sentries","floor":7.0,"turns":2.0},{"damage":32.0,"enemies":"Gremlin Nob","floor":10.0,"turns":4.0},{"damage":3.0,"enemies":"Jaw Worm","floor":11.0,"turns":4.0},{"damage":0.0,"enemies":"Lots of Slimes","floor":13.0,"turns":1.0},{"damage":9.0,"enemies":"2 Fungi Beasts","floor":14.0,"turns":3.0},{"damage":24,"enemies":"Slime Boss","floor":16,"turns":8},{"damage":39,"enemies":"Shell Parasite","floor":18,"turns":5},{"damage":21,"enemies":"Spheric Guardian","floor":20,"turns":5},{"damage":23,"enemies":"Snake Plant","floor":21,"turns":3}],"seed_played":"-3371391357115047918","potions_obtained":[{"floor":1.0,"key":"AttackPotion"},{"floor":10.0,"key":"SmokeBomb"},{"floor":11.0,"key":"EssenceOfSteel"},{"floor":20,"key":"EssenceOfSteel"}],"is_trial":false,"path_per_floor":["M","?","M","?","$","R","E","R","T","E","M","?","M","M","R","B",null,"M","?","M","M"],"character_chosen":"IRONCLAD","items_purchased":["Red Skull"],"campfire_rested":0,"item_purchase_floors":[5],"current_hp_per_floor":[74,63,69,62,62,62,68,68,68,42,47,24,32,31,31,15,60,29,29,16,0],"gold":216,"neow_bonus":"THREE_ENEMY_KILL","is_prod":false,"is_daily":false,"chose_seed":false,"campfire_upgraded":3,"win_rate":0,"timestamp":1558973882,"path_taken":["M","?","M","?","?","R","E","R","T","E","?","?","M","M","R","BOSS","M","?","M","M"],"build_version":"2019-01-23","purchased_purges":0,"victory":false,"max_hp_per_floor":[75,75,75,75,75,75,75,75,75,75,75,75,75,75,75,75,75,75,75,75,75],"card_choices":[{"not_picked":["Dual Wield","Dropkick"],"picked":"True Grit","floor":1.0},{"not_picked":["True Grit","Clash"],"picked":"Spot Weakness","floor":3.0},{"not_picked":["Infernal Blade","Rampage","Clothesline"],"picked":"SKIP","floor":7.0},{"not_picked":["Shockwave","Whirlwind"],"picked":"Demon Form","floor":10.0},{"not_picked":["Entrench","Fire Breathing"],"picked":"Evolve","floor":11.0},{"not_picked":["True Grit","Intimidate"],"picked":"Battle Trance","floor":14.0},{"not_picked":["Clash","Flex","Burning Pact"],"picked":"SKIP","floor":18},{"not_picked":["True Grit","Inflame","Sentinel"],"picked":"SKIP","floor":20}],"player_experience":635499,"relics_obtained":[{"floor":7.0,"key":"Peace Pipe"},{"floor":9.0,"key":"Calipers"},{"floor":10.0,"key":"Blood Vial"}],"event_choices":[{"damage_healed":0.0,"max_hp_gain":0.0,"max_hp_loss":0.0,"gold_gain":75.0,"event_name":"World of Goop","player_choice":"Gather Gold","floor":2.0,"gold_loss":0.0,"damage_taken":11.0},{"cards_removed":["Spot Weakness"],"damage_healed":0.0,"max_hp_gain":0.0,"max_hp_loss":0.0,"gold_gain":0.0,"event_name":"Golden Wing","player_choice":"Card Removal","floor":4.0,"gold_loss":0.0,"damage_taken":7.0},{"damage_healed":0.0,"max_hp_gain":0.0,"max_hp_loss":0.0,"gold_gain":0.0,"event_name":"Shining Light","player_choice":"Entered Light","floor":12.0,"gold_loss":0.0,"damage_taken":23.0,"cards_upgraded":["Evolve","Strike_R"]},{"cards_removed":["Strike_R"],"damage_healed":0,"gold_gain":0,"player_choice":"Offered Basic","damage_taken":0,"max_hp_gain":0,"max_hp_loss":0,"event_name":"Bonfire Elementals","floor":19,"gold_loss":0}],"is_beta":false,"boss_relics":[{"not_picked":["Calling Bell","Orrery"],"picked":"Velvet Choker"}],"items_purged_floors":[],"is_endless":false,"potions_floor_spawned":[1,10,11,13,20],"killed_by":"Snake Plant","ascension_level":19}