{"gold_per_floor":[219,219,64,75,86,113,123,133,159,178,210,285,319,335,335,434,434,446,463,479,578,592,624,624,624,624,652,652,672,703,703,703,802,802,821,821,821,840,840,870,870,795,795,823,823,823,851,851],"floor_reached":48,"playtime":2480,"items_purged":["Strike_B"],"score":628,"play_id":"7efcaea3-5c94-42a9-b19d-05a8e511f26a","local_time":"20181123215624","is_ascension_mode":true,"campfire_choices":[{"floor":15,"key":"REST"},{"floor":25,"key":"REST"},{"floor":28,"key":"REST"},{"floor":32,"key":"REST"},{"floor":41,"key":"RECALL"},{"floor":45,"key":"REST"}],"neow_cost":"NONE","seed_source_timestamp":0,"circlet_count":0,"master_deck":["Strike_B","Strike_B","Defend_B+1","Defend_B","Defend_B","Defend_B+1","Zap","Dualcast","Barrage","Echo Form","BootSequence","Sweeping Beam","Beam Cell","Chill","White Noise","FTL","Rainbow","Gash","Beam Cell","Cold Snap","Amplify","Go for the Eyes","Barrage","Chill+1","Steam","Conserve Battery","Creative AI","Ball Lightning+1","Madness","Madness","Auto Shields+1","Gash","Consume","Double Energy+1"],"special_seed":0,"relics":["Cracked Core","Vajra","Juzu Bracelet","Bag of Preparation","Nuclear Battery","Kunai","MutagenicStrength","Pantograph","DataDisk","Anchor","Philosopher\u0027s Stone","Gremlin Horn","Matryoshka","Boot","Singing Bowl","Letter Opener","Bottled Tornado"],"potions_floor_usage":[11,16,23,30,30,33],"damage_taken":[{"damage":0,"enemies":"2 Louse","floor":1,"turns":3},{"damage":2,"enemies":"Small Slimes","floor":4,"turns":3},{"damage":1,"enemies":"Jaw Worm","floor":5,"turns":4},{"damage":2,"enemies":"Lagavulin","floor":6,"turns":7},{"damage":0,"enemies":"Large Slime","floor":7,"turns":5},{"damage":0,"enemies":"2 Fungi Beasts","floor":8,"turns":2},{"damage":17,"enemies":"Exordium Thugs","floor":10,"turns":5},{"damage":5,"enemies":"3 Sentries","floor":11,"turns":5},{"damage":18,"enemies":"Lagavulin","floor":13,"turns":7},{"damage":0,"enemies":"Lots of Slimes","floor":14,"turns":4},{"damage":18,"enemies":"Slime Boss","floor":16,"turns":7},{"damage":0,"enemies":"Chosen","floor":18,"turns":3},{"damage":4,"enemies":"Spheric Guardian","floor":19,"turns":4},{"damage":0,"enemies":"Cultist and Chosen","floor":20,"turns":5},{"damage":11,"enemies":"Shelled Parasite and Fungi","floor":22,"turns":5},{"damage":45,"enemies":"Book of Stabbing","floor":23,"turns":6},{"damage":25,"enemies":"Gremlin Leader","floor":27,"turns":5},{"damage":6,"enemies":"Centurion and Healer","floor":29,"turns":4},{"damage":13,"enemies":"Book of Stabbing","floor":30,"turns":4},{"damage":26,"enemies":"Automaton","floor":33,"turns":12},{"damage":10,"enemies":"3 Darklings","floor":35,"turns":6},{"damage":12,"enemies":"Orb Walker","floor":38,"turns":4},{"damage":14,"enemies":"Nemesis","floor":40,"turns":9},{"damage":40,"enemies":"Giant Head","floor":44,"turns":9},{"damage":23,"enemies":"Nemesis","floor":47,"turns":7},{"damage":7,"enemies":"Writhing Mass","floor":48,"turns":3}],"seed_played":"818501501341855724","potions_obtained":[{"floor":4,"key":"Swift Potion"},{"floor":6,"key":"Fire Potion"},{"floor":8,"key":"EssenceOfSteel"},{"floor":11,"key":"SteroidPotion"},{"floor":16,"key":"Block Potion"},{"floor":27,"key":"FocusPotion"},{"floor":30,"key":"Explosive Potion"},{"floor":33,"key":"SpeedPotion"},{"floor":38,"key":"SmokeBomb"},{"floor":40,"key":"FairyPotion"},{"floor":44,"key":"Explosive Potion"}],"is_trial":false,"path_per_floor":["M","?","$","M","M","E","M","M","T","M","E","?","E","M","R","B",null,"M","M","M","?","M","E","?","R","T","E","R","M","E","?","R","B",null,"M","?","T","M","?","E","R","$","T","E","R","?","E","M"],"character_chosen":"DEFECT","items_purchased":["Echo Form"],"campfire_rested":5,"item_purchase_floors":[3],"current_hp_per_floor":[75,60,60,58,57,55,55,55,55,38,33,22,4,4,26,8,75,75,71,71,71,60,15,15,37,37,12,34,28,15,15,37,36,75,65,56,56,44,44,30,30,30,30,7,29,29,6,0],"gold":851,"neow_bonus":"HUNDRED_GOLD","is_prod":false,"is_daily":false,"chose_seed":false,"campfire_upgraded":0,"win_rate":0,"timestamp":1542970584,"path_taken":["M","?","$","M","M","E","M","M","T","M","E","?","E","M","R","BOSS","M","M","M","?","M","E","?","R","T","E","R","M","E","?","R","BOSS","M","?","?","M","?","E","R","$","T","E","R","?","E","M"],"build_version":"2018-11-15","purchased_purges":1,"victory":false,"max_hp_per_floor":[75,75,75,75,75,75,75,75,75,75,75,75,75,75,75,75,75,75,75,75,75,75,75,75,75,75,75,75,75,75,75,75,75,75,75,75,75,75,75,75,75,75,75,75,75,75,75,75],"card_choices":[{"not_picked":["Turbo","Hello World"],"picked":"Barrage","floor":1},{"not_picked":["Ball Lightning","Barrage"],"picked":"BootSequence","floor":4},{"not_picked":["Compile Driver","All For One"],"picked":"Sweeping Beam","floor":5},{"not_picked":["Force Field","Undo"],"picked":"Gash","floor":6},{"not_picked":["Barrage","Turbo"],"picked":"Beam Cell","floor":7},{"not_picked":["Leap","Redo"],"picked":"Chill","floor":8},{"not_picked":["Steam","Hello World"],"picked":"White Noise","floor":10},{"not_picked":["Blizzard","Fusion"],"picked":"FTL","floor":11},{"not_picked":["Steam Power","Reinforced Body"],"picked":"Rainbow","floor":13},{"not_picked":["Streamline","Sweeping Beam"],"picked":"Gash","floor":14},{"not_picked":["Stack","Consume"],"picked":"Beam Cell","floor":18},{"not_picked":["Beam Cell","Hologram"],"picked":"Cold Snap","floor":19},{"not_picked":["Barrage","Self Repair"],"picked":"Amplify","floor":20},{"not_picked":["Storm","Turbo"],"picked":"Go for the Eyes","floor":22},{"not_picked":["Streamline","Rip and Tear"],"picked":"Barrage","floor":23},{"not_picked":["Heatsinks+1","Go for the Eyes"],"picked":"Chill+1","floor":27},{"not_picked":["Stack","Sweeping Beam"],"picked":"Steam","floor":29},{"not_picked":["Undo","Go for the Eyes"],"picked":"Conserve Battery","floor":30},{"not_picked":["Fission","Seek"],"picked":"Creative AI","floor":33},{"not_picked":["Storm","Rebound"],"picked":"Ball Lightning+1","floor":35},{"not_picked":["Reinforced Body","Leap+1"],"picked":"Auto Shields+1","floor":38},{"not_picked":["Heatsinks","Turbo"],"picked":"Gash","floor":40},{"not_picked":["Skim+1","Steam+1"],"picked":"Consume","floor":44},{"not_picked":["Redo+1","Reinforced Body"],"picked":"Double Energy+1","floor":47}],"player_experience":220033,"relics_obtained":[{"floor":6,"key":"Vajra"},{"floor":11,"key":"Juzu Bracelet"},{"floor":13,"key":"Bag of Preparation"},{"floor":23,"key":"Kunai"},{"floor":26,"key":"Pantograph"},{"floor":27,"key":"DataDisk"},{"floor":30,"key":"Anchor"},{"floor":37,"key":"Gremlin Horn"},{"floor":40,"key":"Matryoshka"},{"floor":43,"key":"Boot"},{"floor":43,"key":"Singing Bowl"},{"floor":44,"key":"Letter Opener"},{"floor":47,"key":"Bottled Tornado"}],"event_choices":[{"damage_healed":0,"gold_gain":0,"player_choice":"Entered Light","damage_taken":15,"max_hp_gain":0,"max_hp_loss":0,"event_name":"Shining Light","floor":2,"gold_loss":0,"cards_upgraded":["Defend_B","Defend_B"]},{"damage_healed":0,"gold_gain":75,"player_choice":"Gather Gold","damage_taken":11,"max_hp_gain":0,"max_hp_loss":0,"event_name":"World of Goop","floor":12,"gold_loss":0},{"damage_healed":0,"gold_gain":99,"player_choice":"Stole From Cult","damage_taken":0,"max_hp_gain":0,"max_hp_loss":0,"event_name":"Nest","floor":21,"gold_loss":0},{"damage_healed":0,"gold_gain":0,"player_choice":"Inject Mutagens","damage_taken":0,"relics_obtained":["MutagenicStrength"],"max_hp_gain":0,"max_hp_loss":0,"event_name":"Drug Dealer","floor":24,"gold_loss":0},{"damage_healed":0,"gold_gain":0,"player_choice":"Ignored","damage_taken":0,"max_hp_gain":0,"max_hp_loss":0,"event_name":"Vampires","floor":31,"gold_loss":0},{"damage_healed":0,"gold_gain":0,"player_choice":"Embrace Madness","damage_taken":9,"max_hp_gain":0,"max_hp_loss":0,"event_name":"Winding Halls","floor":36,"gold_loss":0,"cards_obtained":["Madness","Madness"]},{"cards_removed":["Gash"],"damage_healed":0,"gold_gain":0,"player_choice":"Removed Attack","damage_taken":0,"max_hp_gain":0,"max_hp_loss":0,"event_name":"Falling","floor":39,"gold_loss":0},{"cards_removed":["Strike_B"],"damage_healed":0,"gold_gain":0,"player_choice":"Purged","damage_taken":0,"max_hp_gain":0,"max_hp_loss":0,"event_name":"Purifier","floor":46,"gold_loss":0}],"is_beta":true,"boss_relics":[{"not_picked":["Empty Cage","Orrery"],"picked":"Nuclear Battery"},{"not_picked":["Sozu","Calling Bell"],"picked":"Philosopher\u0027s Stone"}],"items_purged_floors":[42],"is_endless":false,"potions_floor_spawned":[4,6,8,11,16,20,27,29,30,33,38,40,44,47],"killed_by":"Writhing Mass","ascension_level":1}