{"gold_per_floor":[116,127,127,139,158,158,191,191,266,266,279,38,65,15,15,116,116,131,146,162,262,118,118,128,162,162,178,30,30,30,42,42,137,137,150,110,129,4,19,19,39,39,39,39,58,75,75,75,75,75],"floor_reached":51,"playtime":2761,"items_purged":["Strike_R","Strike_R","Dual Wield"],"score":908,"play_id":"3e0ef8ce-163e-42c4-a69b-33ea55ee20b7","local_time":"20180814201400","is_ascension_mode":true,"campfire_choices":[{"data":"True Grit","floor":6.0,"key":"SMITH"},{"floor":8.0,"key":"REST"},{"data":"Whirlwind","floor":15.0,"key":"SMITH"},{"data":"Barricade","floor":23.0,"key":"SMITH"},{"floor":29.0,"key":"REST"},{"data":"True Grit","floor":32.0,"key":"SMITH"},{"data":"Limit Break","floor":40,"key":"SMITH"},{"data":"Metallicize","floor":42,"key":"SMITH"},{"data":"Armaments","floor":44,"key":"SMITH"},{"floor":47,"key":"REST"},{"floor":49,"key":"REST"}],"neow_cost":"NONE","seed_source_timestamp":0,"circlet_count":0,"master_deck":["Defend_R","Defend_R","Defend_R","Defend_R","Bash","Power Through","Inflame","Armaments+1","True Grit+1","Whirlwind+1","True Grit+1","Ghostly Armor","Barricade+1","Spot Weakness","Inflame","Battle Trance","Power Through","Limit Break+1","Twin Strike+1","Metallicize+1","Evolve+1","Wild Strike+1","Headbutt+1"],"special_seed":0,"relics":["Burning Blood","Magic Flower","Gremlin Horn","Chemical X","Potion Belt","Eternal Feather","Pen Nib","Bottled Flame","Sozu","Darkstone Periapt","Girya"],"potions_floor_usage":[46,46],"damage_taken":[{"damage":18.0,"enemies":"Jaw Worm","floor":1.0,"turns":5.0},{"damage":0.0,"enemies":"2 Louse","floor":2.0,"turns":3.0},{"damage":0.0,"enemies":"Cultist","floor":4.0,"turns":5.0},{"damage":12.0,"enemies":"Looter","floor":5.0,"turns":3.0},{"damage":36.0,"enemies":"Gremlin Nob","floor":7.0,"turns":5.0},{"damage":5.0,"enemies":"3 Louse","floor":11.0,"turns":4.0},{"damage":10.0,"enemies":"Lagavulin","floor":13.0,"turns":6.0},{"damage":3.0,"enemies":"The Guardian","floor":16.0,"turns":15.0},{"damage":13.0,"enemies":"3 Byrds","floor":18.0,"turns":5.0},{"damage":16.0,"enemies":"Shell Parasite","floor":19.0,"turns":4.0},{"damage":20.0,"enemies":"Cultist and Chosen","floor":20.0,"turns":5.0},{"damage":14.0,"enemies":"Chosen and Byrds","floor":24.0,"turns":4.0},{"damage":56.0,"enemies":"Book of Stabbing","floor":25.0,"turns":6.0},{"damage":4.0,"enemies":"Sentry and Sphere","floor":27.0,"turns":7.0},{"damage":18.0,"enemies":"Cultist and Chosen","floor":31.0,"turns":10.0},{"damage":0.0,"enemies":"Automaton","floor":33.0,"turns":5.0},{"damage":2,"enemies":"3 Shapes","floor":35,"turns":2},{"damage":12,"enemies":"Orb Walker","floor":37,"turns":6},{"damage":0,"enemies":"3 Darklings","floor":39,"turns":1},{"damage":28,"enemies":"Spire Growth","floor":41,"turns":6},{"damage":6,"enemies":"Maw","floor":45,"turns":7},{"damage":64,"enemies":"Transient","floor":46,"turns":5},{"damage":21,"floor":48,"turns":7},{"damage":45,"enemies":"Donu and Deca","floor":50,"turns":9}],"seed_played":"-7367909843719020479","potions_obtained":[{"floor":0.0,"key":"Fruit Juice"},{"floor":1.0,"key":"Strength Potion"},{"floor":5.0,"key":"Ancient Potion"},{"floor":7.0,"key":"Weak Potion"},{"floor":13.0,"key":"Weak Potion"},{"floor":24.0,"key":"EssenceOfSteel"},{"floor":27.0,"key":"Energy Potion"},{"floor":31.0,"key":"Strength Potion"},{"floor":33.0,"key":"PowerPotion"}],"is_trial":false,"path_per_floor":["M","M","?","M","M","R","E","R","T","?","M","$","E","?","R","B",null,"M","M","M","?","$","R","M","E","T","M","$","R","?","M","R","B",null,"M","$","M","$","M","R","M","R","T","R","M","M","R","?","R","B"],"character_chosen":"IRONCLAD","items_purchased":["Chemical X","True Grit","Battle Trance","Dexterity Potion","Metallicize"],"campfire_rested":4,"item_purchase_floors":[12,12,22,28,36],"current_hp_per_floor":[65,71,71,77,71,71,41,66,66,59,63,63,62,62,62,68,81,77,70,59,59,59,68,63,16,16,21,21,55,55,46,55,64,80,85,85,82,82,85,85,66,78,78,85,85,30,67,55,85,49],"gold":75,"neow_bonus":"THREE_SMALL_POTIONS","is_prod":false,"is_daily":false,"chose_seed":false,"campfire_upgraded":7,"win_rate":0,"timestamp":1534292040,"path_taken":["M","M","?","M","?","R","E","R","T","?","M","$","E","?","R","BOSS","M","?","M","?","$","R","M","E","T","M","$","R","?","M","R","BOSS","M","?","?","$","M","R","M","R","T","R","M","?","R","?","R","BOSS"],"build_version":"2018-08-09","purchased_purges":3,"victory":true,"max_hp_per_floor":[85,85,85,85,85,85,85,85,85,85,85,85,85,85,85,85,85,85,85,85,85,85,85,85,85,85,85,85,85,85,85,85,85,85,85,85,85,85,85,85,85,85,85,85,85,85,85,85,85,85],"card_choices":[{"not_picked":["Havoc","Heavy Blade"],"picked":"Power Through","floor":1.0},{"not_picked":["Thunderclap","Reckless Charge"],"picked":"Inflame","floor":2.0},{"not_picked":["Clash","Rupture"],"picked":"Armaments","floor":4.0},{"not_picked":["Twin Strike","Sentinel"],"picked":"True Grit","floor":5.0},{"not_picked":["Carnage","Havoc"],"picked":"Whirlwind","floor":7.0},{"not_picked":["Heavy Blade","Combust","Armaments"],"picked":"SKIP","floor":11.0},{"not_picked":["Dropkick","Havoc"],"picked":"Ghostly Armor","floor":13.0},{"not_picked":["Exhume","Bludgeon"],"picked":"Barricade","floor":16.0},{"not_picked":["Feel No Pain","Shrug It Off"],"picked":"Dual Wield","floor":18.0},{"not_picked":["True Grit","Anger"],"picked":"Spot Weakness","floor":19.0},{"not_picked":["Havoc+1","Carnage"],"picked":"Inflame","floor":20.0},{"not_picked":["Uppercut","Spot Weakness","Dropkick"],"picked":"SKIP","floor":24.0},{"not_picked":["Havoc","Anger"],"picked":"Power Through","floor":25.0},{"not_picked":["Twin Strike","Clash+1","Anger+1"],"picked":"SKIP","floor":27.0},{"not_picked":["Twin Strike","Reckless Charge","Perfected Strike+1"],"picked":"SKIP","floor":31.0},{"not_picked":["Reaper","Brutality"],"picked":"Limit Break","floor":33.0},{"not_picked":["Perfected Strike","Intimidate+1"],"picked":"Twin Strike+1","floor":35},{"not_picked":["Feel No Pain+1","Hemokinesis"],"picked":"Evolve+1","floor":37},{"not_picked":["Feel No Pain","Heavy Blade"],"picked":"Wild Strike+1","floor":39},{"not_picked":["Havoc","Heavy Blade"],"picked":"Headbutt+1","floor":41},{"not_picked":["True Grit+1","Pommel Strike","Infernal Blade+1"],"picked":"SKIP","floor":45},{"not_picked":["Warcry+1","Thunderclap","Anger"],"picked":"SKIP","floor":46}],"player_experience":79648,"relics_obtained":[{"floor":7.0,"key":"Magic Flower"},{"floor":9.0,"key":"Gremlin Horn"},{"floor":13.0,"key":"Potion Belt"},{"floor":25.0,"key":"Pen Nib"},{"floor":26.0,"key":"Bottled Flame"},{"floor":43,"key":"Darkstone Periapt"},{"floor":48,"key":"Girya"}],"event_choices":[{"event_name":"Living Wall","player_choice":"Forget","floor":3.0,"damage_taken":0.0},{"event_name":"Golden Wing","player_choice":"Card Removal","floor":10.0,"damage_taken":0.0},{"event_name":"The Cleric","player_choice":"Card Removal","floor":14.0,"damage_taken":0.0},{"event_name":"Golden Shrine","player_choice":"Pray","floor":21.0,"damage_taken":0.0},{"event_name":"Cursed Tome","player_choice":"Ignored","floor":30.0,"damage_taken":0.0},{"event_name":"MindBloom","player_choice":"Fight","floor":48,"damage_taken":0}],"is_beta":false,"boss_relics":[{"not_picked":["Black Star","Coffee Dripper"],"picked":"Eternal Feather"},{"not_picked":["Runic Cube","Runic Dome"],"picked":"Sozu"}],"items_purged_floors":[22,28,38],"is_endless":false,"potions_floor_spawned":[1,5,7,13,24,27,31,33,39,45],"ascension_level":6}