{"gold_per_floor":[109,109,34,109,129,145,156,167,467,150,179,179,94,128,128,231,231,241,341,256,355,96,96,115,115,115,115,127,127,138,150,150,248,248,261,261,261,261,274,274,22,22],"floor_reached":42,"playtime":1207,"items_purged":["Strike_R","Strike_R"],"score":536,"play_id":"766e61bd-a692-4990-9d35-273989f230a8","local_time":"20181027163918","is_ascension_mode":true,"campfire_choices":[{"data":"Whirlwind","floor":12,"key":"SMITH"},{"data":"Flex","floor":15,"key":"SMITH"},{"data":"Dramatic Entrance","floor":23,"key":"SMITH"},{"data":"Limit Break","floor":27,"key":"SMITH"},{"data":"Twin Strike","floor":32,"key":"SMITH"},{"data":"Double Tap","floor":40,"key":"SMITH"}],"neow_cost":"NONE","seed_source_timestamp":24976293228491,"circlet_count":0,"master_deck":["Strike_R","Strike_R","Strike_R","Defend_R","Defend_R","Defend_R","Defend_R","Bash","Shrug It Off","Twin Strike+1","Anger","Cleave","Flex+1","Whirlwind+1","Pommel Strike","Dramatic Entrance+1","Headbutt","Reaper","Limit Break+1","Spot Weakness+1","Dual Wield+1","Double Tap+1","Flex+1","Seeing Red"],"relics":["Burning Blood","NeowsBlessing","Old Coin","Question Card","Odd Mushroom","Dodecahedron","Sozu","Ice Cream","Shuriken","WingedGreaves","Velvet Choker","Bag of Marbles"],"potions_floor_usage":[11,16,31,42],"damage_taken":[{"damage":0,"enemies":"2 Louse","floor":1,"turns":1},{"damage":0,"enemies":"Jaw Worm","floor":5,"turns":1},{"damage":0,"enemies":"Small Slimes","floor":6,"turns":1},{"damage":8,"enemies":"3 Louse","floor":7,"turns":4},{"damage":13,"enemies":"Blue Slaver","floor":8,"turns":4},{"damage":8,"enemies":"The Mushroom Lair","floor":11,"turns":3},{"damage":10,"enemies":"3 Sentries","floor":14,"turns":4},{"damage":0,"enemies":"Slime Boss","floor":16,"turns":4},{"damage":7,"enemies":"Chosen","floor":18,"turns":3},{"damage":35,"enemies":"2 Thieves","floor":24,"turns":4},{"damage":13,"enemies":"Centurion and Healer","floor":28,"turns":3},{"damage":0,"enemies":"3 Cultists","floor":30,"turns":1},{"damage":22,"enemies":"Sentry and Sphere","floor":31,"turns":4},{"damage":81,"enemies":"Champ","floor":33,"turns":8},{"damage":4,"enemies":"Orb Walker","floor":35,"turns":3},{"damage":16,"enemies":"3 Shapes","floor":39,"turns":3},{"damage":83,"enemies":"Writhing Mass","floor":42,"turns":4}],"seed_played":"-964302370106970420","potions_obtained":[{"floor":6,"key":"EssenceOfSteel"},{"floor":11,"key":"EssenceOfSteel"},{"floor":14,"key":"PowerPotion"},{"floor":16,"key":"SpeedPotion"}],"is_trial":false,"path_per_floor":["M","?","$","?","M","M","M","M","T","$","?","R","$","E","R","B",null,"M","?","?","?","$","R","M","?","T","R","M","?","M","M","R","B",null,"M","?","$","?","M","R","$"],"character_chosen":"IRONCLAD","items_purchased":["Question Card","Whirlwind","Dramatic Entrance","Shuriken","Bag of Marbles"],"campfire_rested":0,"item_purchase_floors":[10,10,13,22,41],"current_hp_per_floor":[80,85,85,74,80,85,83,76,76,76,74,74,74,70,70,76,85,84,84,84,84,84,84,65,65,65,65,58,85,85,69,69,7,85,85,85,85,85,83,83,83,0],"gold":22,"neow_bonus":"THREE_ENEMY_KILL","is_prod":false,"is_daily":false,"chose_seed":false,"campfire_upgraded":6,"win_rate":0,"timestamp":1540618758,"path_taken":["M","?","$","?","M","M","M","M","T","$","?","R","?","E","R","BOSS","M","?","?","?","$","R","M","?","T","R","M","?","M","M","R","BOSS","M","?","$","?","M","R","$","M"],"build_version":"2018-10-25v2","purchased_purges":2,"victory":false,"max_hp_per_floor":[80,85,85,85,85,85,85,85,85,85,85,85,85,85,85,85,85,85,85,85,85,85,85,85,85,85,85,85,85,85,85,85,85,85,85,85,85,85,85,85,85,85],"card_choices":[{"not_picked":["Ghostly Armor","Flex"],"picked":"Shrug It Off","floor":1},{"not_picked":["Second Wind","Battle Trance"],"picked":"Twin Strike","floor":5},{"not_picked":["True Grit","Twin Strike"],"picked":"Anger","floor":6},{"not_picked":["Shrug It Off","Second Wind"],"picked":"Cleave","floor":7},{"not_picked":["Bloodletting","True Grit"],"picked":"Flex","floor":8},{"not_picked":["Barricade","Perfected Strike","Clothesline"],"picked":"Pommel Strike","floor":11},{"not_picked":["Whirlwind","Second Wind","Body Slam"],"picked":"Headbutt","floor":14},{"not_picked":["Exhume","Bludgeon","Brutality"],"picked":"Reaper","floor":16},{"not_picked":["Heavy Blade","Sever Soul+1","Sword Boomerang+1"],"picked":"Iron Wave","floor":18},{"not_picked":["Pommel Strike+1","Fire Breathing","Perfected Strike+1"],"picked":"Limit Break","floor":24},{"not_picked":["Havoc","Perfected Strike+1","Warcry"],"picked":"Battle Trance+1","floor":28},{"not_picked":["Wild Strike","Heavy Blade","Headbutt"],"picked":"Spot Weakness+1","floor":30},{"not_picked":["Disarm","Headbutt","Wild Strike+1"],"picked":"Dual Wield+1","floor":31},{"not_picked":["Exhume","Bludgeon","Feed"],"picked":"Double Tap","floor":33},{"not_picked":["Clothesline+1","Twin Strike","Wild Strike"],"picked":"Flex+1","floor":35},{"not_picked":["Combust+1","Juggernaut","Flex","True Grit"],"picked":"SKIP","floor":39}],"player_experience":125243,"relics_obtained":[{"floor":9,"key":"Old Coin"},{"floor":11,"key":"Odd Mushroom"},{"floor":14,"key":"Dodecahedron"},{"floor":26,"key":"WingedGreaves"}],"event_choices":[{"damage_healed":0,"gold_gain":0,"player_choice":"Donut","damage_taken":0,"max_hp_gain":5,"max_hp_loss":0,"event_name":"Big Fish","floor":2,"gold_loss":0},{"damage_healed":0,"gold_gain":75,"player_choice":"Gather Gold","damage_taken":11,"max_hp_gain":0,"max_hp_loss":0,"event_name":"World of Goop","floor":4,"gold_loss":0},{"damage_healed":0,"gold_gain":0,"player_choice":"Fought Mushrooms","damage_taken":0,"max_hp_gain":0,"max_hp_loss":0,"event_name":"Mushrooms","floor":11,"gold_loss":0},{"damage_healed":0,"gold_gain":100,"player_choice":"Pray","damage_taken":0,"max_hp_gain":0,"max_hp_loss":0,"event_name":"Golden Shrine","floor":19,"gold_loss":0},{"damage_healed":0,"gold_gain":0,"player_choice":"Obtained Relic","damage_taken":0,"relics_obtained":["Ice Cream"],"max_hp_gain":0,"max_hp_loss":0,"event_name":"Addict","floor":20,"gold_loss":85},{"damage_healed":0,"gold_gain":99,"player_choice":"Stole From Cult","damage_taken":0,"max_hp_gain":0,"max_hp_loss":0,"event_name":"Nest","floor":21,"gold_loss":0},{"damage_healed":0,"gold_gain":0,"player_choice":"Ignored","damage_taken":0,"max_hp_gain":0,"max_hp_loss":0,"event_name":"Ghosts","floor":25,"gold_loss":0},{"cards_removed":["Battle Trance"],"damage_healed":27,"gold_gain":0,"player_choice":"Offered Uncommon","damage_taken":0,"max_hp_gain":0,"max_hp_loss":0,"event_name":"Bonfire Elementals","floor":29,"gold_loss":0},{"damage_healed":0,"gold_gain":0,"cards_transformed":["Iron Wave"],"player_choice":"Transformed","damage_taken":0,"max_hp_gain":0,"max_hp_loss":0,"event_name":"Transmorgrifier","floor":36,"gold_loss":0,"cards_obtained":["Seeing Red"]},{"damage_healed":0,"gold_gain":0,"player_choice":"Got Potions","damage_taken":0,"max_hp_gain":0,"max_hp_loss":0,"event_name":"The Lab","floor":38,"gold_loss":0}],"is_beta":true,"boss_relics":[{"not_picked":["Empty Cage","Orrery"],"picked":"Sozu"},{"not_picked":["White Beast Statue","Philosopher\u0027s Stone"],"picked":"Velvet Choker"}],"items_purged_floors":[3,41],"is_endless":false,"potions_floor_spawned":[6,11,14,16,30,31,33],"killed_by":"Writhing Mass","ascension_level":3}