{"path_per_floor":["M","M","M","M","?","R","E","M","T","R","E","R","$","M","R","B",null,"M","?","M","?","T","E","R","$","T","R","?","M","R","E","R","B",null,"M","?","M","?","$","E","M","T","T","R","M","R","M","?","R","B"],"character_chosen":"THE_SILENT","items_purchased":["Shuriken","Infinite Blades"],"gold_per_floor":[109,122,139,157,257,257,286,296,296,296,321,321,34,45,45,141,141,151,151,170,95,95,123,123,48,48,48,48,58,58,88,88,187,187,201,0,12,12,12,43,55,55,55,55,69,69,86,86,86,86],"floor_reached":51,"campfire_rested":2,"playtime":4402,"current_hp_per_floor":[64,64,62,59,59,59,47,41,41,41,34,34,34,30,30,30,70,61,61,61,61,61,33,33,33,33,33,33,29,29,18,54,35,70,70,70,68,63,63,41,33,33,33,33,24,60,51,69,69,19],"items_purged":["Strike_G"],"gold":86,"score":748,"play_id":"b2569222-aef1-48b2-83d6-83937c16b82c","local_time":"20180523221334","is_prod":false,"is_daily":false,"chose_seed":false,"is_ascension_mode":false,"campfire_upgraded":6,"timestamp":1527077614,"campfire_choices":[{"data":"Crippling Poison","floor":6,"key":"SMITH"},{"data":"Infinite Blades","floor":10,"key":"SMITH"},{"data":"1","floor":12,"key":"LIFT"},{"data":"2","floor":15,"key":"LIFT"},{"data":"3","floor":24,"key":"LIFT"},{"data":"Infinite Blades","floor":27,"key":"SMITH"},{"data":"Distraction","floor":30,"key":"SMITH"},{"floor":32,"key":"REST"},{"data":"Mind Blast","floor":44,"key":"SMITH"},{"floor":46,"key":"REST"},{"data":"Finisher","floor":49,"key":"SMITH"}],"path_taken":["M","?","?","M","?","R","E","?","T","R","E","R","?","M","R","BOSS","M","?","?","?","?","E","R","$","T","R","?","M","R","E","R","BOSS","M","?","M","?","?","E","M","?","T","R","?","R","M","?","R","BOSS"],"build_version":"2018-05-17","seed_source_timestamp":43417565061792,"purchased_purges":1,"victory":true,"master_deck":["Defend_G+1","Defend_G+1","Defend_G+1","Defend_G+1","Defend_G+1","Strike_G+1","Strike_G+1","Strike_G+1","Strike_G+1","Survivor","Neutralize","Dodge and Roll","Outmaneuver","Infinite Blades+1","Crippling Poison+1","Finisher","Bane","Cloak And Dagger","Infinite Blades+1","Prepared","Burst","Flying Knee+1","Distraction+1","Finisher+1","Tools of the Trade","Riddle With Holes+1","Mind Blast+1","Secret Weapon","Dash+1","Choke+1","Cloak And Dagger+1","Infinite Blades+1","Writhe"],"max_hp_per_floor":[70,70,70,70,70,70,70,70,70,70,70,70,70,70,70,70,70,70,70,70,70,70,70,70,70,70,70,70,70,70,70,70,70,70,70,70,70,70,70,70,70,70,70,70,70,70,70,70,70,70],"relics":["Ring of the Snake","Girya","Bottled Flame","Vajra","Shuriken","Sozu","Boot","Sundial","Potion Belt","Regal Pillow","Runic Pyramid","Red Mask","Mummified Hand","Du-Vu Doll","Letter Opener"],"card_choices":[{"not_picked":["Sucker Punch","Backflip"],"picked":"Dodge and Roll","floor":1},{"not_picked":["Underhanded Strike","Deadly Poison"],"picked":"Outmaneuver","floor":2},{"not_picked":["Bane","PiercingWail"],"picked":"Infinite Blades","floor":3},{"not_picked":["Dagger Spray","Dodge and Roll"],"picked":"Crippling Poison","floor":4},{"not_picked":["PiercingWail","Backflip"],"picked":"Finisher","floor":7},{"not_picked":["Dagger Spray","Reflex"],"picked":"Bane","floor":8},{"not_picked":["Acrobatics","Outmaneuver"],"picked":"Cloak And Dagger","floor":11},{"not_picked":["Underhanded Strike","Outmaneuver"],"picked":"Prepared","floor":14},{"not_picked":["Bullet Time","Corpse Explosion"],"picked":"Burst","floor":16},{"not_picked":["Catalyst+1","Heel Hook+1"],"picked":"Flying Knee+1","floor":18},{"not_picked":["Flying Knee","Sucker Punch+1"],"picked":"Distraction","floor":20},{"not_picked":["Deadly Poison","Outmaneuver","Poisoned Stab"],"picked":"SKIP","floor":23},{"not_picked":["Footwork","Escape Plan","Riddle With Holes"],"picked":"SKIP","floor":29},{"not_picked":["Dagger Throw","Bane+1"],"picked":"Finisher","floor":31},{"not_picked":["Doppelganger","Wraith Form v2"],"picked":"Tools of the Trade","floor":33},{"not_picked":["Bane+1","Sucker Punch+1"],"picked":"Riddle With Holes+1","floor":35},{"not_picked":["Deadly Poison+1","Leg Sweep+1","Flying Knee"],"picked":"SKIP","floor":37},{"not_picked":["Finesse","Flash of Steel"],"picked":"Mind Blast","floor":38},{"not_picked":["Good Instincts","Blind"],"picked":"Secret Weapon","floor":38},{"not_picked":["Predator+1","Acrobatics+1"],"picked":"Dash+1","floor":40},{"not_picked":["Deadly Poison","Slice"],"picked":"Choke+1","floor":41},{"not_picked":["Prepared","Flying Knee+1"],"picked":"Cloak And Dagger+1","floor":45},{"not_picked":["Distraction","Cloak And Dagger"],"picked":"Infinite Blades+1","floor":47}],"player_experience":57203,"potions_floor_usage":[7,11,16,23,33],"damage_taken":[{"damage":6,"enemies":"Cultist","floor":1,"turns":4},{"damage":0,"enemies":"Jaw Worm","floor":2,"turns":5},{"damage":2,"enemies":"Small Slimes","floor":3,"turns":6},{"damage":3,"enemies":"Exordium Wildlife","floor":4,"turns":6},{"damage":12,"enemies":"Lagavulin","floor":7,"turns":6},{"damage":6,"enemies":"Blue Slaver","floor":8,"turns":5},{"damage":7,"enemies":"Gremlin Nob","floor":11,"turns":4},{"damage":4,"enemies":"Lots of Slimes","floor":14,"turns":5},{"damage":0,"enemies":"Slime Boss","floor":16,"turns":8},{"damage":9,"enemies":"Shell Parasite","floor":18,"turns":3},{"damage":0,"enemies":"3 Byrds","floor":20,"turns":4},{"damage":28,"enemies":"Slavers","floor":23,"turns":5},{"damage":4,"enemies":"Snecko","floor":29,"turns":4},{"damage":11,"enemies":"Book of Stabbing","floor":31,"turns":5},{"damage":19,"enemies":"Collector","floor":33,"turns":7},{"damage":0,"enemies":"3 Shapes","floor":35,"turns":3},{"damage":2,"enemies":"3 Darklings","floor":37,"turns":5},{"damage":22,"enemies":"2 Orb Walkers","floor":40,"turns":4},{"damage":8,"enemies":"Sphere and 2 Shapes","floor":41,"turns":4},{"damage":9,"enemies":"4 Shapes","floor":45,"turns":4},{"damage":9,"enemies":"3 Darklings","floor":47,"turns":4},{"damage":50,"enemies":"Donu and Deca","floor":50,"turns":6}],"relics_obtained":[{"floor":7,"key":"Girya"},{"floor":9,"key":"Bottled Flame"},{"floor":11,"key":"Vajra"},{"floor":22,"key":"Boot"},{"floor":23,"key":"Sundial"},{"floor":26,"key":"Potion Belt"},{"floor":31,"key":"Regal Pillow"},{"floor":40,"key":"Mummified Hand"},{"floor":42,"key":"Du-Vu Doll"},{"floor":43,"key":"Letter Opener"}],"event_choices":[{"event_name":"Golden Shrine","player_choice":"Pray","floor":5,"damage_taken":0},{"event_name":"Back to Basics","player_choice":"Simplicity","floor":19,"damage_taken":0},{"event_name":"Beggar","player_choice":"Gave Gold","floor":21,"damage_taken":0},{"event_name":"Addict","player_choice":"Ignored","floor":28,"damage_taken":0},{"event_name":"Tomb of Lord Red Mask","player_choice":"Paid","floor":36,"damage_taken":0},{"event_name":"SensoryStone","player_choice":"Memory 2","floor":38,"damage_taken":0},{"event_name":"Winding Halls","player_choice":"Writhe","floor":48,"damage_taken":0}],"boss_relics":[{"not_picked":["Philosopher\u0027s Stone","White Beast Statue"],"picked":"Sozu"},{"not_picked":["Velvet Choker","Astrolabe"],"picked":"Runic Pyramid"}],"potions_floor_spawned":[4,7,8,11,16,20,31,33,41,45],"seed_played":"324150031190231317","ascension_level":0,"potions_obtained":[{"floor":4,"key":"Poison Potion"},{"floor":7,"key":"LiquidBronze"},{"floor":8,"key":"SpeedPotion"},{"floor":11,"key":"PowerPotion"},{"floor":16,"key":"EssenceOfSteel"}],"is_trial":false}