{"path_per_floor":["M","M","?","M","M","R","M","R","T","M","?","$","E","M","R","B",null,"M","M","?","?","M","R","E","M","T"],"character_chosen":"IRONCLAD","items_purchased":["Molten Egg 2"],"gold_per_floor":[116,135,135,148,159,159,177,177,226,244,264,7,35,50,50,151,151,161,171,171,171,181,181,215,231,283,283],"floor_reached":27,"campfire_rested":0,"playtime":1068,"item_purchase_floors":[12],"current_hp_per_floor":[80,80,85,85,79,79,76,76,76,60,40,40,35,41,41,19,85,75,65,65,65,39,39,21,11,11,0],"items_purged":[],"gold":283,"score":249,"play_id":"e82f5648-af14-4c3d-adfc-d5713fa98ee6","local_time":"20180601210048","is_prod":false,"is_daily":false,"chose_seed":false,"is_ascension_mode":true,"campfire_upgraded":4,"win_rate":0,"timestamp":1527850848,"campfire_choices":[{"data":"Double Tap","floor":6,"key":"SMITH"},{"data":"Shockwave","floor":8,"key":"SMITH"},{"data":"Spot Weakness","floor":15,"key":"SMITH"},{"data":"Limit Break","floor":23,"key":"SMITH"}],"path_taken":["M","M","?","M","?","R","M","R","T","M","?","$","E","M","R","BOSS","M","M","?","?","M","R","E","M","T","E"],"build_version":"2018-05-30v2","seed_source_timestamp":41905953593640,"purchased_purges":0,"victory":false,"master_deck":["Strike_R","Strike_R","Strike_R","Strike_R","Strike_R+1","Defend_R","Defend_R","Defend_R","Defend_R","Bash","Pommel Strike","Shockwave+1","Double Tap+1","Headbutt","Heavy Blade+1","Spot Weakness+1","Limit Break+1","Inflame"],"max_hp_per_floor":[80,80,85,85,85,85,85,85,85,85,85,85,85,85,85,85,85,85,85,85,85,85,85,85,85,85,90],"relics":["Burning Blood","Omamori","Odd Mushroom","Molten Egg 2","Ornamental Fan","Velvet Choker","Dream Catcher","Matryoshka","Question Card","Bag of Marbles"],"card_choices":[{"not_picked":["Perfected Strike","Searing Blow"],"picked":"Pommel Strike","floor":1},{"not_picked":["Wild Strike","Clash"],"picked":"Shockwave","floor":2},{"not_picked":["Clash","Burning Pact","Wild Strike"],"picked":"SKIP","floor":4},{"not_picked":["Armaments","Thunderclap"],"picked":"Double Tap","floor":5},{"not_picked":["Combust","Burning Pact"],"picked":"Headbutt","floor":7},{"not_picked":["Perfected Strike","Shockwave","Headbutt"],"picked":"SKIP","floor":10},{"not_picked":["Uppercut+1","Sword Boomerang+1"],"picked":"Heavy Blade+1","floor":13},{"not_picked":["Seeing Red","Clothesline+1"],"picked":"Spot Weakness","floor":14},{"not_picked":["Double Tap","Reaper+1"],"picked":"Limit Break","floor":16},{"not_picked":["Pommel Strike+1","Havoc+1","Thunderclap+1"],"picked":"SKIP","floor":18},{"not_picked":["Blood for Blood+1","Clothesline+1","Flex"],"picked":"SKIP","floor":19},{"not_picked":["Sword Boomerang+1","Clash+1","Second Wind"],"picked":"SKIP","floor":22},{"not_picked":["Flame Barrier+1","Anger+1","Wild Strike+1"],"picked":"SKIP","floor":24},{"not_picked":["Flex","Berserk","Flame Barrier"],"picked":"SKIP","floor":25}],"player_experience":43720,"potions_floor_usage":[13,16,16,27],"damage_taken":[{"damage":2,"enemies":"2 Louse","floor":1,"turns":3},{"damage":0,"enemies":"Small Slimes","floor":2,"turns":3},{"damage":6,"enemies":"Jaw Worm","floor":4,"turns":4},{"damage":12,"enemies":"Lots of Slimes","floor":5,"turns":4},{"damage":9,"enemies":"3 Louse","floor":7,"turns":4},{"damage":22,"enemies":"Exordium Thugs","floor":10,"turns":5},{"damage":26,"enemies":"The Mushroom Lair","floor":11,"turns":5},{"damage":16,"enemies":"Gremlin Nob","floor":13,"turns":3},{"damage":0,"enemies":"Large Slime","floor":14,"turns":4},{"damage":28,"enemies":"The Guardian","floor":16,"turns":9},{"damage":16,"enemies":"Spheric Guardian","floor":18,"turns":4},{"damage":16,"enemies":"Chosen","floor":19,"turns":4},{"damage":32,"enemies":"Snake Plant","floor":22,"turns":4},{"damage":24,"enemies":"Book of Stabbing","floor":24,"turns":4},{"damage":16,"enemies":"Sentry and Sphere","floor":25,"turns":4},{"damage":17,"enemies":"Gremlin Leader","floor":27,"turns":2}],"relics_obtained":[{"floor":9,"key":"Omamori"},{"floor":11,"key":"Odd Mushroom"},{"floor":13,"key":"Ornamental Fan"},{"floor":24,"key":"Matryoshka"},{"floor":26,"key":"Question Card"},{"floor":26,"key":"Bag of Marbles"}],"event_choices":[{"event_name":"Big Fish","player_choice":"Donut","floor":3,"damage_taken":0},{"event_name":"Mushrooms","player_choice":"Fought Mushrooms","floor":11,"damage_taken":0},{"event_name":"The Mausoleum","player_choice":"Yes","floor":20,"damage_taken":0},{"event_name":"The Library","player_choice":"Read","floor":21,"damage_taken":0}],"boss_relics":[{"not_picked":["Lizard Tail","Tiny House"],"picked":"Velvet Choker"}],"items_purged_floors":[],"potions_floor_spawned":[4,7,10,11,13,22,25],"seed_played":"1431230589026455131","killed_by":"Gremlin Leader","ascension_level":1,"potions_obtained":[{"floor":4,"key":"SpeedPotion"},{"floor":7,"key":"Regen Potion"},{"floor":10,"key":"SmokeBomb"},{"floor":11,"key":"Poison Potion"},{"floor":13,"key":"SkillPotion"},{"floor":22,"key":"Swift Potion"},{"floor":25,"key":"Fruit Juice"}],"is_trial":false}