{"gold_per_floor":[18,18,37,50,50,50,75,92,92,104,120,120,148,164,164,260,260,277,260,83,94,108,108,118,129,129,139,139,151,151],"floor_reached":30,"playtime":4381,"items_purged":["Phantasmal Killer"],"score":300,"play_id":"5c77dd28-d772-4c56-aa6a-2eeecac8477e","local_time":"20190608224639","is_ascension_mode":true,"campfire_choices":[{"data":"Survivor","floor":6,"key":"SMITH"},{"floor":12,"key":"REST"},{"floor":15,"key":"REST"},{"floor":23,"key":"REST"},{"floor":28,"key":"REST"}],"neow_cost":"NO_GOLD","seed_source_timestamp":868099646830783,"circlet_count":0,"master_deck":["Defend_G","Defend_G","Defend_G+1","Defend_G","Strike_G","Survivor+1","Neutralize+1","Reflex","Dash+1","PiercingWail","Acrobatics","Blur","PiercingWail","Envenom","Deadly Poison","Envenom","After Image+1","Setup+1","Setup+1","Deadly Poison","Bouncing Flask+1","Noxious Fumes","Cloak And Dagger","Footwork","Poisoned Stab+1","Prepared","Dash+1","Infinite Blades+1","Backflip"],"relics":["Ring of the Snake","Snake Skull","Vajra","Molten Egg 2","Astrolabe","The Courier"],"potions_floor_usage":[16,18,19,22,29,29],"damage_taken":[{"damage":0,"enemies":"Small Slimes","floor":1,"turns":5},{"damage":8,"enemies":"2 Louse","floor":3,"turns":4},{"damage":0,"enemies":"Cultist","floor":4,"turns":3},{"damage":17,"enemies":"3 Sentries","floor":7,"turns":15},{"damage":0,"enemies":"Exordium Wildlife","floor":8,"turns":4},{"damage":0,"enemies":"3 Louse","floor":10,"turns":5},{"damage":0,"enemies":"2 Fungi Beasts","floor":11,"turns":4},{"damage":5,"enemies":"Lagavulin","floor":13,"turns":10},{"damage":11,"enemies":"Gremlin Gang","floor":14,"turns":6},{"damage":22,"enemies":"Hexaghost","floor":16,"turns":12},{"damage":10,"enemies":"3 Byrds","floor":18,"turns":7},{"damage":12,"enemies":"2 Thieves","floor":19,"turns":4},{"damage":20,"enemies":"Cultist and Chosen","floor":21,"turns":6},{"damage":10,"enemies":"Shelled Parasite and Fungi","floor":22,"turns":7},{"damage":16,"enemies":"3 Cultists","floor":24,"turns":7},{"damage":27,"enemies":"Centurion and Healer","floor":25,"turns":8},{"damage":7,"enemies":"Chosen and Byrds","floor":27,"turns":6},{"damage":11,"enemies":"Snecko","floor":29,"turns":6},{"damage":33,"enemies":"Cultist and Chosen","floor":30,"turns":4}],"seed_played":"-2739611111735962026","potions_obtained":[{"floor":4,"key":"Strength Potion"},{"floor":10,"key":"Explosive Potion"},{"floor":14,"key":"Regen Potion"},{"floor":16,"key":"EssenceOfSteel"},{"floor":18,"key":"Strength Potion"},{"floor":22,"key":"Ancient Potion"},{"floor":27,"key":"FearPotion"}],"is_trial":false,"path_per_floor":["?","?","M"],"character_chosen":"THE_SILENT","items_purchased":["Noxious Fumes","Cloak And Dagger"],"campfire_rested":4,"item_purchase_floors":[20,20],"current_hp_per_floor":[70,56,48,48,48,48,31,31,31,31,31,52,47,36,57,35,70,60,48,48,28,32,53,37,10,10,3,24,13,0],"gold":151,"neow_bonus":"TRANSFORM_TWO_CARDS","is_prod":false,"is_daily":false,"chose_seed":false,"campfire_upgraded":1,"win_rate":0,"timestamp":1560062799,"path_taken":["M","?","M","M","?","R","E","M","T","M","M","R","E","?","R","BOSS","M","M","$","M","M","R","M","M","T","M","R","M","M"],"build_version":"2019-01-23","purchased_purges":1,"victory":false,"max_hp_per_floor":[70,70,70,70,70,70,70,70,70,70,70,70,70,70,70,70,70,70,70,70,70,70,70,70,70,70,70,70,70,70],"card_choices":[{"not_picked":["Cloak And Dagger","Caltrops"],"picked":"Dash","floor":1},{"not_picked":["Slice","Deadly Poison"],"picked":"PiercingWail","floor":3},{"not_picked":["Deflect","Masterful Stab"],"picked":"Acrobatics","floor":4},{"not_picked":["Endless Agony","Flying Knee","Slice"],"picked":"SKIP","floor":7},{"not_picked":["Backflip","Bane"],"picked":"Blur","floor":8},{"not_picked":["Choke","Poisoned Stab"],"picked":"PiercingWail","floor":10},{"not_picked":["Poisoned Stab","Finisher"],"picked":"Envenom","floor":11},{"not_picked":["Expertise","Blade Dance","Sucker Punch"],"picked":"SKIP","floor":13},{"not_picked":["Setup","Dodge and Roll"],"picked":"Deadly Poison","floor":14},{"not_picked":["Tools of the Trade","Storm of Steel"],"picked":"Envenom","floor":16},{"not_picked":["Expertise+1","Deflect"],"picked":"Deadly Poison","floor":18},{"not_picked":["Backflip+1","Flying Knee+1"],"picked":"Bouncing Flask+1","floor":19},{"not_picked":["Backflip","Deadly Poison"],"picked":"Footwork","floor":21},{"not_picked":["Accuracy","Flying Knee+1"],"picked":"Poisoned Stab+1","floor":22},{"not_picked":["Bane+1","Deadly Poison"],"picked":"Prepared","floor":24},{"not_picked":["Bane+1","Acrobatics"],"picked":"Dash+1","floor":25},{"not_picked":["Bane+1","Poisoned Stab+1"],"picked":"Infinite Blades+1","floor":27},{"not_picked":["Bouncing Flask","Choke+1"],"picked":"Backflip","floor":29}],"player_experience":391763,"relics_obtained":[{"floor":7,"key":"Snake Skull"},{"floor":9,"key":"Vajra"},{"floor":13,"key":"Molten Egg 2"},{"floor":26,"key":"The Courier"}],"event_choices":[{"damage_healed":0,"gold_gain":0,"player_choice":"Entered Light","damage_taken":14,"max_hp_gain":0,"max_hp_loss":0,"event_name":"Shining Light","floor":2,"gold_loss":0,"cards_upgraded":["Defend_G","Dash"]},{"damage_healed":0,"gold_gain":0,"player_choice":"Upgraded","damage_taken":0,"max_hp_gain":0,"max_hp_loss":0,"event_name":"Upgrade Shrine","floor":5,"gold_loss":0,"cards_upgraded":["Neutralize"]}],"is_beta":false,"boss_relics":[{"not_picked":["Busted Crown","Sozu"],"picked":"Astrolabe"}],"items_purged_floors":[20],"is_endless":false,"potions_floor_spawned":[4,10,14,16,18,22,27],"killed_by":"Cultist and Chosen","ascension_level":4}