{"gold_per_floor":[14,289,305,316,391,416,416,479,550,550],"floor_reached":10,"playtime":612,"items_purged":[],"score":122,"play_id":"eec06b1d-8d9e-4f19-92df-37f784bbb6e6","local_time":"20190531202201","is_ascension_mode":true,"campfire_choices":[{"data":"Defragment","floor":7,"key":"SMITH"}],"neow_cost":"NO_GOLD","seed_source_timestamp":437766079952100,"circlet_count":0,"master_deck":["AscendersBane","Strike_B","Strike_B","Defend_B","Defend_B","Defend_B","Defend_B","Zap","Dualcast","Ball Lightning","FTL","Cold Snap","Regret","Glacier","Lockon","Defragment+1","Conserve Battery"],"relics":["Cracked Core","Potion Belt","Centennial Puzzle","Molten Egg 2"],"potions_floor_usage":[10],"damage_taken":[{"damage":0,"enemies":"Small Slimes","floor":1,"turns":2},{"damage":2,"enemies":"Cultist","floor":3,"turns":4},{"damage":4,"enemies":"2 Louse","floor":4,"turns":4},{"damage":18,"enemies":"Lagavulin","floor":6,"turns":7},{"damage":8,"enemies":"Gremlin Nob","floor":8,"turns":4},{"damage":23,"enemies":"3 Sentries","floor":10,"turns":2}],"seed_played":"-1936345338409158049","potions_obtained":[{"floor":3,"key":"SteroidPotion"},{"floor":6,"key":"SpeedPotion"}],"is_trial":false,"path_per_floor":["M","?","M","M","?","E","R","?","T","E"],"character_chosen":"DEFECT","items_purchased":[],"campfire_rested":0,"item_purchase_floors":[],"current_hp_per_floor":[64,64,62,58,47,29,29,21,21,0],"gold":550,"neow_bonus":"TRANSFORM_TWO_CARDS","is_prod":false,"is_daily":false,"chose_seed":false,"campfire_upgraded":1,"win_rate":0,"timestamp":1559355721,"path_taken":["M","?","M","?","?","E","R","?","T","E"],"build_version":"2019-01-23","purchased_purges":0,"victory":false,"max_hp_per_floor":[71,71,71,71,71,71,71,71,71,71],"card_choices":[{"not_picked":["Sweeping Beam","Gash"],"picked":"Cold Snap","floor":1},{"not_picked":["Turbo","Sweeping Beam"],"picked":"Glacier","floor":3},{"not_picked":["Redo","Leap"],"picked":"Lockon","floor":4},{"not_picked":["Meteor Strike","Conserve Battery"],"picked":"Defragment","floor":6},{"not_picked":["Go for the Eyes","Gash"],"picked":"Conserve Battery","floor":8}],"player_experience":838172,"relics_obtained":[{"floor":6,"key":"Potion Belt"},{"floor":8,"key":"Centennial Puzzle"},{"floor":9,"key":"Molten Egg 2"}],"event_choices":[{"damage_healed":0,"gold_gain":275,"player_choice":"Desecrate","damage_taken":0,"max_hp_gain":0,"max_hp_loss":0,"event_name":"Golden Shrine","floor":2,"gold_loss":0,"cards_obtained":["Regret"]},{"damage_healed":0,"gold_gain":75,"player_choice":"Gather Gold","damage_taken":11,"max_hp_gain":0,"max_hp_loss":0,"event_name":"World of Goop","floor":5,"gold_loss":0},{"damage_healed":0,"gold_gain":0,"player_choice":"Searched \u00271\u0027 times","damage_taken":0,"max_hp_gain":0,"max_hp_loss":0,"event_name":"Dead Adventurer","floor":8,"gold_loss":0}],"is_beta":false,"boss_relics":[],"items_purged_floors":[],"is_endless":false,"potions_floor_spawned":[3,6],"killed_by":"3 Sentries","ascension_level":17}