{"gold_per_floor":[109,120,70,70,145,145,176,191,191,221,221,221,122,140,140,238,238,249,101,91,6,26,26,26],"floor_reached":24,"playtime":871,"items_purged":["Strike_G"],"score":344,"play_id":"93526cc3-e139-4df8-a870-159e45f7bcc2","local_time":"20190605203914","is_ascension_mode":true,"campfire_choices":[{"data":"Neutralize","floor":6.0,"key":"SMITH"},{"floor":12,"key":"REST"},{"data":"Noxious Fumes","floor":15,"key":"SMITH"},{"floor":23,"key":"REST"}],"neow_cost":"NONE","seed_source_timestamp":4306115481418501,"circlet_count":0,"master_deck":["AscendersBane","Defend_G","Defend_G","Defend_G","Defend_G","Defend_G","Survivor","Neutralize+1","Poisoned Stab","Sucker Punch","Slice","Noxious Fumes+1","Backflip+1","Backflip+1","Wraith Form v2","Deadly Poison+1"],"special_seed":0,"relics":["Ring of the Snake","NeowsBlessing","Tingsha","Omamori","Gremlin Horn","Toxic Egg 2","Empty Cage","Bird Faced Urn"],"potions_floor_usage":[10,16,16,24],"damage_taken":[{"damage":0.0,"enemies":"Small Slimes","floor":1.0,"turns":1.0},{"damage":0.0,"enemies":"2 Louse","floor":2.0,"turns":1.0},{"damage":0.0,"enemies":"Gremlin Nob","floor":7.0,"turns":1.0},{"damage":0.0,"enemies":"Jaw Worm","floor":8.0,"turns":3.0},{"damage":14,"enemies":"Lagavulin","floor":10,"turns":6},{"damage":2,"enemies":"2 Fungi Beasts","floor":14,"turns":3},{"damage":36,"enemies":"Slime Boss","floor":16,"turns":11},{"damage":14,"enemies":"3 Byrds","floor":18,"turns":5},{"damage":17,"enemies":"2 Thieves","floor":20,"turns":4},{"damage":16,"enemies":"Snake Plant","floor":22,"turns":5},{"damage":35,"enemies":"Gremlin Leader","floor":24,"turns":6}],"seed_played":"1576668623711731345","potions_obtained":[{"floor":1.0,"key":"LiquidBronze"},{"floor":7.0,"key":"Strength Potion"},{"floor":8.0,"key":"GhostInAJar"},{"floor":22,"key":"SteroidPotion"}],"is_trial":false,"path_per_floor":["M","M","?","?","?","R","E","M","T","E","?","R","$","M","R","B",null,"M","$","M","?","M","R","E"],"character_chosen":"THE_SILENT","items_purchased":["Backflip+1","Explosive Potion","GhostInAJar"],"campfire_rested":2,"item_purchase_floors":[13,13,19],"current_hp_per_floor":[63,63,63,51,40,40,40,40,40,26,19,40,40,38,38,2,53,39,39,22,22,8,29,0],"gold":26,"neow_bonus":"THREE_ENEMY_KILL","is_prod":false,"is_daily":false,"chose_seed":false,"campfire_upgraded":2,"win_rate":0,"timestamp":1559781554,"path_taken":["M","M","?","?","?","R","E","M","T","E","?","R","$","M","R","BOSS","M","$","M","?","M","R","E"],"build_version":"2019-01-23","purchased_purges":1,"victory":false,"max_hp_per_floor":[70,70,70,70,70,70,70,70,70,70,70,70,70,70,70,70,70,70,70,70,70,70,70,70],"card_choices":[{"not_picked":["Calculated Gamble","Dodge and Roll"],"picked":"Poisoned Stab","floor":1.0},{"not_picked":["Eviscerate","Blade Dance"],"picked":"Sucker Punch","floor":2.0},{"not_picked":["Accuracy","Endless Agony"],"picked":"Slice","floor":7.0},{"not_picked":["Slice","Underhanded Strike"],"picked":"Noxious Fumes","floor":8.0},{"not_picked":["Choke","Slice","Poisoned Stab"],"picked":"SKIP","floor":10},{"not_picked":["Escape Plan+1","Dagger Throw"],"picked":"Backflip+1","floor":14},{"not_picked":["Burst+1","Bullet Time+1"],"picked":"Wraith Form v2","floor":16},{"not_picked":["Acrobatics+1","Slice"],"picked":"Deadly Poison+1","floor":18},{"not_picked":["Deflect+1","Acrobatics+1","Bouncing Flask+1"],"picked":"SKIP","floor":20},{"not_picked":["Outmaneuver+1","Underhanded Strike","Flying Knee"],"picked":"SKIP","floor":22}],"player_experience":182197,"relics_obtained":[{"floor":7.0,"key":"Omamori"},{"floor":9.0,"key":"Gremlin Horn"},{"floor":10,"key":"Toxic Egg 2"}],"event_choices":[{"cards_removed":["Strike_G"],"damage_healed":0.0,"max_hp_gain":0.0,"max_hp_loss":0.0,"gold_gain":0.0,"event_name":"The Cleric","player_choice":"Card Removal","floor":3.0,"gold_loss":50.0,"damage_taken":0.0},{"damage_healed":0.0,"max_hp_gain":0.0,"max_hp_loss":0.0,"gold_gain":0.0,"event_name":"Scrap Ooze","player_choice":"Success","floor":4.0,"gold_loss":0.0,"damage_taken":12.0,"relics_obtained":["Tingsha"]},{"damage_healed":0.0,"max_hp_gain":0.0,"max_hp_loss":0.0,"gold_gain":75.0,"event_name":"World of Goop","player_choice":"Gather Gold","floor":5.0,"gold_loss":0.0,"damage_taken":11.0},{"cards_removed":["Strike_G"],"damage_healed":0,"gold_gain":0,"player_choice":"Card Removal","damage_taken":7,"max_hp_gain":0,"max_hp_loss":0,"event_name":"Golden Wing","floor":11,"gold_loss":0},{"damage_healed":0,"gold_gain":0,"player_choice":"Obtained Relic","damage_taken":0,"relics_obtained":["Bird Faced Urn"],"max_hp_gain":0,"max_hp_loss":0,"event_name":"Addict","floor":21,"gold_loss":85}],"is_beta":false,"boss_relics":[{"not_picked":["Pandora\u0027s Box","Snecko Eye"],"picked":"Empty Cage"}],"items_purged_floors":[19],"is_endless":false,"potions_floor_spawned":[1,7,8,22],"killed_by":"Gremlin Leader","ascension_level":10}