{"gold_per_floor":[114,131,142,162,182,182,200,217,217,230,230,195,195,215,215,317,317,336,336,96,96,96],"floor_reached":22,"playtime":745,"items_purged":[],"score":205,"play_id":"2fc38717-f7bd-4884-9d94-e9c1e0ee8661","local_time":"20181103110722","is_ascension_mode":false,"campfire_choices":[{"floor":6,"key":"RECALL"},{"floor":11,"key":"REST"},{"data":"Infinite Blades","floor":15,"key":"SMITH"}],"neow_cost":"NONE","seed_source_timestamp":22767240436435,"circlet_count":0,"master_deck":["Defend_G","Defend_G","Defend_G","Defend_G","Defend_G","Survivor","Neutralize","Noxious Fumes","Bane","Cloak And Dagger","Corpse Explosion","Infinite Blades+1","Prepared","Bouncing Flask","Outmaneuver","Dodge and Roll","Bite","Bite","Bite","Bite","Bite"],"relics":["Philosopher\u0027s Stone","Runic Pyramid","MutagenicStrength","Gremlin Horn"],"potions_floor_usage":[3,4,18],"damage_taken":[{"damage":2,"enemies":"2 Louse","floor":1,"turns":3},{"damage":0,"enemies":"Jaw Worm","floor":2,"turns":5},{"damage":3,"enemies":"Cultist","floor":3,"turns":3},{"damage":25,"enemies":"Exordium Thugs","floor":4,"turns":7},{"damage":9,"enemies":"Blue Slaver","floor":5,"turns":3},{"damage":9,"enemies":"3 Louse","floor":7,"turns":3},{"damage":2,"enemies":"Red Slaver","floor":8,"turns":4},{"damage":4,"enemies":"Large Slime","floor":10,"turns":4},{"damage":0,"enemies":"Looter","floor":14,"turns":3},{"damage":38,"enemies":"The Guardian","floor":16,"turns":10},{"damage":29,"enemies":"2 Thieves","floor":18,"turns":5},{"damage":47,"enemies":"3 Byrds","floor":22,"turns":2}],"seed_played":"6962557608755919827","potions_obtained":[{"floor":1,"key":"PowerPotion"},{"floor":2,"key":"Swift Potion"},{"floor":3,"key":"GamblersBrew"},{"floor":8,"key":"FairyPotion"},{"floor":14,"key":"Weak Potion"}],"is_trial":false,"path_per_floor":["M","M","M","M","M","R","M","M","T","M","R","?","$","M","R","B",null,"M","?","$","?","M"],"character_chosen":"THE_SILENT","items_purchased":["Gremlin Horn"],"campfire_rested":1,"item_purchase_floors":[20],"current_hp_per_floor":[68,68,65,40,31,31,22,20,20,16,37,54,54,54,54,16,70,41,41,41,41,0],"gold":96,"neow_bonus":"BOSS_RELIC","is_prod":false,"is_daily":false,"chose_seed":false,"campfire_upgraded":1,"win_rate":0,"timestamp":1541203642,"path_taken":["M","M","M","M","M","R","M","M","T","M","R","?","$","M","R","BOSS","M","?","$","?","M"],"build_version":"2018-11-02","purchased_purges":0,"victory":false,"max_hp_per_floor":[70,70,70,70,70,70,70,70,70,70,70,70,70,70,70,70,70,70,70,70,49,49],"card_choices":[{"not_picked":["Deadly Poison","Distraction"],"picked":"Noxious Fumes","floor":1},{"not_picked":["Sucker Punch","Prepared"],"picked":"Bane","floor":2},{"not_picked":["Flying Knee","Prepared"],"picked":"Cloak And Dagger","floor":3},{"not_picked":["Expertise","Terror"],"picked":"Corpse Explosion","floor":4},{"not_picked":["Cloak And Dagger","Well Laid Plans"],"picked":"Infinite Blades","floor":5},{"not_picked":["Leg Sweep","Infinite Blades"],"picked":"Prepared","floor":7},{"not_picked":["Backflip","Flying Knee"],"picked":"Bouncing Flask","floor":8},{"not_picked":["Bane","Flechettes"],"picked":"Outmaneuver","floor":10},{"not_picked":["Finisher","Heel Hook","Noxious Fumes"],"picked":"SKIP","floor":14},{"not_picked":["Predator","Quick Slash"],"picked":"Dodge and Roll","floor":18}],"player_experience":167751,"relics_obtained":[],"event_choices":[{"damage_healed":17,"gold_gain":0,"player_choice":"Healed","damage_taken":0,"max_hp_gain":0,"max_hp_loss":0,"event_name":"The Cleric","floor":12,"gold_loss":35},{"damage_healed":0,"gold_gain":0,"player_choice":"Inject Mutagens","damage_taken":0,"relics_obtained":["MutagenicStrength"],"max_hp_gain":0,"max_hp_loss":0,"event_name":"Drug Dealer","floor":19,"gold_loss":0},{"damage_healed":0,"gold_gain":0,"player_choice":"Became a vampire","damage_taken":0,"max_hp_gain":0,"max_hp_loss":21,"event_name":"Vampires","floor":21,"gold_loss":0,"cards_obtained":["Bite","Bite","Bite","Bite","Bite"]}],"is_beta":true,"boss_relics":[{"not_picked":["Busted Crown","Snecko Eye"],"picked":"Runic Pyramid"}],"items_purged_floors":[],"is_endless":false,"potions_floor_spawned":[1,2,3,8,14],"killed_by":"3 Byrds","ascension_level":0}