{"gold_per_floor":[112,112,130,146,165,197,197,209,209,224,192,208,228,243,243,346,346,364,281,281,246,264,264,284,284,284,132,132,152,152,162,162,259,259,278,294,294,294,310,345,363,396,396,409,423,423,437,454,454,454,454,454,402,402],"floor_reached":54,"playtime":3845,"items_purged":[],"score":713,"play_id":"0dd1aa77-673c-4ec5-869e-42b120e27705","local_time":"20181104000338","is_ascension_mode":false,"campfire_choices":[{"floor":7,"key":"REST"},{"floor":15,"key":"REST"},{"floor":23,"key":"RECALL"},{"data":"After Image","floor":25,"key":"SMITH"},{"data":"Infinite Blades","floor":30,"key":"SMITH"},{"data":"Infinite Blades","floor":32,"key":"SMITH"},{"floor":46,"key":"REST"},{"floor":49,"key":"REST"},{"data":"Cloak And Dagger","floor":52,"key":"SMITH"}],"neow_cost":"NONE","seed_source_timestamp":2930680958896,"circlet_count":0,"master_deck":["Defend_G","Defend_G","Defend_G","Defend_G","Defend_G","Strike_G","Strike_G","Strike_G","Strike_G","Strike_G","Survivor","Neutralize","Dodge and Roll","Swift Strike","Deflect","Infinite Blades+1","Outmaneuver","Leg Sweep","Heel Hook","Terror","Infinite Blades+1","Dash","Flechettes","After Image+1","Dagger Spray","Dramatic Entrance","Backflip","Dodge and Roll+1","Flying Knee","Slice+1","Outmaneuver+1","Cloak And Dagger+1","Underhanded Strike+1","Slice+1","PiercingWail+1","Dramatic Entrance","Parasite","Backflip+1","Footwork+1","Sucker Punch+1","Well Laid Plans+1","Parasite"],"relics":["White Beast Statue","Peace Pipe","Kunai","Busted Crown","Prayer Wheel","Bag of Marbles","WristBlade","Ginger","Sundial"],"potions_floor_usage":[16,18,18,21,22,29,33,36,36,39,41,47,48,50,54],"damage_taken":[{"damage":5,"enemies":"2 Louse","floor":1,"turns":3},{"damage":0,"enemies":"Cultist","floor":3,"turns":4},{"damage":0,"enemies":"Small Slimes","floor":4,"turns":4},{"damage":4,"enemies":"Red Slaver","floor":5,"turns":5},{"damage":48,"enemies":"Gremlin Nob","floor":6,"turns":6},{"damage":4,"enemies":"2 Fungi Beasts","floor":8,"turns":5},{"damage":2,"enemies":"Large Slime","floor":10,"turns":8},{"damage":4,"enemies":"Exordium Thugs","floor":11,"turns":5},{"damage":0,"enemies":"Red Slaver","floor":12,"turns":5},{"damage":6,"enemies":"Blue Slaver","floor":13,"turns":4},{"damage":3,"enemies":"2 Fungi Beasts","floor":14,"turns":5},{"damage":25,"enemies":"Slime Boss","floor":16,"turns":8},{"damage":0,"enemies":"3 Byrds","floor":18,"turns":6},{"damage":0,"enemies":"2 Thieves","floor":21,"turns":5},{"damage":34,"enemies":"Chosen and Byrds","floor":22,"turns":10},{"damage":9,"enemies":"Centurion and Healer","floor":24,"turns":8},{"damage":5,"enemies":"Snecko","floor":29,"turns":7},{"damage":0,"enemies":"3 Cultists","floor":31,"turns":6},{"damage":28,"enemies":"Automaton","floor":33,"turns":15},{"damage":0,"enemies":"3 Darklings","floor":35,"turns":9},{"damage":10,"enemies":"3 Shapes","floor":36,"turns":4},{"damage":12,"enemies":"Writhing Mass","floor":39,"turns":11},{"damage":9,"enemies":"Nemesis","floor":40,"turns":9},{"damage":12,"enemies":"3 Darklings","floor":41,"turns":4},{"damage":20,"enemies":"Giant Head","floor":42,"turns":12},{"damage":2,"enemies":"Maw","floor":44,"turns":8},{"damage":11,"enemies":"Sphere and 2 Shapes","floor":45,"turns":4},{"damage":6,"enemies":"Jaw Worm Horde","floor":47,"turns":3},{"damage":12,"enemies":"Writhing Mass","floor":48,"turns":7},{"damage":11,"enemies":"Awakened One","floor":50,"turns":22},{"damage":82,"enemies":"Shield and Spear","floor":54,"turns":8}],"seed_played":"6377863733531379568","potions_obtained":[{"floor":1,"key":"PowerPotion"},{"floor":3,"key":"SpeedPotion"},{"floor":4,"key":"PowerPotion"},{"floor":16,"key":"Block Potion"},{"floor":18,"key":"AttackPotion"},{"floor":21,"key":"Regen Potion"},{"floor":22,"key":"Fire Potion"},{"floor":24,"key":"EssenceOfSteel"},{"floor":29,"key":"PowerPotion"},{"floor":33,"key":"Dexterity Potion"},{"floor":35,"key":"PowerPotion"},{"floor":36,"key":"SkillPotion"},{"floor":39,"key":"GhostInAJar"},{"floor":40,"key":"PowerPotion"},{"floor":41,"key":"Strength Potion"},{"floor":45,"key":"PowerPotion"},{"floor":47,"key":"SpeedPotion"},{"floor":48,"key":"Block Potion"}],"is_trial":false,"path_per_floor":["M","?","M","M","M","E","R","M","T","M","M","M","M","M","R","B",null,"M","$","?","M","M","R","M","R","T","$","?","M","R","M","R","B",null,"M","M","?","?","M","E","M","E","T","M","M","R","M","M","R","B",null,"R","$","E"],"character_chosen":"THE_SILENT","items_purchased":["Dramatic Entrance","Bag of Marbles","PowerPotion"],"campfire_rested":4,"item_purchase_floors":[19,27,53],"current_hp_per_floor":[65,65,65,65,61,13,34,30,30,28,24,24,18,15,36,11,70,70,70,70,70,45,45,36,36,36,36,80,75,75,75,75,47,80,80,70,70,70,58,49,37,17,17,15,4,28,22,10,34,23,80,80,80,0],"gold":402,"neow_bonus":"BOSS_RELIC","is_prod":false,"is_daily":false,"chose_seed":false,"campfire_upgraded":4,"win_rate":0,"timestamp":1541250218,"path_taken":["M","?","M","M","M","E","R","M","T","M","M","?","?","M","R","BOSS","M","$","?","M","M","R","M","R","T","$","?","?","R","M","R","BOSS","M","M","?","?","M","E","?","E","T","M","M","R","M","M","R","BOSS","R","$","E"],"build_version":"2018-11-02","purchased_purges":0,"victory":false,"max_hp_per_floor":[70,70,70,70,70,70,70,70,70,70,70,70,70,70,70,70,70,70,70,70,70,70,70,70,70,70,70,80,80,80,80,80,80,80,80,80,80,80,80,80,80,80,80,80,80,80,80,80,80,80,80,80,80,80],"card_choices":[{"not_picked":["Sucker Punch","Catalyst"],"picked":"Dodge and Roll","floor":1},{"not_picked":["Prepared","Dodge and Roll"],"picked":"Deflect","floor":3},{"not_picked":["Dodge and Roll","Noxious Fumes"],"picked":"Infinite Blades","floor":4},{"not_picked":["Expertise","Bane"],"picked":"Outmaneuver","floor":5},{"not_picked":["Acrobatics","Catalyst"],"picked":"Leg Sweep","floor":6},{"not_picked":["Riddle With Holes","Slice"],"picked":"Sucker Punch","floor":8},{"not_picked":["PiercingWail","Bane"],"picked":"Heel Hook","floor":10},{"not_picked":["Bane","Endless Agony"],"picked":"Terror","floor":11},{"not_picked":["Burst","PiercingWail"],"picked":"Infinite Blades","floor":12},{"not_picked":["Prepared","Outmaneuver"],"picked":"Dash","floor":13},{"not_picked":["Acrobatics","Backflip"],"picked":"Flechettes","floor":14},{"not_picked":["Corpse Explosion","A Thousand Cuts"],"picked":"After Image","floor":16},{"not_picked":[],"picked":"Dagger Spray","floor":18},{"not_picked":[],"picked":"Backflip","floor":21},{"not_picked":[],"picked":"Dodge and Roll+1","floor":22},{"not_picked":["Backflip"],"picked":"SKIP","floor":24},{"not_picked":[],"picked":"Flying Knee","floor":29},{"not_picked":[],"picked":"Slice+1","floor":29},{"not_picked":[],"picked":"Outmaneuver+1","floor":31},{"not_picked":[],"picked":"Cloak And Dagger","floor":31},{"not_picked":[],"picked":"Underhanded Strike+1","floor":35},{"not_picked":[],"picked":"Slice+1","floor":35},{"not_picked":[],"picked":"PiercingWail+1","floor":36},{"not_picked":["Outmaneuver"],"picked":"SKIP","floor":36},{"not_picked":[],"picked":"Backflip+1","floor":39},{"not_picked":["Underhanded Strike"],"picked":"SKIP","floor":39},{"not_picked":["Backflip"],"picked":"SKIP","floor":40},{"not_picked":[],"picked":"Footwork+1","floor":41},{"not_picked":["Night Terror"],"picked":"SKIP","floor":41},{"not_picked":["Terror"],"picked":"SKIP","floor":42},{"not_picked":[],"picked":"Sucker Punch+1","floor":44},{"not_picked":["Bane"],"picked":"SKIP","floor":44},{"not_picked":[],"picked":"Well Laid Plans+1","floor":45},{"not_picked":["Quick Slash"],"picked":"SKIP","floor":45},{"not_picked":["Cloak And Dagger"],"picked":"SKIP","floor":47},{"not_picked":["Sucker Punch+1"],"picked":"SKIP","floor":47},{"not_picked":["Cloak And Dagger"],"picked":"SKIP","floor":48},{"not_picked":["Sucker Punch"],"picked":"SKIP","floor":48}],"player_experience":170933,"relics_obtained":[{"floor":6,"key":"Peace Pipe"},{"floor":9,"key":"Kunai"},{"floor":26,"key":"Prayer Wheel"},{"floor":40,"key":"Ginger"},{"floor":42,"key":"Sundial"}],"event_choices":[{"damage_healed":0,"gold_gain":0,"player_choice":"2 cards matched","damage_taken":0,"max_hp_gain":0,"max_hp_loss":0,"event_name":"Match and Keep!","floor":2,"gold_loss":0,"cards_obtained":["A Thousand Cuts","Swift Strike"]},{"damage_healed":0,"gold_gain":0,"player_choice":"Ignored","damage_taken":0,"max_hp_gain":0,"max_hp_loss":0,"event_name":"Beggar","floor":20,"gold_loss":0},{"cards_removed":["A Thousand Cuts"],"damage_healed":34,"gold_gain":0,"player_choice":"Offered Rare","damage_taken":0,"max_hp_gain":10,"max_hp_loss":0,"event_name":"Bonfire Elementals","floor":28,"gold_loss":0},{"cards_removed":["Sucker Punch"],"damage_healed":0,"gold_gain":0,"player_choice":"Removed Attack","damage_taken":0,"max_hp_gain":0,"max_hp_loss":0,"event_name":"Falling","floor":37,"gold_loss":0},{"damage_healed":0,"gold_gain":0,"player_choice":"Copied","damage_taken":0,"max_hp_gain":0,"max_hp_loss":0,"event_name":"Duplicator","floor":38,"gold_loss":0,"cards_obtained":["Dramatic Entrance"]}],"is_beta":true,"boss_relics":[{"not_picked":["Tiny House","Sozu"],"picked":"Busted Crown"},{"not_picked":["Coffee Dripper","Runic Pyramid"],"picked":"WristBlade"}],"items_purged_floors":[],"is_endless":false,"potions_floor_spawned":[1,3,4,5,6,8,10,11,12,13,14,16,18,21,22,24,29,31,33,35,36,39,40,41,42,44,45,47,48],"killed_by":"Shield and Spear","ascension_level":0}