{"gold_per_floor":[113,24,74,74,87,113,113,113,139,139,139,154,154,168,168,242,242,242,142,142,142,57,57,57,57,57,57,57,57,57,57,57,57,57,57,57,57,57,57,57,57,57,57,57,57,57,57,57,57,57],"floor_reached":50,"playtime":1829,"items_purged":[],"score":990,"play_id":"980b9c19-38c0-4df0-9284-0475f867adb8","local_time":"20190526222014","is_ascension_mode":true,"campfire_choices":[{"data":"Uppercut","floor":7.0,"key":"SMITH"},{"data":"Cleave","floor":10.0,"key":"SMITH"},{"data":"Limit Break","floor":15.0,"key":"SMITH"},{"floor":23.0,"key":"REST"},{"floor":30.0,"key":"REST"},{"floor":32.0,"key":"REST"},{"floor":40.0,"key":"REST"},{"data":"Inflame","floor":42.0,"key":"SMITH"},{"floor":49,"key":"REST"}],"neow_cost":"NONE","seed_source_timestamp":109885441272571,"circlet_count":0,"master_deck":["AscendersBane","Strike_R","Strike_R","Strike_R","Strike_R","Defend_R","Defend_R","Defend_R","Bash+1","Clash+1","Uppercut+1","Ghostly Armor","Cleave+1","Limit Break+1","Inflame+1","Feed","Shrug It Off","Ghostly Armor"],"special_seed":0,"relics":["Burning Blood","NeowsBlessing","Red Skull","Anchor","Ectoplasm","Red Mask","Mummified Hand","Turnip","Mercury Hourglass","Busted Crown","Bird Faced Urn","Incense Burner"],"potions_floor_usage":[],"damage_taken":[{"damage":0.0,"enemies":"Small Slimes","floor":1.0,"turns":1.0},{"damage":0.0,"enemies":"Cultist","floor":5.0,"turns":1.0},{"damage":0.0,"enemies":"Lagavulin","floor":6.0,"turns":1.0},{"damage":0.0,"enemies":"Jaw Worm","floor":12.0,"turns":2.0},{"damage":7.0,"enemies":"2 Fungi Beasts","floor":14.0,"turns":4.0},{"damage":24.0,"enemies":"The Guardian","floor":16.0,"turns":12.0},{"damage":13.0,"enemies":"Spheric Guardian","floor":18.0,"turns":4.0},{"damage":15.0,"enemies":"2 Thieves","floor":19.0,"turns":5.0},{"damage":6.0,"enemies":"Chosen and Byrds","floor":20.0,"turns":6.0},{"damage":26.0,"enemies":"Masked Bandits","floor":21.0,"turns":4.0},{"damage":30.0,"enemies":"Slavers","floor":24.0,"turns":6.0},{"damage":8.0,"enemies":"Snake Plant","floor":25.0,"turns":3.0},{"damage":0.0,"enemies":"3 Cultists","floor":27.0,"turns":4.0},{"damage":3.0,"enemies":"Shelled Parasite and Fungi","floor":28.0,"turns":4.0},{"damage":31.0,"enemies":"Chosen and Byrds","floor":29.0,"turns":6.0},{"damage":30.0,"enemies":"Sentry and Sphere","floor":31.0,"turns":6.0},{"damage":45.0,"enemies":"Collector","floor":33.0,"turns":8.0},{"damage":7.0,"enemies":"3 Shapes","floor":35.0,"turns":7.0},{"damage":35.0,"enemies":"3 Darklings","floor":37.0,"turns":4.0},{"damage":41.0,"enemies":"Jaw Worm Horde","floor":38.0,"turns":5.0},{"damage":18.0,"enemies":"Sphere and 2 Shapes","floor":39.0,"turns":5.0},{"damage":8.0,"enemies":"Transient","floor":41.0,"turns":6.0},{"damage":25.0,"enemies":"3 Darklings","floor":44.0,"turns":4.0},{"damage":5.0,"enemies":"Maw","floor":46.0,"turns":5.0},{"damage":2.0,"enemies":"Mind Bloom Boss Battle","floor":47.0,"turns":5.0},{"damage":10,"enemies":"Sphere and 2 Shapes","floor":48,"turns":3},{"damage":74,"enemies":"Donu and Deca","floor":50,"turns":5}],"seed_played":"8778745941369257776","potions_obtained":[{"floor":5.0,"key":"SkillPotion"},{"floor":14.0,"key":"Swift Potion"},{"floor":19.0,"key":"Fire Potion"},{"floor":20.0,"key":"SteroidPotion"},{"floor":21.0,"key":"EssenceOfSteel"},{"floor":27.0,"key":"Strength Potion"},{"floor":31.0,"key":"FearPotion"},{"floor":37.0,"key":"Regen Potion"},{"floor":39.0,"key":"SteroidPotion"},{"floor":46.0,"key":"Weak Potion"},{"floor":48,"key":"Fire Potion"}],"is_trial":false,"path_per_floor":["M","$","?","$","M","E","R","?","T","R","?","M","?","M","R","B",null,"M","M","M","?","?","R","E","M","T","M","M","M","R","M","R","B",null,"M","?","M","M","M","R","M","R","T","M","?","M","?","M","R","B"],"character_chosen":"IRONCLAD","items_purchased":["Uppercut"],"campfire_rested":5,"item_purchase_floors":[2],"current_hp_per_floor":[74,74,74,74,75,75,75,80,80,80,73,79,55,54,54,36,69,62,53,53,33,33,57,36,37,37,43,46,24,50,29,56,17,73,75,75,46,14,16,43,41,41,41,24,24,27,36,34,62,0],"gold":57,"neow_bonus":"THREE_ENEMY_KILL","is_prod":false,"is_daily":false,"chose_seed":false,"campfire_upgraded":4,"win_rate":0,"timestamp":1558930814,"path_taken":["M","$","?","?","?","E","R","?","T","R","?","M","?","M","R","BOSS","M","M","M","?","?","R","E","M","T","M","M","M","R","M","R","BOSS","M","?","M","M","M","R","M","R","T","M","?","M","?","M","R","BOSS"],"build_version":"2019-01-23","purchased_purges":0,"victory":false,"max_hp_per_floor":[75,75,75,75,75,75,75,80,80,80,80,80,80,80,80,80,80,80,80,80,80,80,80,83,86,86,86,86,89,89,92,92,92,92,95,90,90,93,93,93,93,93,93,93,93,93,96,96,96,96],"card_choices":[{"not_picked":["Anger","Rupture"],"picked":"Clash","floor":1.0},{"not_picked":["Sword Boomerang","Thunderclap"],"picked":"Ghostly Armor","floor":5.0},{"not_picked":["Feel No Pain","Body Slam"],"picked":"Cleave","floor":6.0},{"not_picked":["Perfected Strike","Metallicize"],"picked":"Limit Break","floor":12.0},{"not_picked":["Body Slam","Second Wind"],"picked":"Inflame","floor":14.0},{"not_picked":["Demon Form","Brutality"],"picked":"Feed","floor":16.0},{"not_picked":["Perfected Strike+1","Clothesline+1"],"picked":"Shrug It Off","floor":18.0},{"not_picked":["Searing Blow","Feel No Pain","Havoc"],"picked":"SKIP","floor":19.0},{"not_picked":["Cleave","Twin Strike","Metallicize"],"picked":"SKIP","floor":20.0},{"not_picked":["Limit Break","Seeing Red"],"picked":"Ghostly Armor","floor":24.0},{"not_picked":["Fire Breathing","Corruption","True Grit+1"],"picked":"SKIP","floor":25.0},{"not_picked":["Body Slam","Havoc","Armaments"],"picked":"SKIP","floor":27.0},{"not_picked":["Dropkick","Warcry","Wild Strike"],"picked":"SKIP","floor":28.0},{"not_picked":["Armaments+1","Clash","Ghostly Armor"],"picked":"SKIP","floor":29.0},{"not_picked":["Wild Strike","Heavy Blade","Flex+1"],"picked":"SKIP","floor":31.0},{"not_picked":["Burning Pact"],"picked":"SKIP","floor":35.0},{"not_picked":["Thunderclap"],"picked":"SKIP","floor":37.0},{"not_picked":["Ghostly Armor"],"picked":"SKIP","floor":38.0},{"not_picked":["Corruption"],"picked":"SKIP","floor":39.0},{"not_picked":["Rampage"],"picked":"SKIP","floor":41.0},{"not_picked":["Headbutt"],"picked":"SKIP","floor":44.0},{"not_picked":["Warcry"],"picked":"SKIP","floor":46.0},{"not_picked":["Headbutt+1"],"picked":"SKIP","floor":48}],"player_experience":622143,"relics_obtained":[{"floor":6.0,"key":"Red Skull"},{"floor":9.0,"key":"Anchor"},{"floor":21.0,"key":"Red Mask"},{"floor":24.0,"key":"Turnip"},{"floor":26.0,"key":"Mercury Hourglass"},{"floor":43.0,"key":"Bird Faced Urn"},{"floor":47.0,"key":"Incense Burner"}],"event_choices":[{"damage_healed":0.0,"max_hp_gain":0.0,"max_hp_loss":0.0,"gold_gain":50.0,"event_name":"Golden Shrine","player_choice":"Pray","floor":3.0,"gold_loss":0.0,"damage_taken":0.0},{"damage_healed":0.0,"max_hp_gain":5.0,"max_hp_loss":0.0,"gold_gain":0.0,"event_name":"Big Fish","player_choice":"Donut","floor":8.0,"gold_loss":0.0,"damage_taken":0.0},{"cards_removed":["Strike_R"],"damage_healed":0.0,"max_hp_gain":0.0,"max_hp_loss":0.0,"gold_gain":0.0,"event_name":"Golden Wing","player_choice":"Card Removal","floor":11.0,"gold_loss":0.0,"damage_taken":7.0},{"damage_healed":0.0,"max_hp_gain":0.0,"max_hp_loss":0.0,"gold_gain":0.0,"event_name":"Shining Light","player_choice":"Entered Light","floor":13.0,"gold_loss":0.0,"damage_taken":24.0,"cards_upgraded":["Bash","Clash"]},{"damage_healed":0.0,"max_hp_gain":0.0,"max_hp_loss":0.0,"gold_gain":0.0,"event_name":"Masked Bandits","player_choice":"Fought Bandits","floor":21.0,"gold_loss":0.0,"damage_taken":0.0},{"damage_healed":0.0,"max_hp_gain":0.0,"max_hp_loss":0.0,"gold_gain":0.0,"event_name":"Addict","player_choice":"Obtained Relic","floor":22.0,"gold_loss":85.0,"damage_taken":0.0,"relics_obtained":["Mummified Hand"]},{"damage_healed":0.0,"max_hp_gain":0.0,"max_hp_loss":5.0,"gold_gain":0.0,"event_name":"Winding Halls","player_choice":"Max HP","floor":36.0,"gold_loss":0.0,"damage_taken":0.0},{"cards_removed":["Defend_R"],"damage_healed":0.0,"max_hp_gain":0.0,"max_hp_loss":0.0,"gold_gain":0.0,"event_name":"Falling","player_choice":"Removed Skill","floor":45.0,"gold_loss":0.0,"damage_taken":0.0},{"damage_healed":0.0,"max_hp_gain":0.0,"max_hp_loss":0.0,"gold_gain":0.0,"event_name":"MindBloom","player_choice":"Fight","floor":47.0,"gold_loss":0.0,"damage_taken":0.0}],"is_beta":false,"boss_relics":[{"not_picked":["Eternal Feather","Black Star"],"picked":"Ectoplasm"},{"not_picked":["Black Blood","Orrery"],"picked":"Busted Crown"}],"items_purged_floors":[],"is_endless":false,"potions_floor_spawned":[5,14,16,19,20,21,27,31,37,39,46,48],"killed_by":"Donu and Deca","ascension_level":19}