{"gold_per_floor":[115,132,57,132,149,149,149,149,198,473,493,524,542,572,572,572],"floor_reached":16,"playtime":1559,"items_purged":[],"score":215,"play_id":"7acc24f0-f076-4813-9cbb-bbf84b675568","local_time":"20190526123241","is_ascension_mode":true,"campfire_choices":[{"data":"Inflame","floor":6.0,"key":"SMITH"},{"data":"Flame Barrier","floor":8.0,"key":"SMITH"},{"data":"Heavy Blade","floor":15.0,"key":"SMITH"}],"neow_cost":"NONE","seed_source_timestamp":75109959714110,"circlet_count":0,"master_deck":["AscendersBane","Strike_R+1","Strike_R+1","Strike_R","Strike_R","Strike_R","Defend_R","Defend_R","Defend_R","Bash","Battle Trance","Flame Barrier+1","Inflame+1","Cleave","Heavy Blade+1"],"special_seed":0,"relics":["Burning Blood","Whetstone","Omamori","Blood Vial","Meat on the Bone"],"potions_floor_usage":[16],"damage_taken":[{"damage":9.0,"enemies":"2 Louse","floor":1.0,"turns":2.0},{"damage":11.0,"enemies":"Jaw Worm","floor":2.0,"turns":6.0},{"damage":1.0,"enemies":"Cultist","floor":5.0,"turns":3.0},{"damage":3.0,"enemies":"Blue Slaver","floor":11.0,"turns":5.0},{"damage":32.0,"enemies":"Gremlin Nob","floor":12.0,"turns":4.0},{"damage":4.0,"enemies":"Red Slaver","floor":13.0,"turns":4.0},{"damage":20.0,"enemies":"3 Sentries","floor":14.0,"turns":6.0},{"damage":41,"enemies":"The Guardian","floor":16,"turns":10}],"seed_played":"-5585079879336907228","potions_obtained":[{"floor":1.0,"key":"GamblersBrew"},{"floor":2.0,"key":"Swift Potion"},{"floor":5.0,"key":"LiquidBronze"}],"is_trial":false,"path_per_floor":["M","M","?","?","M","R","?","R","T","?","M","E","M","E","R","B"],"character_chosen":"IRONCLAD","items_purchased":[],"campfire_rested":0,"item_purchase_floors":[],"current_hp_per_floor":[65,60,60,49,54,54,75,75,75,75,75,49,53,41,41,2],"gold":572,"neow_bonus":"RANDOM_COMMON_RELIC","is_prod":false,"is_daily":false,"chose_seed":false,"campfire_upgraded":3,"win_rate":0,"timestamp":1558895561,"path_taken":["M","M","?","?","M","R","?","R","T","?","M","E","M","E","R","BOSS"],"build_version":"2019-01-23","purchased_purges":0,"victory":false,"max_hp_per_floor":[75,75,75,75,75,75,75,75,75,75,75,75,75,75,75,75],"card_choices":[{"not_picked":["Hemokinesis","Twin Strike"],"picked":"Battle Trance","floor":1.0},{"not_picked":["Battle Trance","Anger"],"picked":"Flame Barrier","floor":2.0},{"not_picked":["Headbutt","Pommel Strike"],"picked":"Inflame","floor":5.0},{"not_picked":["Wild Strike","Warcry","True Grit"],"picked":"SKIP","floor":11.0},{"not_picked":["Sword Boomerang","Evolve"],"picked":"Cleave","floor":12.0},{"not_picked":["Sword Boomerang","Pommel Strike"],"picked":"Heavy Blade","floor":13.0},{"not_picked":["Exhume","Sword Boomerang","Heavy Blade"],"picked":"SKIP","floor":14.0}],"player_experience":613693,"relics_obtained":[{"floor":9.0,"key":"Omamori"},{"floor":12.0,"key":"Blood Vial"},{"floor":14.0,"key":"Meat on the Bone"}],"event_choices":[{"cards_removed":["Defend_R"],"damage_healed":0.0,"max_hp_gain":0.0,"max_hp_loss":0.0,"gold_gain":0.0,"event_name":"The Cleric","player_choice":"Card Removal","floor":3.0,"gold_loss":75.0,"damage_taken":0.0},{"damage_healed":0.0,"max_hp_gain":0.0,"max_hp_loss":0.0,"gold_gain":75.0,"event_name":"World of Goop","player_choice":"Gather Gold","floor":4.0,"gold_loss":0.0,"damage_taken":11.0},{"damage_healed":25.0,"max_hp_gain":0.0,"max_hp_loss":0.0,"gold_gain":0.0,"event_name":"Big Fish","player_choice":"Banana","floor":7.0,"gold_loss":0.0,"damage_taken":0.0},{"damage_healed":0.0,"max_hp_gain":0.0,"max_hp_loss":0.0,"gold_gain":275.0,"event_name":"Golden Shrine","player_choice":"Desecrate","floor":10.0,"gold_loss":0.0,"damage_taken":0.0,"cards_obtained":["Regret"]}],"is_beta":false,"boss_relics":[],"items_purged_floors":[],"is_endless":false,"potions_floor_spawned":[1,2,5],"killed_by":"The Guardian","ascension_level":19}