{"gold_per_floor":[115,133,133,133,147,178,75,75,98,98,98,129,129,153,153,279,279,304,329,329,329,254,287,287,302,327,341,341,381,306,306,306,432,432,450,450,60,60,78,78,411,411,411,411,439,458,490,490,490,490],"floor_reached":51,"playtime":5729,"items_purged":["Defend_G"],"score":797,"play_id":"b70ea3fc-c7b4-476d-9e4c-79466d5329d8","local_time":"20190601042604","is_ascension_mode":false,"campfire_choices":[{"floor":11,"key":"REST"},{"data":"Blade Dance","floor":13,"key":"SMITH"},{"floor":15,"key":"REST"},{"floor":24,"key":"REST"},{"floor":28,"key":"REST"},{"floor":32,"key":"REST"},{"floor":40,"key":"REST"},{"data":"Adrenaline","floor":42,"key":"SMITH"},{"floor":44,"key":"REST"},{"data":"Underhanded Strike","floor":49,"key":"SMITH"}],"neow_cost":"NONE","seed_source_timestamp":195959857533254,"circlet_count":0,"master_deck":["Defend_G+1","Defend_G+1","Defend_G+1","Strike_G","Strike_G","Strike_G","Strike_G","Survivor","Neutralize","Predator+1","Blade Dance+1","Flying Knee","Envenom","Backstab","Underhanded Strike+1","Expertise","Escape Plan","Die Die Die","Prepared+1","Dagger Throw+1","Necronomicurse","Deflect+1","Blur","Infinite Blades+1","Deflect","Doppelganger","Outmaneuver+1","Adrenaline+1","Underhanded Strike","Acrobatics","Thinking Ahead","Flash of Steel","Trip","Endless Agony+1","Escape Plan","Skewer+1","Flying Knee+1"],"relics":["Ring of the Snake","Ancient Tea Set","Orichalcum","Vajra","Juzu Bracelet","Black Star","Necronomicon","Pen Nib","Mummified Hand","StoneCalendar","War Paint","Dodecahedron","Bag of Preparation","Lizard Tail","Bag of Marbles","PreservedInsect","Oddly Smooth Stone","Centennial Puzzle","Dream Catcher","Snake Skull"],"potions_floor_usage":[27,33,46,50],"damage_taken":[{"damage":0,"enemies":"2 Louse","floor":1,"turns":3},{"damage":1,"enemies":"Jaw Worm","floor":2,"turns":4},{"damage":0,"enemies":"Small Slimes","floor":5,"turns":2},{"damage":18,"enemies":"Gremlin Nob","floor":6,"turns":5},{"damage":1,"enemies":"3 Sentries","floor":12,"turns":6},{"damage":6,"enemies":"Exordium Wildlife","floor":14,"turns":3},{"damage":44,"enemies":"Hexaghost","floor":16,"turns":8},{"damage":4,"enemies":"3 Byrds","floor":18,"turns":5},{"damage":0,"enemies":"Spheric Guardian","floor":19,"turns":2},{"damage":23,"enemies":"Slavers","floor":23,"turns":4},{"damage":8,"enemies":"Snake Plant","floor":25,"turns":2},{"damage":14,"enemies":"Sentry and Sphere","floor":27,"turns":4},{"damage":21,"enemies":"Book of Stabbing","floor":29,"turns":5},{"damage":47,"enemies":"Automaton","floor":33,"turns":7},{"damage":9,"enemies":"Orb Walker","floor":35,"turns":2},{"damage":18,"enemies":"3 Darklings","floor":39,"turns":3},{"damage":0,"enemies":"Giant Head","floor":45,"turns":3},{"damage":0,"enemies":"Spire Growth","floor":46,"turns":3},{"damage":0,"enemies":"Nemesis","floor":47,"turns":1},{"damage":24,"enemies":"Donu and Deca","floor":50,"turns":3}],"seed_played":"769030182112994335","potions_obtained":[{"floor":2,"key":"PowerPotion"},{"floor":5,"key":"Dexterity Potion"},{"floor":14,"key":"LiquidBronze"},{"floor":23,"key":"Ancient Potion"},{"floor":25,"key":"GamblersBrew"},{"floor":27,"key":"Fire Potion"},{"floor":33,"key":"EssenceOfSteel"},{"floor":35,"key":"Swift Potion"},{"floor":46,"key":"Regen Potion"}],"is_trial":false,"path_per_floor":["?","?","?","?","?","?","?","?","?","?","?","?"],"character_chosen":"THE_SILENT","items_purchased":["Backstab","Underhanded Strike","Bag of Marbles","Adrenaline","Underhanded Strike","Acrobatics"],"campfire_rested":7,"item_purchase_floors":[7,7,37,37,37,37],"current_hp_per_floor":[77,76,61,58,58,40,40,21,21,21,44,43,43,37,60,16,77,73,73,57,57,57,34,57,49,49,35,58,37,37,37,60,13,77,68,68,68,58,40,63,63,63,63,77,77,77,77,77,77,53],"gold":490,"neow_bonus":"TEN_PERCENT_HP_BONUS","is_prod":false,"is_daily":false,"chose_seed":false,"campfire_upgraded":3,"win_rate":0.0,"timestamp":1559391964,"path_taken":["M","M","?","?","M","E","$","?","T","?","R","E","R","M","R","BOSS","M","M","?","?","?","E","R","M","T","M","R","E","$","?","R","BOSS","M","?","$","?","M","R","?","R","T","R","E","M","E","?","R","BOSS"],"build_version":"2019-01-23","purchased_purges":1,"victory":true,"max_hp_per_floor":[77,77,77,77,77,77,77,77,77,77,77,77,77,77,77,77,77,77,77,77,77,77,77,77,77,77,77,77,77,77,77,77,77,77,77,77,77,77,77,77,77,77,77,77,77,77,77,77,77,77],"card_choices":[{"not_picked":["Dodge and Roll","Masterful Stab"],"picked":"Predator","floor":1},{"not_picked":["Backflip","Skewer"],"picked":"Blade Dance","floor":2},{"not_picked":["Quick Slash","Flechettes"],"picked":"Flying Knee","floor":5},{"not_picked":["Flying Knee","PiercingWail"],"picked":"Envenom","floor":6},{"not_picked":["Quick Slash","Reflex"],"picked":"Expertise","floor":12},{"not_picked":["Underhanded Strike","Predator"],"picked":"Escape Plan","floor":14},{"not_picked":["Bullet Time","Unload"],"picked":"Die Die Die","floor":16},{"not_picked":["Poisoned Stab","Escape Plan"],"picked":"Prepared+1","floor":18},{"not_picked":["Prepared","Riddle With Holes"],"picked":"Dagger Throw+1","floor":19},{"not_picked":["Phantasmal Killer","Escape Plan"],"picked":"Deflect+1","floor":23},{"not_picked":["Flechettes","Slice"],"picked":"Blur","floor":25},{"not_picked":["Dagger Throw","Poisoned Stab+1"],"picked":"Infinite Blades+1","floor":27},{"not_picked":["Doppelganger","Sucker Punch"],"picked":"Deflect","floor":29},{"not_picked":["Wraith Form v2","Bullet Time"],"picked":"Doppelganger","floor":33},{"not_picked":["Acrobatics","Reflex"],"picked":"Outmaneuver+1","floor":35},{"not_picked":["Forethought","Jack Of All Trades"],"picked":"Thinking Ahead","floor":38},{"not_picked":["Blind","Mind Blast"],"picked":"Flash of Steel","floor":38},{"not_picked":["Flash of Steel","Sadistic Nature"],"picked":"Trip","floor":38},{"not_picked":["Dodge and Roll","Poisoned Stab+1"],"picked":"Endless Agony+1","floor":39},{"not_picked":["Footwork","Outmaneuver+1"],"picked":"Escape Plan","floor":45},{"not_picked":["Deadly Poison+1","Prepared"],"picked":"Skewer+1","floor":46},{"not_picked":["Blade Dance","Escape Plan+1"],"picked":"Flying Knee+1","floor":47}],"player_experience":7396,"relics_obtained":[{"floor":6,"key":"Orichalcum"},{"floor":9,"key":"Vajra"},{"floor":12,"key":"Juzu Bracelet"},{"floor":20,"key":"Necronomicon"},{"floor":23,"key":"Mummified Hand"},{"floor":23,"key":"StoneCalendar"},{"floor":26,"key":"War Paint"},{"floor":29,"key":"Dodecahedron"},{"floor":29,"key":"Bag of Preparation"},{"floor":43,"key":"PreservedInsect"},{"floor":45,"key":"Oddly Smooth Stone"},{"floor":45,"key":"Centennial Puzzle"},{"floor":47,"key":"Dream Catcher"},{"floor":47,"key":"Snake Skull"}],"event_choices":[{"damage_healed":0,"gold_gain":0,"player_choice":"Entered Light","damage_taken":15,"max_hp_gain":0,"max_hp_loss":0,"event_name":"Shining Light","floor":3,"gold_loss":0,"cards_upgraded":["Defend_G","Predator"]},{"damage_healed":0,"gold_gain":0,"player_choice":"Success","damage_taken":3,"relics_obtained":["Ancient Tea Set"],"max_hp_gain":0,"max_hp_loss":0,"event_name":"Scrap Ooze","floor":4,"gold_loss":0},{"damage_healed":0,"gold_gain":0,"player_choice":"Take Damage","damage_taken":19,"relics_obtained":["Golden Idol"],"max_hp_gain":0,"max_hp_loss":0,"event_name":"Golden Idol","floor":8,"gold_loss":0},{"damage_healed":0,"gold_gain":0,"player_choice":"Ignored","damage_taken":0,"max_hp_gain":0,"max_hp_loss":0,"event_name":"Liars Game","floor":10,"gold_loss":0},{"damage_healed":0,"gold_gain":0,"player_choice":"Obtained Book","damage_taken":16,"max_hp_gain":0,"max_hp_loss":0,"event_name":"Cursed Tome","floor":20,"gold_loss":0},{"damage_healed":0,"gold_gain":0,"player_choice":"Gave Potion","damage_taken":0,"relics_obtained":["Pen Nib"],"max_hp_gain":0,"max_hp_loss":0,"event_name":"WeMeetAgain","floor":21,"gold_loss":0},{"cards_removed":["Defend_G"],"damage_healed":0,"gold_gain":0,"player_choice":"Gave Gold","damage_taken":0,"max_hp_gain":0,"max_hp_loss":0,"event_name":"Beggar","floor":22,"gold_loss":75},{"damage_healed":0,"gold_gain":0,"player_choice":"Ignored","damage_taken":0,"max_hp_gain":0,"max_hp_loss":0,"event_name":"Vampires","floor":31,"gold_loss":0},{"cards_removed":["Strike_G"],"damage_healed":0,"gold_gain":0,"player_choice":"Removed Attack","damage_taken":0,"max_hp_gain":0,"max_hp_loss":0,"event_name":"Falling","floor":36,"gold_loss":0},{"damage_healed":0,"gold_gain":0,"player_choice":"Memory 3","damage_taken":10,"max_hp_gain":0,"max_hp_loss":0,"event_name":"SensoryStone","floor":38,"gold_loss":0},{"damage_healed":0,"gold_gain":333,"player_choice":"Gave Idol","damage_taken":0,"max_hp_gain":0,"max_hp_loss":0,"event_name":"The Moai Head","floor":41,"relics_lost":["Golden Idol"],"gold_loss":0},{"damage_healed":0,"gold_gain":0,"player_choice":"Ignored","damage_taken":0,"max_hp_gain":0,"max_hp_loss":0,"event_name":"Tomb of Lord Red Mask","floor":48,"gold_loss":0}],"is_beta":false,"boss_relics":[{"not_picked":["White Beast Statue","Runic Dome"],"picked":"Black Star"},{"not_picked":["Velvet Choker","Ring of the Serpent"],"picked":"Lizard Tail"}],"items_purged_floors":[30],"is_endless":false,"potions_floor_spawned":[2,5,14,23,25,27,33,35,39,46],"ascension_level":0}