{"gold_per_floor":[15,34,49,65,76,76,132,142,142,172,172,183,57,67,67,163,163,178,195,265,265,28,28,57,57],"floor_reached":25,"playtime":2247,"items_purged":["Strike_R"],"score":329,"play_id":"dbca7f4e-c038-492b-9e5b-b8ad38828d60","local_time":"20190530192804","is_ascension_mode":true,"campfire_choices":[{"data":"Armaments","floor":6,"key":"SMITH"},{"floor":15,"key":"REST"},{"data":"Barricade","floor":23,"key":"SMITH"}],"neow_cost":"NO_GOLD","seed_source_timestamp":4309791375107626,"circlet_count":0,"master_deck":["Strike_R","Strike_R","Defend_R","Defend_R+1","Defend_R+1","Defend_R","Bash","Entrench","Armaments+1","Clothesline","Metallicize","Body Slam","Rampage","True Grit","Ghostly Armor","Heavy Blade","Demon Form","Heavy Blade+1","Shrug It Off","Whirlwind+1","Barricade+1","Evolve","Whirlwind+1","Decay","Ghostly Armor","Body Slam+1"],"relics":["Burning Blood","Tiny Chest","Molten Egg 2","War Paint","Cursed Key","Gremlin Horn","Omamori","Dream Catcher"],"potions_floor_usage":[5,10,10,12,12,16,19,21],"damage_taken":[{"damage":3,"enemies":"2 Louse","floor":1,"turns":3},{"damage":5,"enemies":"Cultist","floor":2,"turns":5},{"damage":10,"enemies":"Jaw Worm","floor":3,"turns":4},{"damage":23,"enemies":"Lots of Slimes","floor":4,"turns":8},{"damage":20,"enemies":"3 Louse","floor":5,"turns":5},{"damage":30,"enemies":"Gremlin Nob","floor":7,"turns":5},{"damage":10,"enemies":"Blue Slaver","floor":8,"turns":4},{"damage":15,"enemies":"3 Sentries","floor":10,"turns":11},{"damage":15,"enemies":"Large Slime","floor":12,"turns":6},{"damage":1,"enemies":"Red Slaver","floor":14,"turns":6},{"damage":29,"enemies":"The Guardian","floor":16,"turns":11},{"damage":4,"enemies":"3 Byrds","floor":18,"turns":5},{"damage":28,"enemies":"2 Thieves","floor":19,"turns":4},{"damage":38,"enemies":"Colosseum Slavers","floor":21,"turns":5},{"damage":5,"enemies":"Gremlin Leader","floor":24,"turns":8},{"damage":25,"enemies":"Snecko","floor":25,"turns":5}],"seed_played":"6166821305438559524","potions_obtained":[{"floor":1,"key":"Dexterity Potion"},{"floor":3,"key":"Dexterity Potion"},{"floor":4,"key":"Regen Potion"},{"floor":10,"key":"SkillPotion"},{"floor":11,"key":"LiquidBronze"},{"floor":11,"key":"Explosive Potion"},{"floor":14,"key":"Regen Potion"},{"floor":16,"key":"AttackPotion"},{"floor":19,"key":"SpeedPotion"},{"floor":24,"key":"GamblersBrew"}],"is_trial":false,"path_per_floor":["M","M","M","M","M","R","E","M","T","E","?","M","$","M","R","B",null,"M","M","T","?","$","R","E","M"],"character_chosen":"IRONCLAD","items_purchased":["Shrug It Off","Omamori","Ghostly Armor"],"campfire_rested":1,"item_purchase_floors":[13,22,22],"current_hp_per_floor":[75,76,72,55,53,53,29,25,25,16,16,7,7,12,36,28,67,69,47,47,15,15,15,16,0],"gold":57,"neow_bonus":"TRANSFORM_TWO_CARDS","is_prod":false,"is_daily":false,"chose_seed":false,"campfire_upgraded":2,"win_rate":0,"timestamp":1559258884,"path_taken":["M","M","M","M","M","R","E","M","T","E","?","M","$","M","R","BOSS","M","M","?","?","?","R","E","M"],"build_version":"2019-01-23","purchased_purges":1,"victory":false,"max_hp_per_floor":[80,80,80,80,80,80,80,80,80,80,80,80,80,80,80,80,80,80,80,80,80,80,80,80,80],"card_choices":[{"not_picked":["Wild Strike","Clash"],"picked":"Clothesline","floor":1},{"not_picked":["Entrench","Flex"],"picked":"Metallicize","floor":2},{"not_picked":["Perfected Strike","Dark Embrace"],"picked":"Body Slam","floor":3},{"not_picked":["Infernal Blade","Rupture"],"picked":"Rampage","floor":4},{"not_picked":["Perfected Strike","Warcry"],"picked":"True Grit","floor":5},{"not_picked":["Sentinel","Twin Strike"],"picked":"Ghostly Armor","floor":7},{"not_picked":["Perfected Strike","Corruption"],"picked":"Heavy Blade","floor":8},{"not_picked":["True Grit","Second Wind"],"picked":"Demon Form","floor":10},{"not_picked":["Intimidate","Clothesline+1"],"picked":"Heavy Blade+1","floor":12},{"not_picked":["Twin Strike+1","Perfected Strike+1"],"picked":"Whirlwind+1","floor":14},{"not_picked":["Double Tap","Dark Embrace"],"picked":"Barricade","floor":16},{"not_picked":["True Grit","Twin Strike+1"],"picked":"Evolve","floor":18},{"not_picked":["Blood for Blood+1","Twin Strike+1"],"picked":"Whirlwind+1","floor":19},{"not_picked":["Disarm","Corruption"],"picked":"Body Slam+1","floor":24}],"player_experience":183111,"relics_obtained":[{"floor":7,"key":"Tiny Chest"},{"floor":9,"key":"Molten Egg 2"},{"floor":10,"key":"War Paint"},{"floor":20,"key":"Gremlin Horn"},{"floor":24,"key":"Dream Catcher"}],"event_choices":[{"damage_healed":0,"gold_gain":0,"player_choice":"Got Potions","damage_taken":0,"max_hp_gain":0,"max_hp_loss":0,"event_name":"Lab","floor":11,"gold_loss":0},{"damage_healed":0,"gold_gain":0,"player_choice":"Fight","damage_taken":0,"max_hp_gain":0,"max_hp_loss":0,"event_name":"Colosseum","floor":21,"gold_loss":0},{"damage_healed":0,"gold_gain":0,"player_choice":"Fled From Nobs","damage_taken":0,"max_hp_gain":0,"max_hp_loss":0,"event_name":"Colosseum","floor":21,"gold_loss":0}],"is_beta":false,"boss_relics":[{"not_picked":["Orrery","Fusion Hammer"],"picked":"Cursed Key"}],"items_purged_floors":[13],"is_endless":false,"potions_floor_spawned":[1,3,4,10,14,16,19,24],"killed_by":"Snecko","ascension_level":8}