{"gold_per_floor":[114,126,126,156,174,174,191,208,208,225,225,375,219,219,219,290,290,304,304],"floor_reached":19,"playtime":670,"items_purged":["Doubt"],"score":318,"play_id":"8d8bbc5e-4a8f-4ee3-bd6c-c2c943994bb1","local_time":"20190331110052","is_ascension_mode":true,"campfire_choices":[{"floor":6,"key":"REST"},{"floor":11,"key":"REST"},{"floor":15,"key":"DIG"}],"neow_cost":"NONE","seed_source_timestamp":222703701255170,"circlet_count":0,"master_deck":["AscendersBane","Defend_G","Defend_G","Defend_G+1","Defend_G","Defend_G","Strike_G","Strike_G","Strike_G","Strike_G","Strike_G","Survivor","Neutralize","Footwork+1","Deadly Poison","Sucker Punch","Flying Knee","Skewer","Unload","Quick Slash+1"],"relics":["Ring of the Serpent","NeowsBlessing","Tiny Chest","Ancient Tea Set","Shovel","Frozen Egg 2"],"potions_floor_usage":[8,16,19],"damage_taken":[{"damage":0,"enemies":"Cultist","floor":1,"turns":1},{"damage":0,"enemies":"2 Louse","floor":2,"turns":1},{"damage":0,"enemies":"Small Slimes","floor":5,"turns":1},{"damage":3,"enemies":"Looter","floor":7,"turns":3},{"damage":10,"enemies":"3 Louse","floor":8,"turns":4},{"damage":23,"enemies":"Exordium Thugs","floor":10,"turns":7},{"damage":22,"enemies":"The Guardian","floor":16,"turns":14},{"damage":27,"enemies":"Shell Parasite","floor":18,"turns":10},{"damage":32,"enemies":"Spheric Guardian","floor":19,"turns":5}],"seed_played":"-7633696726510240727","potions_obtained":[{"floor":2,"key":"Block Potion"},{"floor":5,"key":"Regen Potion"}],"is_trial":false,"path_per_floor":["M","M","?","?","M","R","M","M","T","M","R","?","$","T","R","B",null,"M","M"],"character_chosen":"THE_SILENT","items_purchased":["Regen Potion"],"campfire_rested":2,"item_purchase_floors":[13],"current_hp_per_floor":[59,59,39,13,13,32,29,31,31,8,27,27,27,27,27,20,55,28,0],"gold":304,"neow_bonus":"THREE_ENEMY_KILL","is_prod":false,"is_daily":false,"chose_seed":false,"campfire_upgraded":0,"win_rate":0,"timestamp":1554051652,"path_taken":["M","?","?","?","M","R","M","M","T","M","R","?","$","?","R","BOSS","M","M"],"build_version":"2019-01-23","purchased_purges":1,"victory":false,"max_hp_per_floor":[66,66,66,66,66,66,66,66,66,66,66,66,66,66,66,66,66,66,66],"card_choices":[{"not_picked":["Sucker Punch","Deflect"],"picked":"Footwork","floor":1},{"not_picked":["PiercingWail","Dagger Throw"],"picked":"Deadly Poison","floor":2},{"not_picked":["Poisoned Stab","Outmaneuver"],"picked":"Sucker Punch","floor":5},{"not_picked":["Finisher","Backstab"],"picked":"Flying Knee","floor":7},{"not_picked":["Distraction","Infinite Blades","Poisoned Stab"],"picked":"SKIP","floor":8},{"not_picked":["Distraction","Doppelganger"],"picked":"Skewer","floor":10},{"not_picked":["Night Terror","Burst"],"picked":"Unload","floor":16},{"not_picked":["Concentrate","Blade Dance+1"],"picked":"Quick Slash+1","floor":18}],"player_experience":385632,"relics_obtained":[{"floor":9,"key":"Ancient Tea Set"},{"floor":14,"key":"Shovel"},{"floor":15,"key":"Frozen Egg 2"}],"event_choices":[{"damage_healed":0,"gold_gain":0,"player_choice":"Entered Light","damage_taken":20,"max_hp_gain":0,"max_hp_loss":0,"event_name":"Shining Light","floor":3,"gold_loss":0,"cards_upgraded":["Defend_G","Footwork"]},{"damage_healed":0,"gold_gain":0,"player_choice":"Success","damage_taken":26,"relics_obtained":["Tiny Chest"],"max_hp_gain":0,"max_hp_loss":0,"event_name":"Scrap Ooze","floor":4,"gold_loss":0},{"damage_healed":0,"gold_gain":150,"player_choice":"AGREE","damage_taken":0,"max_hp_gain":0,"max_hp_loss":0,"event_name":"Liars Game","floor":12,"gold_loss":0,"cards_obtained":["Doubt"]}],"is_beta":false,"boss_relics":[{"not_picked":["White Beast Statue","Tiny House"],"picked":"Ring of the Serpent"}],"items_purged_floors":[13],"is_endless":false,"potions_floor_spawned":[2,5],"killed_by":"Spheric Guardian","ascension_level":20}