{"gold_per_floor":[110,125,136,136,153,179,198,198],"floor_reached":8,"playtime":231,"items_purged":[],"score":78,"play_id":"ba1af559-929f-44d0-8870-1b1345bdab66","local_time":"20190422165202","is_ascension_mode":true,"campfire_choices":[],"neow_cost":"NONE","seed_source_timestamp":758225997405580,"circlet_count":0,"master_deck":["Strike_R","Strike_R","Strike_R","Strike_R","Strike_R","Defend_R","Defend_R","Defend_R","Defend_R","Bash","Whirlwind","Twin Strike"],"relics":["Burning Blood","NeowsBlessing","Singing Bowl","Blood Vial"],"potions_floor_usage":[8],"damage_taken":[{"damage":0,"enemies":"Cultist","floor":1,"turns":1},{"damage":0,"enemies":"Jaw Worm","floor":2,"turns":1},{"damage":0,"enemies":"Small Slimes","floor":3,"turns":1},{"damage":12,"enemies":"Looter","floor":5,"turns":3},{"damage":50,"enemies":"3 Sentries","floor":6,"turns":6},{"damage":10,"enemies":"2 Fungi Beasts","floor":7,"turns":3},{"damage":30,"enemies":"Lagavulin","floor":8,"turns":4}],"seed_played":"1774724336496296039","potions_obtained":[{"floor":3,"key":"Swift Potion"},{"floor":6,"key":"PowerPotion"}],"is_trial":false,"path_per_floor":["M","M","M","?","M","E","M","E"],"character_chosen":"IRONCLAD","items_purchased":[],"campfire_rested":0,"item_purchase_floors":[],"current_hp_per_floor":[78,80,80,73,69,25,25,0],"gold":198,"neow_bonus":"THREE_ENEMY_KILL","is_prod":false,"is_daily":false,"chose_seed":false,"campfire_upgraded":0,"win_rate":0,"timestamp":1555973522,"path_taken":["M","M","?","?","M","E","M","E"],"build_version":"2019-01-23","purchased_purges":0,"victory":false,"max_hp_per_floor":[80,80,80,80,82,82,84,84],"card_choices":[{"not_picked":["Havoc","Heavy Blade"],"picked":"Whirlwind","floor":1},{"not_picked":["Clothesline","Headbutt","Sever Soul"],"picked":"SKIP","floor":2},{"not_picked":["Shrug It Off","Warcry","Power Through"],"picked":"SKIP","floor":3},{"not_picked":["Wild Strike","Reckless Charge","Anger"],"picked":"Singing Bowl","floor":5},{"not_picked":["Perfected Strike","Heavy Blade"],"picked":"Twin Strike","floor":6},{"not_picked":["Pummel","Shockwave","Clothesline"],"picked":"Singing Bowl","floor":7}],"player_experience":507291,"relics_obtained":[{"floor":6,"key":"Blood Vial"}],"event_choices":[{"damage_healed":0,"gold_gain":0,"player_choice":"Success","damage_taken":7,"relics_obtained":["Singing Bowl"],"max_hp_gain":0,"max_hp_loss":0,"event_name":"Scrap Ooze","floor":4,"gold_loss":0}],"is_beta":false,"boss_relics":[],"items_purged_floors":[],"is_endless":false,"potions_floor_spawned":[3,6],"killed_by":"Lagavulin","ascension_level":6}