{"gold_per_floor":[118,118,128,128,145,178,178,128,128,147,194,214,226,260,260,361,361,377,387,387,405,431,431,441,441,441,441,121,139,169,187,187,286,286,298,312,312,322,337,337,337,337,337,349,5,5,16,16,16,16,16,16,16,51,51],"floor_reached":55,"playtime":6724,"items_purged":["Writhe","Dualcast"],"score":676,"play_id":"de5fb655-eda3-4b5c-97fa-22afa29e4dad","local_time":"20190603081217","is_ascension_mode":false,"campfire_choices":[{"floor":7,"key":"REST"},{"floor":15,"key":"DIG"},{"floor":23,"key":"DIG"},{"floor":25,"key":"DIG"},{"floor":27,"key":"DIG"},{"floor":32,"key":"DIG"},{"floor":40,"key":"DIG"},{"floor":42,"key":"DIG"},{"floor":46,"key":"RECALL"},{"data":"Seek","floor":49,"key":"SMITH"},{"data":"Machine Learning","floor":52,"key":"SMITH"}],"neow_cost":"NONE","seed_source_timestamp":381355202302500,"circlet_count":0,"master_deck":["Strike_B+1","Defend_B","Defend_B","Defend_B+1","Zap","Gash","Gash","Gash+1","BootSequence+1","FTL","Ball Lightning","Buffer","All For One","Hologram","Cold Snap+1","Rebound+1","Defragment","Capacitor","Jack Of All Trades","Steam Power","Machine Learning+1","Seek+1","Go for the Eyes","Hologram+1","Steam","Scrape+1","Double Energy+1"],"relics":["FrozenCore","Bird Faced Urn","Ginger","Shovel","War Paint","Cables","Anchor","Empty Cage","Mercury Hourglass","Red Mask","Dead Branch","Sundial","Dodecahedron","Boot","Happy Flower","Dream Catcher","Whetstone","Molten Egg 2","Omamori","Bottled Lightning","Vajra"],"potions_floor_usage":[6,21,24,33,33,44,55,55],"damage_taken":[{"damage":6,"enemies":"Jaw Worm","floor":1,"turns":3},{"damage":3,"enemies":"Small Slimes","floor":3,"turns":3},{"damage":1,"enemies":"2 Louse","floor":5,"turns":2},{"damage":23,"enemies":"Gremlin Nob","floor":6,"turns":4},{"damage":9,"enemies":"Exordium Wildlife","floor":10,"turns":4},{"damage":0,"enemies":"Large Slime","floor":12,"turns":5},{"damage":0,"enemies":"Looter","floor":13,"turns":3},{"damage":21,"enemies":"3 Sentries","floor":14,"turns":8},{"damage":18,"enemies":"Hexaghost","floor":16,"turns":8},{"damage":0,"enemies":"Chosen","floor":18,"turns":4},{"damage":0,"enemies":"Spheric Guardian","floor":19,"turns":3},{"damage":10,"enemies":"Snake Plant","floor":21,"turns":3},{"damage":11,"enemies":"Masked Bandits","floor":22,"turns":3},{"damage":18,"enemies":"Sentry and Sphere","floor":24,"turns":4},{"damage":0,"enemies":"3 Cultists","floor":29,"turns":3},{"damage":0,"enemies":"Book of Stabbing","floor":30,"turns":3},{"damage":9,"enemies":"Chosen and Byrds","floor":31,"turns":5},{"damage":23,"enemies":"Collector","floor":33,"turns":7},{"damage":0,"enemies":"Orb Walker","floor":35,"turns":3},{"damage":0,"enemies":"3 Shapes","floor":36,"turns":4},{"damage":30,"enemies":"Writhing Mass","floor":38,"turns":7},{"damage":5,"enemies":"Jaw Worm Horde","floor":39,"turns":4},{"damage":2,"enemies":"3 Darklings","floor":44,"turns":4},{"damage":0,"enemies":"Transient","floor":47,"turns":5},{"damage":13,"enemies":"Donu and Deca","floor":50,"turns":8},{"damage":50,"enemies":"Shield and Spear","floor":54,"turns":6},{"damage":74,"enemies":"The Heart","floor":55,"turns":5}],"seed_played":"2076893049293018698","potions_obtained":[{"floor":3,"key":"Fire Potion"},{"floor":12,"key":"Energy Potion"},{"floor":14,"key":"Poison Potion"},{"floor":18,"key":"Block Potion"},{"floor":22,"key":"Weak Potion"},{"floor":24,"key":"Dexterity Potion"},{"floor":29,"key":"Explosive Potion"},{"floor":38,"key":"FearPotion"},{"floor":44,"key":"Fruit Juice"}],"is_trial":false,"path_per_floor":["?","?","?","T","M","?","?","?","?","M","?"],"character_chosen":"DEFECT","items_purchased":["Happy Flower","Jack Of All Trades","Bottled Lightning"],"campfire_rested":1,"item_purchase_floors":[28,28,45],"current_hp_per_floor":[76,81,78,75,74,51,77,77,77,68,68,68,68,47,47,31,87,87,87,87,77,66,66,50,50,50,50,50,54,58,55,55,40,87,87,87,83,57,58,58,58,58,58,67,67,67,75,75,75,70,88,88,88,44,0],"gold":51,"neow_bonus":"TEN_PERCENT_HP_BONUS","is_prod":false,"is_daily":false,"chose_seed":false,"campfire_upgraded":2,"win_rate":0,"timestamp":1559578337,"path_taken":["M","?","M","?","M","E","R","?","T","M","?","?","M","E","R","BOSS","M","M","?","M","?","R","M","R","T","R","$","M","E","M","R","BOSS","M","M","?","M","M","R","?","R","T","?","$","R","M","?","R","BOSS","R","$","E","BOSS"],"build_version":"2019-01-23","purchased_purges":2,"victory":false,"max_hp_per_floor":[82,87,87,87,87,87,87,87,87,87,87,87,87,87,87,87,87,87,87,87,87,87,87,87,87,87,87,87,87,87,87,87,87,87,87,87,83,83,83,83,83,83,83,88,88,88,88,88,88,88,88,88,88,88,88],"card_choices":[{"not_picked":["Beam Cell","Steam Power"],"picked":"Gash","floor":1},{"not_picked":["Hologram","Conserve Battery"],"picked":"Steam","floor":3},{"not_picked":["Cold Snap","Rebound"],"picked":"Gash","floor":5},{"not_picked":["Ball Lightning","White Noise"],"picked":"Gash","floor":6},{"not_picked":["Chill","Rip and Tear"],"picked":"BootSequence","floor":10},{"not_picked":["Coolheaded","Sweeping Beam"],"picked":"FTL","floor":12},{"not_picked":["Cold Snap","Creative AI"],"picked":"Ball Lightning","floor":13},{"not_picked":["Redo","Auto Shields"],"picked":"Buffer","floor":14},{"not_picked":["Rainbow","Biased Cognition"],"picked":"All For One","floor":16},{"not_picked":["Stack","Sweeping Beam"],"picked":"Hologram","floor":18},{"not_picked":["Go for the Eyes","Leap"],"picked":"Cold Snap+1","floor":19},{"not_picked":["Stack","Conserve Battery"],"picked":"Rebound+1","floor":21},{"not_picked":["Rebound","Double Energy"],"picked":"Defragment","floor":22},{"not_picked":["Meteor Strike","Leap"],"picked":"Capacitor","floor":24},{"not_picked":["Ball Lightning+1","Glacier"],"picked":"Steam Power","floor":29},{"not_picked":["Steam","Barrage"],"picked":"Machine Learning","floor":30},{"not_picked":["Rebound","Cold Snap","Streamline"],"picked":"SKIP","floor":31},{"not_picked":["Machine Learning","Creative AI"],"picked":"Seek","floor":33},{"not_picked":["Turbo","Doom and Gloom+1"],"picked":"Go for the Eyes","floor":35},{"not_picked":["Streamline+1","Blizzard+1"],"picked":"Hologram+1","floor":36},{"not_picked":["Loop","Coolheaded","Conserve Battery+1"],"picked":"SKIP","floor":38},{"not_picked":["Stack+1","Turbo","Undo"],"picked":"SKIP","floor":39},{"not_picked":["Fusion","Auto Shields+1"],"picked":"Scrape+1","floor":44},{"not_picked":["Rebound+1","Redo+1"],"picked":"Double Energy+1","floor":47},{"not_picked":["Auto Shields+1","Scrape+1","Hyperbeam+1"],"picked":"SKIP","floor":54}],"player_experience":108107,"relics_obtained":[{"floor":6,"key":"Ginger"},{"floor":9,"key":"Shovel"},{"floor":11,"key":"War Paint"},{"floor":14,"key":"Cables"},{"floor":15,"key":"Anchor"},{"floor":22,"key":"Red Mask"},{"floor":23,"key":"Dead Branch"},{"floor":25,"key":"Sundial"},{"floor":26,"key":"Dodecahedron"},{"floor":27,"key":"Boot"},{"floor":30,"key":"Dream Catcher"},{"floor":32,"key":"Whetstone"},{"floor":40,"key":"Molten Egg 2"},{"floor":42,"key":"Omamori"},{"floor":54,"key":"Vajra"}],"event_choices":[{"damage_healed":0,"gold_gain":0,"player_choice":"Donut","damage_taken":0,"max_hp_gain":5,"max_hp_loss":0,"event_name":"Big Fish","floor":2,"gold_loss":0},{"damage_healed":0,"gold_gain":0,"player_choice":"Success","damage_taken":3,"relics_obtained":["Bird Faced Urn"],"max_hp_gain":0,"max_hp_loss":0,"event_name":"Scrap Ooze","floor":4,"gold_loss":0},{"cards_removed":["Strike_B"],"damage_healed":0,"gold_gain":0,"player_choice":"Card Removal","damage_taken":0,"max_hp_gain":0,"max_hp_loss":0,"event_name":"The Cleric","floor":8,"gold_loss":50},{"damage_healed":0,"gold_gain":0,"player_choice":"Opened","damage_taken":0,"relics_obtained":["Mercury Hourglass"],"max_hp_gain":0,"max_hp_loss":0,"event_name":"The Mausoleum","floor":20,"gold_loss":0,"cards_obtained":["Writhe"]},{"damage_healed":0,"gold_gain":0,"player_choice":"Fought Bandits","damage_taken":0,"max_hp_gain":0,"max_hp_loss":0,"event_name":"Masked Bandits","floor":22,"gold_loss":0},{"damage_healed":0,"gold_gain":0,"player_choice":"Max HP","damage_taken":0,"max_hp_gain":0,"max_hp_loss":4,"event_name":"Winding Halls","floor":37,"gold_loss":0},{"damage_healed":0,"gold_gain":0,"cards_transformed":["Strike_B"],"player_choice":"Transformed","damage_taken":0,"max_hp_gain":0,"max_hp_loss":0,"event_name":"Transmorgrifier","floor":41,"gold_loss":0,"cards_obtained":["Steam"]},{"cards_removed":["Steam"],"damage_healed":0,"gold_gain":0,"player_choice":"Removed Skill","damage_taken":0,"max_hp_gain":0,"max_hp_loss":0,"event_name":"Falling","floor":48,"gold_loss":0}],"is_beta":false,"boss_relics":[{"not_picked":["Ectoplasm","Velvet Choker"],"picked":"Empty Cage"},{"not_picked":["Lizard Tail","Runic Dome"],"picked":"FrozenCore"}],"items_purged_floors":[28,45],"is_endless":false,"potions_floor_spawned":[3,12,14,18,22,24,29,30,38,44],"killed_by":"The Heart","ascension_level":0}