{"gold_per_floor":[10,25,81,1,16,16,29,64,64,82,98,117,42,58,58,135,135,150,150,60,60,60,60,60,60,85,101,121,135,151,166,166,166],"floor_reached":33,"playtime":1662,"items_purged":["Strike_G"],"score":506,"play_id":"bd193290-7d67-4696-b6eb-b995a660ab36","local_time":"20190404002948","is_ascension_mode":true,"campfire_choices":[{"data":"Bouncing Flask","floor":6,"key":"SMITH"},{"data":"Skewer","floor":15,"key":"SMITH"},{"data":"Bandage Up","floor":23,"key":"SMITH"},{"data":"Venomology","floor":25,"key":"SMITH"},{"data":"Crippling Poison","floor":32,"key":"SMITH"}],"neow_cost":"NO_GOLD","seed_source_timestamp":529448068419530,"circlet_count":0,"master_deck":["AscendersBane","Defend_G","Defend_G","Defend_G","Defend_G","Defend_G","Strike_G","Strike_G","Strike_G","Strike_G","Survivor","Neutralize","PiercingWail","Dagger Spray","Bouncing Flask+1","Deadly Poison","Glass Knife","Dash","Crippling Poison+1","Dodge and Roll","Skewer+1","Venomology+1","Caltrops","Backstab","Calculated Gamble","Bandage Up+1","Ghostly","Ghostly","Ghostly","Backflip"],"relics":["Ring of the Snake","Thread and Needle","Tiny Chest","Art of War","Ninja Scroll","Orrery","Vajra","Enchiridion","Bag of Marbles"],"potions_floor_usage":[14,16,27,28,30,31,33,33,33],"damage_taken":[{"damage":0,"enemies":"Cultist","floor":1,"turns":3},{"damage":4,"enemies":"Jaw Worm","floor":2,"turns":6},{"damage":0,"enemies":"2 Louse","floor":5,"turns":2},{"damage":12,"enemies":"2 Fungi Beasts","floor":7,"turns":4},{"damage":29,"enemies":"Gremlin Nob","floor":8,"turns":4},{"damage":0,"enemies":"Exordium Wildlife","floor":10,"turns":2},{"damage":0,"enemies":"3 Louse","floor":11,"turns":2},{"damage":0,"enemies":"Blue Slaver","floor":12,"turns":3},{"damage":0,"enemies":"Large Slime","floor":14,"turns":6},{"damage":2,"enemies":"Hexaghost","floor":16,"turns":9},{"damage":11,"enemies":"Shell Parasite","floor":18,"turns":5},{"damage":0,"enemies":"3 Byrds","floor":27,"turns":5},{"damage":0,"enemies":"Snecko","floor":28,"turns":5},{"damage":0,"enemies":"Snake Plant","floor":29,"turns":3},{"damage":1,"enemies":"3 Cultists","floor":30,"turns":6},{"damage":13,"enemies":"Sentry and Sphere","floor":31,"turns":8},{"damage":36,"enemies":"Champ","floor":33,"turns":9}],"seed_played":"3636844393377992040","potions_obtained":[{"floor":8,"key":"Weak Potion"},{"floor":10,"key":"Regen Potion"},{"floor":11,"key":"Regen Potion"},{"floor":12,"key":"Block Potion"},{"floor":14,"key":"Dexterity Potion"},{"floor":27,"key":"Ancient Potion"},{"floor":28,"key":"Regen Potion"},{"floor":29,"key":"PowerPotion"}],"is_trial":false,"path_per_floor":["M","M","T","$","M","R","M","E","T","M","M","M","$","M","R","B",null,"M","?","$","$","?","R","?","R","T","M","M","M","M","M","R","B"],"character_chosen":"THE_SILENT","items_purchased":["Bouncing Flask","Bandage Up"],"campfire_rested":0,"item_purchase_floors":[4,20],"current_hp_per_floor":[59,55,55,55,55,55,43,14,14,14,14,14,14,29,29,27,56,45,45,45,45,24,24,24,24,24,30,33,33,33,26,26,0],"gold":166,"neow_bonus":"ONE_RARE_RELIC","is_prod":false,"is_daily":false,"chose_seed":false,"campfire_upgraded":5,"win_rate":0,"timestamp":1554359388,"path_taken":["M","M","?","?","M","R","M","E","T","M","M","M","$","M","R","BOSS","M","?","?","$","?","R","?","R","T","M","M","?","M","M","R","BOSS"],"build_version":"2019-01-23","purchased_purges":1,"victory":false,"max_hp_per_floor":[66,66,66,66,66,66,66,66,66,66,66,66,66,66,66,66,66,66,66,66,66,66,66,33,33,33,33,33,33,33,33,33,33],"card_choices":[{"not_picked":["Backflip","Blade Dance"],"picked":"PiercingWail","floor":1},{"not_picked":["PiercingWail","Terror"],"picked":"Dagger Spray","floor":2},{"not_picked":["Dagger Spray","Flying Knee"],"picked":"Deadly Poison","floor":5},{"not_picked":["Underhanded Strike","Deflect"],"picked":"Glass Knife","floor":7},{"not_picked":["Escape Plan","Predator"],"picked":"Dash","floor":8},{"not_picked":["Deflect","Tactician"],"picked":"Crippling Poison","floor":10},{"not_picked":["Expertise","Poisoned Stab"],"picked":"Dodge and Roll","floor":11},{"not_picked":["Crippling Poison","Dagger Throw"],"picked":"Escape Plan","floor":12},{"not_picked":["Heel Hook","Acrobatics"],"picked":"Skewer","floor":14},{"not_picked":["Doppelganger","Grand Finale"],"picked":"Venomology","floor":16},{"not_picked":["Concentrate","Flying Knee"],"picked":"Caltrops","floor":17},{"not_picked":["Dagger Throw","Blade Dance"],"picked":"Backstab","floor":17},{"not_picked":["Dash","Skewer"],"picked":"Calculated Gamble","floor":17},{"not_picked":["Backstab","Endless Agony+1","Cloak And Dagger"],"picked":"SKIP","floor":18},{"not_picked":["Skewer","Eviscerate","Poisoned Stab"],"picked":"SKIP","floor":27},{"not_picked":["Deflect","Sucker Punch"],"picked":"Backflip","floor":28},{"not_picked":["Escape Plan","Blade Dance","Skewer"],"picked":"SKIP","floor":29},{"not_picked":["Backflip","Bouncing Flask","Sucker Punch+1"],"picked":"SKIP","floor":30},{"not_picked":["Dagger Throw","All Out Attack+1","Venomology"],"picked":"SKIP","floor":31}],"player_experience":434343,"relics_obtained":[{"floor":3,"key":"Tiny Chest"},{"floor":8,"key":"Art of War"},{"floor":9,"key":"Ninja Scroll"},{"floor":22,"key":"Enchiridion"},{"floor":26,"key":"Bag of Marbles"}],"event_choices":[{"cards_removed":["Escape Plan"],"damage_healed":0,"gold_gain":0,"player_choice":"Gave Card","damage_taken":0,"relics_obtained":["Vajra"],"max_hp_gain":0,"max_hp_loss":0,"event_name":"WeMeetAgain","floor":19,"gold_loss":0},{"damage_healed":0,"gold_gain":0,"player_choice":"Obtained Book","damage_taken":21,"max_hp_gain":0,"max_hp_loss":0,"event_name":"Cursed Tome","floor":22,"gold_loss":0},{"damage_healed":0,"gold_gain":0,"player_choice":"Became a Ghost","damage_taken":0,"max_hp_gain":0,"max_hp_loss":33,"event_name":"Ghosts","floor":24,"gold_loss":0,"cards_obtained":["Ghostly","Ghostly","Ghostly"]}],"is_beta":false,"boss_relics":[{"not_picked":["Fusion Hammer","Empty Cage"],"picked":"Orrery"}],"items_purged_floors":[13],"is_endless":false,"potions_floor_spawned":[8,10,11,12,14,27,28,29],"killed_by":"Champ","ascension_level":20}