{"gold_per_floor":[118,136,136,136,153,153,188,188,188,188,208,234,234,309,309,309],"floor_reached":16,"playtime":696,"items_purged":[],"score":124,"play_id":"e70964fa-5c0f-435a-b1fa-406571bda80c","local_time":"20190604220814","is_ascension_mode":true,"campfire_choices":[{"data":"Self Repair","floor":6,"key":"SMITH"},{"data":"Zap","floor":8,"key":"SMITH"},{"data":"Coolheaded","floor":10,"key":"SMITH"},{"data":"Machine Learning","floor":13,"key":"SMITH"},{"data":"Go for the Eyes","floor":15,"key":"SMITH"}],"neow_cost":"NONE","seed_source_timestamp":354963598691671,"circlet_count":0,"master_deck":["Strike_B","Strike_B","Strike_B","Defend_B","Defend_B","Defend_B","Defend_B","Zap+1","Dualcast","Self Repair+1","Coolheaded+1","Auto Shields","Go for the Eyes+1","Machine Learning+1"],"relics":["Cracked Core","NeowsBlessing","Gremlin Horn","Potion Belt","Art of War","Letter Opener"],"potions_floor_usage":[7,7],"damage_taken":[{"damage":0,"enemies":"Jaw Worm","floor":1,"turns":1},{"damage":0,"enemies":"Small Slimes","floor":2,"turns":1},{"damage":0,"enemies":"2 Louse","floor":5,"turns":1},{"damage":26,"enemies":"Lagavulin","floor":7,"turns":7},{"damage":6,"enemies":"Blue Slaver","floor":11,"turns":3},{"damage":21,"enemies":"3 Sentries","floor":12,"turns":10},{"damage":41,"enemies":"Hexaghost","floor":16,"turns":13}],"seed_played":"-6829222827348411438","potions_obtained":[{"floor":1,"key":"Block Potion"},{"floor":5,"key":"AttackPotion"},{"floor":12,"key":"Explosive Potion"}],"is_trial":false,"path_per_floor":["M","M","?","?","M","R","E","R","T","R","M","E","R","?","R","B"],"character_chosen":"DEFECT","items_purchased":[],"campfire_rested":0,"item_purchase_floors":[],"current_hp_per_floor":[75,75,68,65,72,72,56,56,56,56,60,49,49,38,38,0],"gold":309,"neow_bonus":"THREE_ENEMY_KILL","is_prod":false,"is_daily":false,"chose_seed":false,"campfire_upgraded":5,"win_rate":0,"timestamp":1559707694,"path_taken":["M","M","?","?","M","R","E","R","T","R","M","E","R","?","R","BOSS"],"build_version":"2019-01-23","purchased_purges":0,"victory":false,"max_hp_per_floor":[75,75,75,75,75,75,75,75,75,75,75,75,75,75,75,75],"card_choices":[{"not_picked":["Hello World","Gash","Skim"],"picked":"SKIP","floor":1},{"not_picked":["Force Field","Redo"],"picked":"Self Repair","floor":2},{"not_picked":["Streamline","Reinforced Body"],"picked":"Coolheaded","floor":5},{"not_picked":["Capacitor","Reprogram"],"picked":"Auto Shields","floor":7},{"not_picked":["Multi-Cast","Redo"],"picked":"Go for the Eyes","floor":11},{"not_picked":["Gash","Conserve Battery"],"picked":"Machine Learning","floor":12}],"player_experience":668452,"relics_obtained":[{"floor":7,"key":"Potion Belt"},{"floor":9,"key":"Art of War"},{"floor":12,"key":"Letter Opener"}],"event_choices":[{"cards_removed":["Strike_B"],"damage_healed":0,"gold_gain":0,"player_choice":"Card Removal","damage_taken":7,"max_hp_gain":0,"max_hp_loss":0,"event_name":"Golden Wing","floor":3,"gold_loss":0},{"damage_healed":0,"gold_gain":0,"player_choice":"Success","damage_taken":3,"relics_obtained":["Gremlin Horn"],"max_hp_gain":0,"max_hp_loss":0,"event_name":"Scrap Ooze","floor":4,"gold_loss":0},{"damage_healed":0,"gold_gain":75,"player_choice":"Gather Gold","damage_taken":11,"max_hp_gain":0,"max_hp_loss":0,"event_name":"World of Goop","floor":14,"gold_loss":0}],"is_beta":false,"boss_relics":[],"items_purged_floors":[],"is_endless":false,"potions_floor_spawned":[1,5,12],"killed_by":"Hexaghost","ascension_level":3}