{"path_per_floor":["M","M","?","M","M","E","M","M","T","R","E","R","E","?","R","B",null,"M","M","?","M","M","R"],"character_chosen":"IRONCLAD","items_purchased":[],"gold_per_floor":[117,137,137,154,166,497,512,523,600,600,628,628,657,657,657,754,754,774,789,789,805,819,819,819],"floor_reached":24,"campfire_rested":4,"playtime":2388,"current_hp_per_floor":[80,80,73,75,77,46,38,14,14,38,13,37,28,28,52,19,80,72,51,51,49,8,32,0],"items_purged":[],"gold":819,"score":220,"play_id":"7f505765-4f02-4ca3-86a9-ade38a64bafe","local_time":"20180523113458","is_prod":false,"is_daily":false,"chose_seed":false,"is_ascension_mode":false,"campfire_upgraded":0,"timestamp":1527039298,"campfire_choices":[{"floor":10,"key":"REST"},{"floor":12,"key":"REST"},{"floor":15,"key":"REST"},{"floor":23,"key":"REST"}],"path_taken":["M","M","?","M","M","E","M","M","T","R","E","R","E","?","R","BOSS","M","M","?","M","M","R","E"],"build_version":"2018-05-17","seed_source_timestamp":7141884845072,"purchased_purges":0,"victory":false,"master_deck":["Strike_R+1","Strike_R+1","Strike_R+1","Strike_R+1","Defend_R+1","Defend_R+1","Defend_R+1","Defend_R+1","Bash","Spot Weakness","Pommel Strike","Cleave","Headbutt","Blood for Blood+1","Iron Wave","Whirlwind","Flex","Bludgeon","Infernal Blade","Dual Wield","Spot Weakness","Seeing Red+1","Immolate","Pommel Strike+1"],"max_hp_per_floor":[80,80,80,80,80,80,80,80,80,80,80,80,80,80,80,80,80,80,80,80,80,80,80,80],"relics":["Burning Blood","Old Coin","Kunai","Orichalcum","Prayer Wheel","Black Star"],"card_choices":[{"not_picked":["Pommel Strike","Shrug It Off"],"picked":"Spot Weakness","floor":1},{"not_picked":["Anger","Iron Wave"],"picked":"Pommel Strike","floor":2},{"not_picked":["Sever Soul","Battle Trance"],"picked":"Cleave","floor":4},{"not_picked":["Warcry","Dark Embrace"],"picked":"Headbutt","floor":5},{"not_picked":["Corruption","Body Slam"],"picked":"Blood for Blood","floor":6},{"not_picked":["Headbutt","Body Slam"],"picked":"Iron Wave","floor":7},{"not_picked":["Cleave","Sever Soul"],"picked":"Whirlwind","floor":8},{"not_picked":["Thunderclap","Sword Boomerang","True Grit"],"picked":"SKIP","floor":11},{"not_picked":["Sword Boomerang","Warcry"],"picked":"Flex","floor":13},{"not_picked":["Feed","Juggernaut"],"picked":"Bludgeon","floor":16},{"not_picked":["Body Slam","Corruption+1"],"picked":"Infernal Blade","floor":18},{"not_picked":["Spot Weakness","Carnage"],"picked":"Dual Wield","floor":18},{"not_picked":["Wild Strike","Thunderclap"],"picked":"Spot Weakness","floor":19},{"not_picked":["Heavy Blade","Clothesline","Fire Breathing"],"picked":"SKIP","floor":19},{"not_picked":["Iron Wave","Flex"],"picked":"Seeing Red+1","floor":21},{"not_picked":["Entrench","Body Slam","Battle Trance"],"picked":"SKIP","floor":21},{"not_picked":["Power Through","Perfected Strike"],"picked":"Immolate","floor":22},{"not_picked":["Perfected Strike","Shockwave"],"picked":"Pommel Strike+1","floor":22}],"player_experience":45046,"potions_floor_usage":[5,11,22,24],"damage_taken":[{"damage":1,"enemies":"Cultist","floor":1,"turns":4},{"damage":0,"enemies":"Small Slimes","floor":2,"turns":3},{"damage":4,"enemies":"2 Louse","floor":4,"turns":4},{"damage":4,"enemies":"Gremlin Gang","floor":5,"turns":4},{"damage":37,"enemies":"Gremlin Nob","floor":6,"turns":5},{"damage":14,"enemies":"Large Slime","floor":7,"turns":6},{"damage":30,"enemies":"Exordium Thugs","floor":8,"turns":5},{"damage":31,"enemies":"Lagavulin","floor":11,"turns":7},{"damage":15,"enemies":"Gremlin Nob","floor":13,"turns":4},{"damage":39,"enemies":"The Guardian","floor":16,"turns":8},{"damage":14,"enemies":"2 Thieves","floor":18,"turns":4},{"damage":27,"enemies":"Chosen","floor":19,"turns":5},{"damage":8,"enemies":"Snecko","floor":21,"turns":4},{"damage":47,"enemies":"Sentry and Sphere","floor":22,"turns":7},{"damage":34,"enemies":"Book of Stabbing","floor":24,"turns":4}],"relics_obtained":[{"floor":6,"key":"Old Coin"},{"floor":9,"key":"Kunai"},{"floor":11,"key":"Orichalcum"},{"floor":13,"key":"Prayer Wheel"}],"event_choices":[{"event_name":"Golden Wing","player_choice":"Card Removal","floor":3,"damage_taken":0},{"event_name":"Accursed Blacksmith","player_choice":"Forge","floor":14,"damage_taken":0},{"event_name":"Back to Basics","player_choice":"Simplicity","floor":20,"damage_taken":0}],"boss_relics":[{"not_picked":["Sozu","Tiny House"],"picked":"Black Star"}],"potions_floor_spawned":[2,4,6,7,13,16,18,21,22],"seed_played":"-3509158513030543679","killed_by":"Book of Stabbing","ascension_level":0,"potions_obtained":[{"floor":2,"key":"Swift Potion"},{"floor":4,"key":"GamblersBrew"},{"floor":6,"key":"SmokeBomb"},{"floor":7,"key":"Ancient Potion"},{"floor":13,"key":"Ancient Potion"},{"floor":16,"key":"SpeedPotion"},{"floor":21,"key":"Poison Potion"},{"floor":22,"key":"SpeedPotion"}],"is_trial":false}