{"gold_per_floor":[113,38,38,54,102,102,143,143,170,204,224,243,257,300,300,300],"floor_reached":16,"playtime":482,"items_purged":[],"score":290,"play_id":"07a54e77-f8d3-4daf-a8ea-4fa7ad90881a","local_time":"20190406002227","is_ascension_mode":true,"campfire_choices":[{"data":"Choke","floor":6,"key":"SMITH"},{"data":"Neutralize","floor":8,"key":"SMITH"},{"floor":15,"key":"REST"}],"neow_cost":"NONE","seed_source_timestamp":702988996830714,"circlet_count":0,"master_deck":["AscendersBane","Defend_G","Defend_G","Defend_G","Defend_G","Defend_G","Strike_G","Strike_G","Strike_G","Strike_G","Survivor","Neutralize+1","Choke+1","Deadly Poison","Noxious Fumes"],"relics":["Ring of the Snake","NeowsBlessing","Golden Idol","Happy Flower","Singing Bowl","Lantern","PreservedInsect","Centennial Puzzle"],"potions_floor_usage":[10,14,16],"damage_taken":[{"damage":0,"enemies":"Jaw Worm","floor":1,"turns":1},{"damage":0,"enemies":"Small Slimes","floor":4,"turns":1},{"damage":0,"enemies":"Lagavulin","floor":7,"turns":1},{"damage":37,"enemies":"3 Sentries","floor":10,"turns":11},{"damage":0,"enemies":"Cultist","floor":11,"turns":2},{"damage":16,"enemies":"Exordium Thugs","floor":12,"turns":4},{"damage":0,"enemies":"Red Slaver","floor":13,"turns":3},{"damage":1,"enemies":"Gremlin Nob","floor":14,"turns":3},{"damage":38,"enemies":"Hexaghost","floor":16,"turns":9}],"seed_played":"7990836521369597300","potions_obtained":[{"floor":1,"key":"Strength Potion"},{"floor":4,"key":"Swift Potion"},{"floor":10,"key":"Energy Potion"},{"floor":13,"key":"PowerPotion"},{"floor":14,"key":"Fruit Juice"}],"is_trial":false,"path_per_floor":["M","?","?","M","T","R","E","R","T","E","M","M","M","E","R","B"],"character_chosen":"THE_SILENT","items_purchased":[],"campfire_rested":1,"item_purchase_floors":[],"current_hp_per_floor":[59,59,59,59,59,59,61,61,61,24,26,10,12,13,33,0],"gold":300,"neow_bonus":"THREE_ENEMY_KILL","is_prod":false,"is_daily":false,"chose_seed":false,"campfire_upgraded":2,"win_rate":0,"timestamp":1554531747,"path_taken":["M","?","?","M","?","R","E","R","T","E","M","M","?","E","R","BOSS"],"build_version":"2019-01-23","purchased_purges":0,"victory":false,"max_hp_per_floor":[66,66,60,60,60,60,62,62,62,62,64,64,66,68,68,73],"card_choices":[{"not_picked":["Backflip","Deflect","Acrobatics"],"picked":"SKIP","floor":1},{"not_picked":["Cloak And Dagger","Backflip"],"picked":"Choke","floor":4},{"not_picked":["Accuracy","Wraith Form v2","Bane"],"picked":"Singing Bowl","floor":7},{"not_picked":["Finisher","Riddle With Holes"],"picked":"Deadly Poison","floor":10},{"not_picked":["Riddle With Holes","Quick Slash","Escape Plan"],"picked":"Singing Bowl","floor":11},{"not_picked":["Calculated Gamble","Riddle With Holes"],"picked":"Noxious Fumes","floor":12},{"not_picked":["Tactician","PiercingWail","Catalyst"],"picked":"Singing Bowl","floor":13},{"not_picked":["Flechettes","Expertise","Flying Knee"],"picked":"Singing Bowl","floor":14}],"player_experience":461050,"relics_obtained":[{"floor":5,"key":"Happy Flower"},{"floor":7,"key":"Singing Bowl"},{"floor":9,"key":"Lantern"},{"floor":10,"key":"PreservedInsect"},{"floor":14,"key":"Centennial Puzzle"}],"event_choices":[{"cards_removed":["Strike_G"],"damage_healed":0,"gold_gain":0,"player_choice":"Card Removal","damage_taken":0,"max_hp_gain":0,"max_hp_loss":0,"event_name":"The Cleric","floor":2,"gold_loss":75},{"damage_healed":0,"gold_gain":0,"player_choice":"Lose Max HP","damage_taken":0,"relics_obtained":["Golden Idol"],"max_hp_gain":0,"max_hp_loss":6,"event_name":"Golden Idol","floor":3,"gold_loss":0}],"is_beta":false,"boss_relics":[],"items_purged_floors":[],"is_endless":false,"potions_floor_spawned":[1,4,10,13,14],"killed_by":"Hexaghost","ascension_level":20}