{"gold_per_floor":[111,60,10,23,102,133,194,214,214,226,226,41,41,58,58,129,129,148,181,96,149,67,67,67,93,105,117,154,166,197,221,233,245],"floor_reached":33,"playtime":1370,"items_purged":[],"score":563,"play_id":"fd7ece8c-6ca2-4850-bb64-4bceda7b34e3","local_time":"20190605182819","is_ascension_mode":true,"campfire_choices":[{"floor":11.0,"key":"REST"},{"floor":13.0,"key":"REST"},{"data":"Demon Form","floor":15.0,"key":"SMITH"},{"floor":23.0,"key":"REST"},{"floor":27.0,"key":"REST"},{"data":"Heavy Blade","floor":29.0,"key":"SMITH"},{"floor":32.0,"key":"REST"}],"neow_cost":"NONE","seed_source_timestamp":4297131632099526,"circlet_count":0,"master_deck":["AscendersBane","Strike_R","Strike_R","Strike_R","Strike_R","Defend_R","Defend_R","Defend_R","Defend_R","Bash","Clothesline","Pommel Strike","Warcry","Anger","Shrug It Off","Demon Form+1","Heavy Blade+1","Limit Break","Headbutt","Iron Wave+1","Battle Trance","True Grit","Pummel","True Grit+1"],"special_seed":0,"relics":["Burning Blood","Darkstone Periapt","Sundial","Anchor","Sozu","Red Mask","Singing Bowl","Regal Pillow","Happy Flower","MawBank","Ice Cream","Matryoshka"],"potions_floor_usage":[],"damage_taken":[{"damage":10.0,"enemies":"2 Louse","floor":1.0,"turns":3.0},{"damage":7.0,"enemies":"Small Slimes","floor":4.0,"turns":5.0},{"damage":24.0,"enemies":"Gremlin Nob","floor":6.0,"turns":5.0},{"damage":50.0,"enemies":"Lagavulin Event","floor":7.0,"turns":6.0},{"damage":7.0,"enemies":"Jaw Worm","floor":8.0,"turns":3.0},{"damage":0.0,"enemies":"Red Slaver","floor":10.0,"turns":3.0},{"damage":0.0,"enemies":"Large Slime","floor":14.0,"turns":5.0},{"damage":0.0,"enemies":"Slime Boss","floor":16.0,"turns":6.0},{"damage":25.0,"enemies":"3 Byrds","floor":18.0,"turns":5.0},{"damage":55.0,"enemies":"Masked Bandits","floor":19.0,"turns":5.0},{"damage":18.0,"enemies":"Book of Stabbing","floor":25.0,"turns":4.0},{"damage":39.0,"enemies":"Slavers","floor":28.0,"turns":5.0},{"damage":17.0,"enemies":"2 Thieves","floor":30.0,"turns":3.0},{"damage":21.0,"enemies":"3 Cultists","floor":31.0,"turns":5.0},{"damage":80,"enemies":"Automaton","floor":33,"turns":6}],"seed_played":"-7062310078236660446","potions_obtained":[{"floor":1.0,"key":"Strength Potion"},{"floor":7.0,"key":"SteroidPotion"}],"is_trial":false,"path_per_floor":["M","$","?","M","?","E","?","M","T","M","R","$","R","M","R","B",null,"M","?","?","T","$","R","T","E","T","R","E","R","M","M","R","B"],"character_chosen":"IRONCLAD","items_purchased":["Clothesline","Demon Form","PowerPotion","Battle Trance"],"campfire_rested":5,"item_purchase_floors":[2,12,12,22],"current_hp_per_floor":[71,71,71,70,70,52,8,7,7,13,37,37,61,67,67,73,80,61,12,12,12,12,51,51,41,41,81,48,48,37,22,62,0],"gold":245,"neow_bonus":"TEN_PERCENT_HP_BONUS","is_prod":false,"is_daily":false,"chose_seed":false,"campfire_upgraded":2,"win_rate":0,"timestamp":1559773699,"path_taken":["M","$","?","M","?","E","?","M","T","?","R","?","R","M","R","BOSS","M","?","?","?","$","R","?","E","T","R","E","R","?","M","R","BOSS"],"build_version":"2019-01-23","purchased_purges":0,"victory":false,"max_hp_per_floor":[82,82,82,82,82,82,82,82,82,82,82,82,82,82,82,82,82,82,82,82,82,82,82,82,84,84,84,84,84,84,84,84,84],"card_choices":[{"not_picked":["Seeing Red","Havoc","Second Wind"],"picked":"SKIP","floor":1.0},{"not_picked":["Twin Strike","Dual Wield"],"picked":"Pommel Strike","floor":4.0},{"not_picked":["Second Wind","Wild Strike","Warcry"],"picked":"SKIP","floor":6.0},{"not_picked":["Rage","Intimidate"],"picked":"Warcry","floor":7.0},{"not_picked":["Iron Wave","Shockwave"],"picked":"Anger","floor":8.0},{"not_picked":["Pummel","Anger"],"picked":"Shrug It Off","floor":10.0},{"not_picked":["Uppercut","Juggernaut"],"picked":"Heavy Blade","floor":14.0},{"not_picked":["Fiend Fire","Immolate"],"picked":"Limit Break","floor":16.0},{"not_picked":["Iron Wave+1","Heavy Blade+1"],"picked":"Headbutt","floor":18.0},{"not_picked":["Headbutt","Carnage"],"picked":"Iron Wave+1","floor":19.0},{"not_picked":["Combust","Fire Breathing","Clothesline"],"picked":"Singing Bowl","floor":25.0},{"not_picked":["Infernal Blade","Spot Weakness"],"picked":"True Grit","floor":28.0},{"not_picked":["Cleave","Battle Trance"],"picked":"Pummel","floor":30.0},{"not_picked":["Clash","Flex"],"picked":"True Grit+1","floor":31.0}],"player_experience":174624,"relics_obtained":[{"floor":6.0,"key":"Darkstone Periapt"},{"floor":9.0,"key":"Anchor"},{"floor":19.0,"key":"Red Mask"},{"floor":21.0,"key":"Regal Pillow"},{"floor":24.0,"key":"Happy Flower"},{"floor":25.0,"key":"MawBank"},{"floor":26.0,"key":"Ice Cream"},{"floor":28.0,"key":"Matryoshka"}],"event_choices":[{"cards_removed":["Strike_R"],"damage_healed":0.0,"max_hp_gain":0.0,"max_hp_loss":0.0,"gold_gain":0.0,"event_name":"The Cleric","player_choice":"Card Removal","floor":3.0,"gold_loss":50.0,"damage_taken":0.0},{"damage_healed":0.0,"max_hp_gain":0.0,"max_hp_loss":0.0,"gold_gain":79.0,"event_name":"Golden Wing","player_choice":"Gained Gold","floor":5.0,"gold_loss":0.0,"damage_taken":0.0},{"damage_healed":0.0,"max_hp_gain":0.0,"max_hp_loss":0.0,"gold_gain":0.0,"event_name":"Dead Adventurer","player_choice":"Searched \u00272\u0027 times","floor":7.0,"gold_loss":0.0,"damage_taken":0.0,"relics_obtained":["Sundial"]},{"damage_healed":0.0,"max_hp_gain":0.0,"max_hp_loss":0.0,"gold_gain":0.0,"event_name":"Masked Bandits","player_choice":"Fought Bandits","floor":19.0,"gold_loss":0.0,"damage_taken":0.0},{"damage_healed":0.0,"max_hp_gain":0.0,"max_hp_loss":0.0,"gold_gain":0.0,"event_name":"Addict","player_choice":"Obtained Relic","floor":20.0,"gold_loss":85.0,"damage_taken":0.0,"relics_obtained":["Singing Bowl"]}],"is_beta":false,"boss_relics":[{"not_picked":["Lizard Tail","Tiny House"],"picked":"Sozu"}],"items_purged_floors":[],"is_endless":false,"potions_floor_spawned":[1,7,14,19,25,28],"killed_by":"Automaton","ascension_level":14}