{"gold_per_floor":[110,37,49,27,38,68,68,68,120,156,176,176,194,229,229,360,360,384,402,402,402],"floor_reached":21,"playtime":595,"items_purged":[],"score":279,"play_id":"632973ed-2021-48ec-a0f4-45efac41bc50","local_time":"20190424101956","is_ascension_mode":true,"campfire_choices":[{"data":"Inflame","floor":7,"key":"SMITH"},{"data":"Demon Form","floor":12,"key":"SMITH"},{"floor":15,"key":"REST"}],"neow_cost":"NONE","seed_source_timestamp":907142116391921,"circlet_count":0,"master_deck":["Strike_R","Strike_R","Strike_R","Strike_R","Strike_R","Defend_R","Defend_R","Defend_R","Defend_R","Bash","Pommel Strike","Inflame+1","Clothesline","Heavy Blade","Demon Form+1","Power Through"],"relics":["Burning Blood","NeowsBlessing","Bag of Preparation","Golden Idol","Vajra","Centennial Puzzle","Paper Frog","Runic Pyramid"],"potions_floor_usage":[13,14,16,16,16],"damage_taken":[{"damage":0,"enemies":"Cultist","floor":1,"turns":1},{"damage":0,"enemies":"Small Slimes","floor":3,"turns":1},{"damage":0,"enemies":"Jaw Worm","floor":5,"turns":1},{"damage":35,"enemies":"Lagavulin","floor":6,"turns":7},{"damage":12,"enemies":"Gremlin Nob","floor":10,"turns":3},{"damage":7,"enemies":"Blue Slaver","floor":11,"turns":4},{"damage":10,"enemies":"Gremlin Gang","floor":13,"turns":5},{"damage":25,"enemies":"3 Sentries","floor":14,"turns":7},{"damage":28,"enemies":"Hexaghost","floor":16,"turns":6},{"damage":41,"enemies":"Shell Parasite","floor":18,"turns":8},{"damage":22,"enemies":"Spheric Guardian","floor":19,"turns":4},{"damage":0,"enemies":"Centurion and Healer","floor":21,"turns":3}],"seed_played":"3352778718425899288","potions_obtained":[{"floor":1,"key":"Block Potion"},{"floor":5,"key":"Energy Potion"},{"floor":10,"key":"AttackPotion"},{"floor":13,"key":"SkillPotion"},{"floor":14,"key":"AttackPotion"},{"floor":18,"key":"Dexterity Potion"}],"is_trial":false,"path_per_floor":["M","$","M","$","M","E","R","?","T","E","M","R","M","E","R","B",null,"M","M","?","M"],"character_chosen":"IRONCLAD","items_purchased":["Inflame","Clothesline"],"campfire_rested":1,"item_purchase_floors":[2,4],"current_hp_per_floor":[78,78,80,80,80,51,51,51,51,45,44,44,40,21,43,21,61,26,10,10,10],"gold":402,"neow_bonus":"THREE_ENEMY_KILL","is_prod":false,"is_daily":false,"chose_seed":false,"campfire_upgraded":2,"win_rate":0,"timestamp":1556122796,"path_taken":["M","?","M","?","M","E","R","?","T","E","M","R","M","E","R","BOSS","M","M","?","M"],"build_version":"2019-01-23","purchased_purges":0,"victory":false,"max_hp_per_floor":[80,80,80,80,80,80,80,74,74,74,74,74,74,74,74,74,74,74,74,74,74],"card_choices":[{"not_picked":["Pummel","Corruption"],"picked":"Pommel Strike","floor":1},{"not_picked":["Sever Soul","Rage","Warcry"],"picked":"SKIP","floor":3},{"not_picked":["Perfected Strike","Combust"],"picked":"Heavy Blade","floor":5},{"not_picked":["Battle Trance","Rage","Infernal Blade"],"picked":"SKIP","floor":6},{"not_picked":["True Grit","Second Wind"],"picked":"Demon Form","floor":10},{"not_picked":["Inflame","Spot Weakness","Clothesline"],"picked":"SKIP","floor":11},{"not_picked":["Second Wind","Wild Strike","Perfected Strike"],"picked":"SKIP","floor":13},{"not_picked":["Pommel Strike","Intimidate","Burning Pact"],"picked":"SKIP","floor":14},{"not_picked":["Reckless Charge","True Grit","Body Slam+1"],"picked":"SKIP","floor":18},{"not_picked":["Warcry+1","Iron Wave"],"picked":"Power Through","floor":19}],"player_experience":527549,"relics_obtained":[{"floor":6,"key":"Bag of Preparation"},{"floor":9,"key":"Vajra"},{"floor":10,"key":"Centennial Puzzle"},{"floor":14,"key":"Paper Frog"}],"event_choices":[{"damage_healed":0,"gold_gain":0,"player_choice":"Lose Max HP","damage_taken":0,"relics_obtained":["Golden Idol"],"max_hp_gain":0,"max_hp_loss":6,"event_name":"Golden Idol","floor":8,"gold_loss":0},{"damage_healed":0,"gold_gain":0,"player_choice":"Ignored","damage_taken":0,"max_hp_gain":0,"max_hp_loss":0,"event_name":"Ghosts","floor":20,"gold_loss":0}],"is_beta":false,"boss_relics":[{"not_picked":["Tiny House","Runic Dome"],"picked":"Runic Pyramid"}],"items_purged_floors":[],"is_endless":false,"potions_floor_spawned":[1,5,10,13,14,18],"killed_by":"Centurion and Healer","ascension_level":8}