{"gold_per_floor":[119,136,136,152,168,168,188,219,219,253,253,276,197,212,212,338,338,358,378,378,378,378,398,438,461,486,486,500,500,518,536,536,666,666,685,1018,911,911,935,935,935,648,648,683,683,683,695,695],"floor_reached":48,"playtime":2186,"items_purged":[],"score":591,"play_id":"c00ce507-8623-4360-b09b-20c1e29ed432","local_time":"20180709195637","is_ascension_mode":true,"campfire_choices":[{"data":"Twin Strike","floor":6,"key":"SMITH"},{"data":"Whirlwind","floor":15,"key":"SMITH"},{"floor":27,"key":"REST"},{"data":"Barricade","floor":29,"key":"SMITH"},{"floor":32,"key":"REST"},{"data":"Mind Blast","floor":40,"key":"SMITH"},{"data":"Limit Break","floor":46,"key":"SMITH"}],"neow_cost":"NONE","seed_source_timestamp":29587735688043,"circlet_count":0,"master_deck":["Strike_R","Strike_R","Strike_R+1","Strike_R","Defend_R","Defend_R","Defend_R","Defend_R","Bash","Cleave","Ghostly Armor","Clash+1","Twin Strike+1","Infernal Blade","Whirlwind+1","Shockwave","Flex","Inflame","Barricade+1","Pommel Strike","Iron Wave+1","Headbutt+1","Hemokinesis+1","Limit Break+1","Shrug It Off+1","Mind Blast+1","Writhe","Offering","Shrug It Off+1","Disarm+1"],"relics":["Burning Blood","Happy Flower","Smiling Mask","Matryoshka","Kunai","Letter Opener","Sozu","Bottled Tornado","Bronze Scales","Strawberry","Runic Pyramid","Molten Egg 2","Regal Pillow","Oddly Smooth Stone","Whetstone","Darkstone Periapt"],"potions_floor_usage":[10,24,24,33],"damage_taken":[{"damage":6,"enemies":"2 Louse","floor":1,"turns":3},{"damage":0,"enemies":"Small Slimes","floor":2,"turns":3},{"damage":0,"enemies":"Cultist","floor":4,"turns":4},{"damage":10,"enemies":"Large Slime","floor":5,"turns":7},{"damage":1,"enemies":"3 Louse","floor":7,"turns":4},{"damage":20,"enemies":"Lagavulin","floor":8,"turns":5},{"damage":12,"enemies":"3 Sentries","floor":10,"turns":6},{"damage":0,"enemies":"Looter","floor":12,"turns":2},{"damage":0,"enemies":"2 Fungi Beasts","floor":14,"turns":2},{"damage":44,"enemies":"Hexaghost","floor":16,"turns":9},{"damage":0,"enemies":"3 Byrds","floor":18,"turns":2},{"damage":22,"enemies":"2 Thieves","floor":19,"turns":4},{"damage":3,"enemies":"Cultist and Chosen","floor":23,"turns":4},{"damage":41,"enemies":"Book of Stabbing","floor":24,"turns":5},{"damage":33,"enemies":"Snake Plant","floor":25,"turns":4},{"damage":17,"enemies":"Centurion and Healer","floor":28,"turns":5},{"damage":6,"enemies":"Snecko","floor":30,"turns":4},{"damage":12,"enemies":"3 Cultists","floor":31,"turns":4},{"damage":34,"enemies":"Automaton","floor":33,"turns":8},{"damage":18,"enemies":"Flame Bruiser 1 Orb","floor":35,"turns":5},{"damage":46,"enemies":"Nemesis","floor":44,"turns":7},{"damage":29,"enemies":"3 Darklings","floor":47,"turns":4},{"damage":31,"enemies":"Sphere and 2 Shapes","floor":48,"turns":3}],"seed_played":"565436980431548586","potions_obtained":[{"floor":5,"key":"LiquidBronze"},{"floor":8,"key":"BloodPotion"},{"floor":12,"key":"Weak Potion"},{"floor":14,"key":"Strength Potion"}],"is_trial":false,"path_per_floor":["M","M","?","M","M","R","M","E","T","E","?","M","$","M","R","B",null,"M","M","?","$","?","M","E","M","T","R","M","R","M","M","R","B",null,"M","?","$","?","T","R","?","$","T","E","$","R","M"],"character_chosen":"IRONCLAD","items_purchased":["Inflame","Mind Blast","Oddly Smooth Stone","Offering"],"campfire_rested":2,"item_purchase_floors":[13,37,42,42],"current_hp_per_floor":[80,80,60,66,62,62,67,53,53,55,52,58,58,64,64,26,80,80,64,80,80,80,80,45,18,25,51,40,40,40,34,60,32,87,75,75,75,87,87,87,87,87,87,47,47,47,24,0],"gold":695,"neow_bonus":"RANDOM_COMMON_RELIC","is_prod":false,"is_daily":false,"chose_seed":false,"campfire_upgraded":5,"win_rate":0,"timestamp":1531130197,"path_taken":["M","M","?","M","M","R","M","E","T","E","?","M","$","M","R","BOSS","M","M","?","$","?","M","E","M","T","R","?","R","M","M","R","BOSS","M","?","$","?","?","R","?","$","T","E","?","R","?","M"],"build_version":"2018-07-05","purchased_purges":0,"victory":false,"max_hp_per_floor":[80,80,80,80,80,80,80,80,80,80,80,80,80,80,80,80,80,80,80,80,80,80,80,80,80,87,87,87,87,87,87,87,87,87,87,87,87,87,87,87,87,87,87,87,87,87,87,87],"card_choices":[{"not_picked":["Thunderclap","Clash"],"picked":"Cleave","floor":1},{"not_picked":["Clothesline","Cleave"],"picked":"Ghostly Armor","floor":2},{"not_picked":["Sentinel","Flex"],"picked":"Clash","floor":4},{"not_picked":["Juggernaut","Disarm"],"picked":"Twin Strike","floor":5},{"not_picked":["Clash","Body Slam"],"picked":"Infernal Blade","floor":7},{"not_picked":["Havoc","Pommel Strike"],"picked":"Whirlwind","floor":8},{"not_picked":["Infernal Blade","Whirlwind"],"picked":"Shockwave","floor":10},{"not_picked":["Corruption","Thunderclap"],"picked":"Flex","floor":12},{"not_picked":["Rampage","Havoc","Disarm"],"picked":"SKIP","floor":14},{"not_picked":["Immolate","Bludgeon"],"picked":"Barricade","floor":16},{"not_picked":["Twin Strike","Reckless Charge+1"],"picked":"Pommel Strike","floor":18},{"not_picked":["Burning Pact","Infernal Blade"],"picked":"Iron Wave+1","floor":19},{"not_picked":["Dropkick","Power Through+1","Rage"],"picked":"SKIP","floor":23},{"not_picked":["Clothesline","Pommel Strike","Perfected Strike"],"picked":"SKIP","floor":24},{"not_picked":["Twin Strike","Sentinel","Rupture"],"picked":"SKIP","floor":25},{"not_picked":["Clothesline","Body Slam","Flex"],"picked":"SKIP","floor":28},{"not_picked":["Iron Wave","Dual Wield+1"],"picked":"Headbutt+1","floor":30},{"not_picked":["Clash","Body Slam"],"picked":"Hemokinesis+1","floor":31},{"not_picked":["Dark Embrace","Immolate"],"picked":"Limit Break","floor":33},{"not_picked":["Fire Breathing+1","Wild Strike"],"picked":"Shrug It Off+1","floor":35},{"not_picked":["Evolve+1","Thunderclap+1"],"picked":"Shrug It Off+1","floor":44},{"not_picked":["Clothesline+1","Anger+1"],"picked":"Disarm+1","floor":47}],"player_experience":97139,"relics_obtained":[{"floor":8,"key":"Smiling Mask"},{"floor":9,"key":"Matryoshka"},{"floor":10,"key":"Kunai"},{"floor":24,"key":"Bottled Tornado"},{"floor":26,"key":"Bronze Scales"},{"floor":26,"key":"Strawberry"},{"floor":39,"key":"Molten Egg 2"},{"floor":39,"key":"Regal Pillow"},{"floor":43,"key":"Whetstone"},{"floor":44,"key":"Darkstone Periapt"}],"event_choices":[{"event_name":"Golden Idol","player_choice":"Take Damage","floor":3,"damage_taken":0},{"event_name":"Scrap Ooze","player_choice":"success","floor":11,"damage_taken":3},{"event_name":"The Library","player_choice":"Heal","floor":20,"damage_taken":0},{"event_name":"Ghosts","player_choice":"Ignored","floor":22,"damage_taken":0},{"event_name":"The Moai Head","player_choice":"Gave Idol","floor":36,"damage_taken":0},{"event_name":"Winding Halls","player_choice":"Writhe","floor":38,"damage_taken":0},{"event_name":"Falling","player_choice":"Removed Attack","floor":41,"damage_taken":0}],"boss_relics":[{"not_picked":["Ectoplasm","Calling Bell"],"picked":"Sozu"},{"not_picked":["Lizard Tail","Runic Dome"],"picked":"Runic Pyramid"}],"items_purged_floors":[],"is_endless":false,"potions_floor_spawned":[5,8,12,14,16,18,19,24,31,47],"killed_by":"Sphere and 2 Shapes","ascension_level":3}