{"gold_per_floor":[118,61,78,78,78,109,109,184,232,248,266,226,198,198,198,273,273,289,125,175,175,20,20],"floor_reached":23,"playtime":1164,"items_purged":["Normality"],"score":413,"play_id":"071cb7d0-adba-47b4-a743-e9c1982d2804","local_time":"20190330231323","is_ascension_mode":true,"campfire_choices":[{"data":"Footwork","floor":7,"key":"SMITH"},{"data":"Neutralize","floor":15,"key":"SMITH"}],"neow_cost":"NONE","seed_source_timestamp":179761104617138,"circlet_count":0,"master_deck":["AscendersBane","Defend_G","Defend_G","Defend_G","Defend_G+1","Defend_G","Strike_G","Strike_G","Strike_G","Strike_G","Strike_G","Survivor+1","Neutralize+1","Footwork+1","PiercingWail","Backflip","Escape Plan","A Thousand Cuts","Doubt","Parasite","Caltrops","Bandage Up"],"relics":["Ring of the Snake","NeowsBlessing","Oddly Smooth Stone","Bag of Preparation","Calling Bell","Happy Flower","Paper Crane","Bird Faced Urn"],"potions_floor_usage":[16,16,23],"damage_taken":[{"damage":0,"enemies":"Jaw Worm","floor":1,"turns":1},{"damage":0,"enemies":"Small Slimes","floor":3,"turns":1},{"damage":0,"enemies":"Gremlin Nob","floor":6,"turns":1},{"damage":0,"enemies":"2 Louse","floor":10,"turns":5},{"damage":2,"enemies":"Exordium Wildlife","floor":11,"turns":7},{"damage":2,"enemies":"Looter","floor":12,"turns":4},{"damage":2,"enemies":"Exordium Thugs","floor":13,"turns":6},{"damage":9,"enemies":"The Guardian","floor":16,"turns":26},{"damage":46,"enemies":"Spheric Guardian","floor":18,"turns":16},{"damage":43,"enemies":"Gremlin Leader","floor":23,"turns":3}],"seed_played":"-7991855586023686298","potions_obtained":[{"floor":6,"key":"Poison Potion"}],"is_trial":false,"path_per_floor":["M","$","M","$","?","E","R","?","T","M","M","M","M","?","R","B",null,"M","$","?","?","$","E"],"character_chosen":"THE_SILENT","items_purchased":["Fire Potion","Caltrops","Bandage Up","Strength Potion"],"campfire_rested":0,"item_purchase_floors":[2,19,22,22],"current_hp_per_floor":[59,59,59,59,39,39,39,28,28,28,26,24,22,22,22,13,53,11,11,11,11,11,0],"gold":20,"neow_bonus":"THREE_ENEMY_KILL","is_prod":false,"is_daily":false,"chose_seed":false,"campfire_upgraded":2,"win_rate":0,"timestamp":1554009203,"path_taken":["M","$","M","$","?","E","R","?","T","M","M","M","M","?","R","BOSS","M","$","?","?","$","E"],"build_version":"2019-01-23","purchased_purges":1,"victory":false,"max_hp_per_floor":[66,66,66,66,66,66,66,66,66,66,66,66,66,66,66,66,66,66,66,66,66,66,66],"card_choices":[{"not_picked":["Underhanded Strike","Bane"],"picked":"Footwork","floor":1},{"not_picked":["Endless Agony","Masterful Stab"],"picked":"PiercingWail","floor":3},{"not_picked":["Heel Hook","Bane"],"picked":"Backflip","floor":6},{"not_picked":["Dagger Spray","Poisoned Stab"],"picked":"Escape Plan","floor":10},{"not_picked":["Bane","Dodge and Roll","PiercingWail"],"picked":"SKIP","floor":11},{"not_picked":["Phantasmal Killer","Prepared","Blade Dance"],"picked":"SKIP","floor":12},{"not_picked":["Eviscerate","Deadly Poison","Quick Slash"],"picked":"SKIP","floor":13},{"not_picked":["Doppelganger","Night Terror"],"picked":"A Thousand Cuts","floor":16},{"not_picked":["Flechettes","Bane","Tactician"],"picked":"SKIP","floor":18}],"player_experience":372390,"relics_obtained":[{"floor":6,"key":"Oddly Smooth Stone"},{"floor":9,"key":"Bag of Preparation"},{"floor":17,"key":"Happy Flower"},{"floor":17,"key":"Paper Crane"},{"floor":17,"key":"Bird Faced Urn"}],"event_choices":[{"damage_healed":0,"gold_gain":0,"player_choice":"Entered Light","damage_taken":20,"max_hp_gain":0,"max_hp_loss":0,"event_name":"Shining Light","floor":5,"gold_loss":0,"cards_upgraded":["Survivor","Defend_G"]},{"damage_healed":0,"gold_gain":75,"player_choice":"Gather Gold","damage_taken":11,"max_hp_gain":0,"max_hp_loss":0,"event_name":"World of Goop","floor":8,"gold_loss":0},{"damage_healed":0,"gold_gain":0,"player_choice":"Ignored","damage_taken":0,"max_hp_gain":0,"max_hp_loss":0,"event_name":"Liars Game","floor":14,"gold_loss":0},{"damage_healed":0,"gold_gain":50,"player_choice":"Stole From Cult","damage_taken":0,"max_hp_gain":0,"max_hp_loss":0,"event_name":"Nest","floor":20,"gold_loss":0},{"damage_healed":0,"gold_gain":0,"player_choice":"Ignored","damage_taken":0,"max_hp_gain":0,"max_hp_loss":0,"event_name":"The Mausoleum","floor":21,"gold_loss":0}],"is_beta":false,"boss_relics":[{"not_picked":["Black Star","Fusion Hammer"],"picked":"Calling Bell"}],"items_purged_floors":[19],"is_endless":false,"potions_floor_spawned":[6,11,13],"killed_by":"Gremlin Leader","ascension_level":19}