{"gold_per_floor":[111,111,111,131,150,150,190,190,190,221,221,221],"floor_reached":12,"playtime":335,"items_purged":[],"score":159,"play_id":"747bdbea-c6c4-45c0-b464-6da6d89de33c","local_time":"20190524235801","is_ascension_mode":true,"campfire_choices":[{"data":"Pommel Strike","floor":6,"key":"SMITH"},{"data":"Bash","floor":8,"key":"SMITH"},{"data":"Twin Strike","floor":11,"key":"SMITH"}],"neow_cost":"NONE","seed_source_timestamp":309857966124628,"circlet_count":0,"master_deck":["AscendersBane","Strike_R","Strike_R","Strike_R","Strike_R","Defend_R","Defend_R","Defend_R","Defend_R","Bash+1","Pommel Strike+1","Twin Strike+1"],"relics":["Burning Blood","NeowsBlessing","Golden Idol","Mummified Hand","Gremlin Horn","Meat on the Bone"],"potions_floor_usage":[7],"damage_taken":[{"damage":0,"enemies":"Jaw Worm","floor":1,"turns":1},{"damage":0,"enemies":"Small Slimes","floor":4,"turns":1},{"damage":0,"enemies":"Cultist","floor":5,"turns":1},{"damage":40,"enemies":"Lagavulin","floor":7,"turns":6},{"damage":30,"enemies":"3 Sentries","floor":10,"turns":10},{"damage":14,"enemies":"Large Slime","floor":12,"turns":3}],"seed_played":"6258653301857041033","potions_obtained":[{"floor":5,"key":"PowerPotion"}],"is_trial":false,"path_per_floor":["M","?","?","M","M","R","E","R","T","E","R","M"],"character_chosen":"IRONCLAD","items_purchased":[],"campfire_rested":0,"item_purchase_floors":[],"current_hp_per_floor":[74,68,68,68,68,68,34,34,34,10,10,0],"gold":221,"neow_bonus":"THREE_ENEMY_KILL","is_prod":false,"is_daily":false,"chose_seed":false,"campfire_upgraded":3,"win_rate":0,"timestamp":1558763881,"path_taken":["M","?","?","M","?","R","E","R","T","E","R","M"],"build_version":"2019-01-23","purchased_purges":0,"victory":false,"max_hp_per_floor":[75,68,68,68,68,68,68,68,68,68,68,68],"card_choices":[{"not_picked":["Heavy Blade","Flex","Metallicize"],"picked":"SKIP","floor":1},{"not_picked":["Second Wind","Heavy Blade","Flex"],"picked":"SKIP","floor":4},{"not_picked":["Sever Soul","Headbutt"],"picked":"Pommel Strike","floor":5},{"not_picked":["Searing Blow","Perfected Strike"],"picked":"Twin Strike","floor":7},{"not_picked":["Flex","Heavy Blade","Rupture"],"picked":"SKIP","floor":10}],"player_experience":603528,"relics_obtained":[{"floor":7,"key":"Mummified Hand"},{"floor":9,"key":"Gremlin Horn"},{"floor":10,"key":"Meat on the Bone"}],"event_choices":[{"damage_healed":0,"gold_gain":0,"player_choice":"Lose Max HP","damage_taken":0,"relics_obtained":["Golden Idol"],"max_hp_gain":0,"max_hp_loss":7,"event_name":"Golden Idol","floor":2,"gold_loss":0},{"cards_removed":["Strike_R"],"damage_healed":0,"gold_gain":0,"player_choice":"Offered Basic","damage_taken":0,"max_hp_gain":0,"max_hp_loss":0,"event_name":"Bonfire Elementals","floor":3,"gold_loss":0}],"is_beta":false,"boss_relics":[],"items_purged_floors":[],"is_endless":false,"potions_floor_spawned":[5],"killed_by":"Large Slime","ascension_level":17}