{"path_per_floor":["M","M","M","T","?","R","E","M","T","M","M","E","R","$","R","B",null,"M","M","$","M"],"character_chosen":"THE_SILENT","items_purchased":["Noxious Fumes","Infinite Blades"],"gold_per_floor":[109,123,143,143,143,143,172,186,186,198,212,247,247,105,105,203,203,220,236,58,76,76],"floor_reached":22,"campfire_rested":0,"playtime":2447,"current_hp_per_floor":[75,75,75,75,75,75,61,61,61,61,58,50,50,50,50,38,77,51,41,41,27,0],"items_purged":["Strike_G","Strike_G"],"gold":76,"score":198,"play_id":"b9036d49-d8a7-469e-89f0-fea398d5035c","local_time":"20180523100407","is_prod":false,"is_daily":false,"chose_seed":false,"is_ascension_mode":false,"campfire_upgraded":3,"timestamp":1527033847,"campfire_choices":[{"data":"Skewer","floor":6,"key":"SMITH"},{"data":"Infinite Blades","floor":13,"key":"SMITH"},{"data":"Storm of Steel","floor":15,"key":"SMITH"}],"path_taken":["M","M","?","?","?","R","E","M","T","M","M","E","R","$","R","BOSS","M","M","$","M","?"],"build_version":"2018-05-17","seed_source_timestamp":1618718869780,"purchased_purges":2,"victory":false,"master_deck":["Defend_G","Defend_G","Defend_G","Strike_G","Survivor","Neutralize","Slice","Cloak And Dagger","Slice","Skewer+1","Finisher","Infinite Blades+1","Dagger Throw","Sucker Punch","Storm of Steel+1","Noxious Fumes","Tools of the Trade","Reflex+1","Underhanded Strike+1","Envenom+1","Dagger Throw+1","Backstab","Infinite Blades"],"max_hp_per_floor":[77,77,77,77,77,77,77,77,77,77,77,77,77,77,77,77,77,77,77,77,77,77],"relics":["Ring of the Snake","Bag of Preparation","Ancient Tea Set","Bottled Lightning","Anchor","Astrolabe"],"card_choices":[{"not_picked":["Dagger Spray","Malaise"],"picked":"Slice","floor":1},{"not_picked":["Acrobatics","Dagger Throw"],"picked":"Cloak And Dagger","floor":2},{"not_picked":["PiercingWail","Prepared"],"picked":"Slice","floor":3},{"not_picked":["Storm of Steel","Dagger Throw"],"picked":"Finisher","floor":7},{"not_picked":["Outmaneuver","PiercingWail"],"picked":"Infinite Blades","floor":8},{"not_picked":["Riddle With Holes","Deadly Poison"],"picked":"Dagger Throw","floor":10},{"not_picked":["Masterful Stab","Flechettes"],"picked":"Sucker Punch","floor":11},{"not_picked":["Bouncing Flask","Night Terror"],"picked":"Storm of Steel","floor":12},{"not_picked":["Bullet Time","Unload"],"picked":"Tools of the Trade","floor":16},{"not_picked":["Noxious Fumes","Acrobatics"],"picked":"Dagger Throw+1","floor":18},{"not_picked":["Distraction","Caltrops+1"],"picked":"Backstab","floor":19},{"not_picked":["Dagger Spray","Dash+1","Deflect"],"picked":"SKIP","floor":21}],"player_experience":39600,"potions_floor_usage":[12,18,21,22],"damage_taken":[{"damage":2,"enemies":"Cultist","floor":1,"turns":4},{"damage":0,"enemies":"2 Louse","floor":2,"turns":3},{"damage":0,"enemies":"Small Slimes","floor":3,"turns":3},{"damage":14,"enemies":"Gremlin Nob","floor":7,"turns":3},{"damage":0,"enemies":"3 Louse","floor":8,"turns":3},{"damage":0,"enemies":"Large Slime","floor":10,"turns":4},{"damage":3,"enemies":"2 Fungi Beasts","floor":11,"turns":3},{"damage":8,"enemies":"Lagavulin","floor":12,"turns":5},{"damage":12,"enemies":"Slime Boss","floor":16,"turns":8},{"damage":26,"enemies":"2 Thieves","floor":18,"turns":4},{"damage":10,"enemies":"3 Byrds","floor":19,"turns":4},{"damage":14,"enemies":"Centurion and Healer","floor":21,"turns":4},{"damage":45,"enemies":"Chosen and Byrds","floor":22,"turns":4}],"relics_obtained":[{"floor":4,"key":"Bag of Preparation"},{"floor":7,"key":"Ancient Tea Set"},{"floor":9,"key":"Bottled Lightning"},{"floor":12,"key":"Anchor"}],"event_choices":[{"event_name":"Transmorgrifier","player_choice":"Transform","floor":5,"damage_taken":0}],"boss_relics":[{"not_picked":["Runic Dome","Eternal Feather"],"picked":"Astrolabe"}],"potions_floor_spawned":[2,7,10,11,18],"seed_played":"441958760323972937","killed_by":"Chosen and Byrds","ascension_level":0,"potions_obtained":[{"floor":2,"key":"Swift Potion"},{"floor":7,"key":"AttackPotion"},{"floor":10,"key":"GamblersBrew"},{"floor":11,"key":"SkillPotion"},{"floor":18,"key":"Poison Potion"}],"is_trial":false}