{"gold_per_floor":[110,121,83,99,99,99,119,119,174,208,188,199,199,219,219,291,291,302,302,36,55,55],"floor_reached":22,"playtime":1117,"items_purged":["Shame"],"score":326,"play_id":"b4006e45-edc4-4b55-a684-eba3cbb584b3","local_time":"20190524144229","is_ascension_mode":true,"campfire_choices":[{"data":"Searing Blow+1","floor":6.0,"key":"SMITH"},{"data":"Searing Blow+2","floor":8.0,"key":"SMITH"},{"data":"Searing Blow+3","floor":13.0,"key":"SMITH"},{"data":"Searing Blow+4","floor":15.0,"key":"SMITH"}],"neow_cost":"NONE","seed_source_timestamp":275686796825142,"circlet_count":0,"master_deck":["AscendersBane","Strike_R","Strike_R","Strike_R","Strike_R","Defend_R","Defend_R","Defend_R","Defend_R","Bash","Cleave","Twin Strike","Searing Blow+5","Shrug It Off","Pain","Writhe","Reckless Charge","Shrug It Off+1"],"special_seed":0,"relics":["Burning Blood","NeowsBlessing","Vajra","PreservedInsect","Calling Bell","Centennial Puzzle","Blue Candle","WingedGreaves","Brimstone"],"potions_floor_usage":[22,22],"damage_taken":[{"damage":0.0,"enemies":"2 Louse","floor":1.0,"turns":1.0},{"damage":0.0,"enemies":"Jaw Worm","floor":2.0,"turns":1.0},{"damage":0.0,"enemies":"Cultist","floor":4.0,"turns":1.0},{"damage":0.0,"enemies":"Large Slime","floor":7.0,"turns":3.0},{"damage":16.0,"enemies":"Lagavulin","floor":10.0,"turns":4.0},{"damage":10.0,"enemies":"Red Slaver","floor":12.0,"turns":3.0},{"damage":9.0,"enemies":"Exordium Wildlife","floor":14.0,"turns":3.0},{"damage":37.0,"enemies":"Slime Boss","floor":16.0,"turns":10.0},{"damage":31.0,"enemies":"Shell Parasite","floor":18.0,"turns":4.0},{"damage":4.0,"enemies":"Spheric Guardian","floor":21.0,"turns":2.0},{"damage":40,"enemies":"Snake Plant","floor":22,"turns":2}],"seed_played":"2265836050069905006","potions_obtained":[{"floor":2.0,"key":"Swift Potion"},{"floor":4.0,"key":"EssenceOfSteel"},{"floor":11.0,"key":"EntropicBrew"}],"is_trial":false,"path_per_floor":["M","M","$","M","?","R","M","R","T","E","?","M","R","M","R","B",null,"M","?","$","M","M"],"character_chosen":"IRONCLAD","items_purchased":["Searing Blow","Brimstone"],"campfire_rested":0,"item_purchase_floors":[3,20],"current_hp_per_floor":[74,75,75,75,75,75,75,75,75,65,65,61,61,58,58,27,63,38,38,38,40,0],"gold":55,"neow_bonus":"THREE_ENEMY_KILL","is_prod":false,"is_daily":false,"chose_seed":false,"campfire_upgraded":4,"win_rate":0,"timestamp":1558730549,"path_taken":["M","M","$","M","?","R","M","R","T","E","?","?","R","M","R","BOSS","M","?","$","M","M"],"build_version":"2019-01-23","purchased_purges":1,"victory":false,"max_hp_per_floor":[75,75,75,75,75,75,75,75,75,75,75,75,75,75,75,75,75,75,75,75,75,75],"card_choices":[{"not_picked":["Shrug It Off","Burning Pact"],"picked":"Cleave","floor":1.0},{"not_picked":["Burning Pact","Combust"],"picked":"Twin Strike","floor":2.0},{"not_picked":["Havoc","Armaments","Flex"],"picked":"SKIP","floor":4.0},{"not_picked":["Sword Boomerang","Power Through"],"picked":"Shrug It Off","floor":7.0},{"not_picked":["Evolve","Cleave","Warcry"],"picked":"SKIP","floor":10.0},{"not_picked":["Double Tap","Warcry","Clothesline"],"picked":"SKIP","floor":12.0},{"not_picked":["Iron Wave","Headbutt","Body Slam"],"picked":"SKIP","floor":14.0},{"not_picked":["Sword Boomerang","Headbutt","Reckless Charge"],"picked":"SKIP","floor":18.0},{"not_picked":["Dropkick","Clothesline"],"picked":"Shrug It Off+1","floor":21.0}],"player_experience":583265,"relics_obtained":[{"floor":9.0,"key":"Vajra"},{"floor":10.0,"key":"PreservedInsect"},{"floor":17.0,"key":"Centennial Puzzle"},{"floor":17.0,"key":"Blue Candle"},{"floor":17.0,"key":"WingedGreaves"}],"event_choices":[{"damage_healed":0.0,"max_hp_gain":0.0,"max_hp_loss":0.0,"gold_gain":0.0,"event_name":"Living Wall","player_choice":"Grow","floor":5.0,"gold_loss":0.0,"damage_taken":0.0,"cards_upgraded":["Searing Blow"]},{"damage_healed":0.0,"max_hp_gain":0.0,"max_hp_loss":0.0,"gold_gain":0.0,"event_name":"The Woman in Blue","player_choice":"Bought 1 Potion","floor":11.0,"gold_loss":0.0,"damage_taken":0.0},{"damage_healed":0.0,"max_hp_gain":0.0,"max_hp_loss":0.0,"gold_gain":0.0,"cards_transformed":["Strike_R"],"event_name":"Transmorgrifier","player_choice":"Transformed","floor":19.0,"gold_loss":0.0,"damage_taken":0.0,"cards_obtained":["Reckless Charge"]}],"is_beta":false,"boss_relics":[{"not_picked":["Fusion Hammer","Black Blood"],"picked":"Calling Bell"}],"items_purged_floors":[20],"is_endless":false,"potions_floor_spawned":[2,4,7],"killed_by":"Snake Plant","ascension_level":15}