{"gold_per_floor":[118,128,128,145,158,158,83,101,101,101,133,58,7,7,7,7],"floor_reached":16,"playtime":407,"items_purged":["Defend_G"],"score":195,"play_id":"d2a5ced8-eeb3-4e7c-aa67-17fe239c185b","local_time":"20190330215723","is_ascension_mode":true,"campfire_choices":[{"data":"Neutralize","floor":6,"key":"SMITH"},{"data":"After Image","floor":15,"key":"SMITH"}],"neow_cost":"NONE","seed_source_timestamp":175957533401657,"circlet_count":0,"master_deck":["AscendersBane","Defend_G","Defend_G","Defend_G","Strike_G","Strike_G","Strike_G","Strike_G","Survivor","Neutralize+1","Flying Knee","Backflip","After Image+1","Sucker Punch"],"relics":["Ring of the Snake","NeowsBlessing","Mummified Hand","Toxic Egg 2"],"potions_floor_usage":[11,11],"damage_taken":[{"damage":0,"enemies":"2 Louse","floor":1,"turns":1},{"damage":0,"enemies":"Cultist","floor":2,"turns":1},{"damage":0,"enemies":"Small Slimes","floor":4,"turns":1},{"damage":12,"enemies":"3 Louse","floor":5,"turns":6},{"damage":3,"enemies":"Blue Slaver","floor":8,"turns":4},{"damage":17,"enemies":"Gremlin Nob","floor":11,"turns":4},{"damage":28,"enemies":"Hexaghost","floor":16,"turns":11}],"seed_played":"-3245670735035351216","potions_obtained":[{"floor":2,"key":"Swift Potion"},{"floor":5,"key":"FearPotion"}],"is_trial":false,"path_per_floor":["M","M","?","M","M","R","$","M","T","?","E","?","$","$","R","B"],"character_chosen":"THE_SILENT","items_purchased":["Sucker Punch"],"campfire_rested":0,"item_purchase_floors":[13],"current_hp_per_floor":[59,59,59,59,47,47,47,44,44,44,27,27,27,27,27,0],"gold":7,"neow_bonus":"THREE_ENEMY_KILL","is_prod":false,"is_daily":false,"chose_seed":false,"campfire_upgraded":2,"win_rate":0,"timestamp":1554004643,"path_taken":["M","M","?","M","?","R","$","?","T","?","E","?","?","$","R","BOSS"],"build_version":"2019-01-23","purchased_purges":1,"victory":false,"max_hp_per_floor":[66,66,66,66,66,66,66,66,66,66,66,66,66,66,66,66],"card_choices":[{"not_picked":["Quick Slash","Dagger Throw"],"picked":"Flying Knee","floor":1},{"not_picked":["Tactician","Dagger Throw","Blade Dance"],"picked":"SKIP","floor":2},{"not_picked":["Calculated Gamble","Underhanded Strike","Quick Slash"],"picked":"SKIP","floor":4},{"not_picked":["Slice","Flying Knee"],"picked":"Backflip","floor":5},{"not_picked":["Outmaneuver","Underhanded Strike"],"picked":"After Image","floor":8},{"not_picked":["Reflex","Acrobatics","Dodge and Roll"],"picked":"SKIP","floor":11}],"player_experience":368722,"relics_obtained":[{"floor":9,"key":"Mummified Hand"},{"floor":11,"key":"Toxic Egg 2"}],"event_choices":[{"cards_removed":["Strike_G"],"damage_healed":0,"gold_gain":0,"player_choice":"Offered Basic","damage_taken":0,"max_hp_gain":0,"max_hp_loss":0,"event_name":"Bonfire Elementals","floor":3,"gold_loss":0},{"damage_healed":0,"gold_gain":0,"player_choice":"Ignored","damage_taken":0,"max_hp_gain":0,"max_hp_loss":0,"event_name":"Liars Game","floor":10,"gold_loss":0},{"cards_removed":["Defend_G"],"damage_healed":0,"gold_gain":0,"player_choice":"Card Removal","damage_taken":0,"max_hp_gain":0,"max_hp_loss":0,"event_name":"The Cleric","floor":12,"gold_loss":75}],"is_beta":false,"boss_relics":[],"items_purged_floors":[7],"is_endless":false,"potions_floor_spawned":[2,5,8],"killed_by":"Hexaghost","ascension_level":19}