{"gold_per_floor":[112,39,39,39,39,65,65,130,130,244,244,273,285,359,359,431,431,442,64,114,164,179,179,193,193,271,336,386,96,19,46,46,46],"floor_reached":33,"playtime":875,"items_purged":[],"score":515,"play_id":"c67522ce-0811-4a19-b2bb-22161039e53d","local_time":"20190523002929","is_ascension_mode":true,"campfire_choices":[{"data":"Inflame","floor":7.0,"key":"SMITH"},{"data":"Flame Barrier","floor":11.0,"key":"SMITH"},{"data":"Uppercut","floor":15.0,"key":"SMITH"},{"floor":23.0,"key":"REST"},{"floor":25.0,"key":"REST"},{"floor":32.0,"key":"REST"}],"neow_cost":"NONE","seed_source_timestamp":138275697292257,"circlet_count":0,"master_deck":["AscendersBane","Strike_R","Strike_R","Strike_R","Strike_R","Strike_R","Defend_R+1","Defend_R+1","Defend_R","Bash","Flame Barrier+1","Inflame+1","Uppercut+1","Impervious","Flash of Steel+1"],"special_seed":0,"relics":["Burning Blood","NeowsBlessing","SsserpentHead","Omamori","Unceasing Top","Darkstone Periapt","Pen Nib","War Paint","Fusion Hammer","FossilizedHelix","Dodecahedron","Membership Card","Self Forming Clay","Ancient Tea Set","Centennial Puzzle"],"potions_floor_usage":[33],"damage_taken":[{"damage":0.0,"enemies":"Small Slimes","floor":1.0,"turns":1.0},{"damage":0.0,"enemies":"Lagavulin","floor":6.0,"turns":1.0},{"damage":0.0,"enemies":"Cultist","floor":8.0,"turns":1.0},{"damage":29.0,"enemies":"Lagavulin Event","floor":10.0,"turns":5.0},{"damage":30.0,"enemies":"3 Sentries","floor":12.0,"turns":10.0},{"damage":5.0,"enemies":"Jaw Worm","floor":13.0,"turns":5.0},{"damage":12.0,"enemies":"The Guardian","floor":16.0,"turns":13.0},{"damage":1.0,"enemies":"Chosen","floor":18.0,"turns":5.0},{"damage":2.0,"enemies":"3 Byrds","floor":22.0,"turns":5.0},{"damage":15.0,"enemies":"Sentry and Sphere","floor":24.0,"turns":6.0},{"damage":7.0,"enemies":"Snecko","floor":27.0,"turns":5.0},{"damage":41.0,"enemies":"Book of Stabbing","floor":31.0,"turns":7.0},{"damage":76,"enemies":"Collector","floor":33,"turns":8}],"seed_played":"7616074273983093588","potions_obtained":[{"floor":1.0,"key":"AttackPotion"},{"floor":10.0,"key":"FearPotion"},{"floor":16.0,"key":"PowerPotion"},{"floor":27.0,"key":"Block Potion"},{"floor":31.0,"key":"Regen Potion"}],"is_trial":false,"path_per_floor":["M","$","?","?","$","E","R","M","T","?","R","E","M","T","R","B",null,"M","$","?","?","M","R","M","R","T","M","?","$","$","E","R","B"],"character_chosen":"IRONCLAD","items_purchased":["Inflame","FossilizedHelix","Flash of Steel","Membership Card","Self Forming Clay","Ancient Tea Set"],"campfire_rested":3,"item_purchase_floors":[2,19,19,29,29,30],"current_hp_per_floor":[74,74,67,67,67,73,73,75,75,52,52,28,29,29,29,23,62,67,67,75,75,75,75,66,75,75,74,74,74,74,39,61,0],"gold":46,"neow_bonus":"THREE_ENEMY_KILL","is_prod":false,"is_daily":false,"chose_seed":false,"campfire_upgraded":3,"win_rate":0,"timestamp":1558592969,"path_taken":["M","$","?","?","$","E","R","?","T","?","R","E","M","?","R","BOSS","M","$","?","?","M","R","M","R","T","?","?","?","$","E","R","BOSS"],"build_version":"2019-01-23","purchased_purges":0,"victory":false,"max_hp_per_floor":[75,75,75,75,75,75,75,75,75,75,75,75,75,75,75,75,75,75,75,75,75,75,75,75,75,75,75,75,75,75,75,75,75],"card_choices":[{"not_picked":["Headbutt","Warcry"],"picked":"Flame Barrier","floor":1.0},{"not_picked":["Bloodletting","Wild Strike","Evolve"],"picked":"SKIP","floor":6.0},{"not_picked":["Seeing Red","Blood for Blood","Sword Boomerang"],"picked":"SKIP","floor":8.0},{"not_picked":["Warcry","Rupture","Exhume"],"picked":"SKIP","floor":12.0},{"not_picked":["Warcry","Wild Strike"],"picked":"Uppercut","floor":13.0},{"not_picked":["Demon Form","Offering"],"picked":"Impervious","floor":16.0},{"not_picked":["Iron Wave","Havoc","Twin Strike"],"picked":"SKIP","floor":18.0},{"not_picked":["Pommel Strike","Dual Wield+1","Inflame"],"picked":"SKIP","floor":22.0},{"not_picked":["Clothesline","Intimidate","Feel No Pain"],"picked":"SKIP","floor":24.0},{"not_picked":["Pommel Strike","Second Wind","Thunderclap"],"picked":"SKIP","floor":27.0},{"not_picked":["Armaments","Disarm","True Grit"],"picked":"SKIP","floor":31.0}],"player_experience":576946,"relics_obtained":[{"floor":6.0,"key":"Omamori"},{"floor":9.0,"key":"Unceasing Top"},{"floor":10.0,"key":"Darkstone Periapt"},{"floor":12.0,"key":"Pen Nib"},{"floor":14.0,"key":"War Paint"},{"floor":26.0,"key":"Dodecahedron"},{"floor":31.0,"key":"Centennial Puzzle"}],"event_choices":[{"cards_removed":["Defend_R"],"damage_healed":0.0,"max_hp_gain":0.0,"max_hp_loss":0.0,"gold_gain":0.0,"event_name":"Golden Wing","player_choice":"Card Removal","floor":3.0,"gold_loss":0.0,"damage_taken":7.0},{"damage_healed":0.0,"max_hp_gain":0.0,"max_hp_loss":0.0,"gold_gain":0.0,"event_name":"FaceTrader","player_choice":"Trade","floor":4.0,"gold_loss":0.0,"damage_taken":0.0,"relics_obtained":["SsserpentHead"]},{"damage_healed":0.0,"max_hp_gain":0.0,"max_hp_loss":0.0,"gold_gain":0.0,"event_name":"Dead Adventurer","player_choice":"Searched \u00272\u0027 times","floor":10.0,"gold_loss":0.0,"damage_taken":0.0},{"damage_healed":15.0,"max_hp_gain":0.0,"max_hp_loss":0.0,"gold_gain":0.0,"event_name":"The Library","player_choice":"Heal","floor":20.0,"gold_loss":0.0,"damage_taken":0.0},{"damage_healed":0.0,"max_hp_gain":0.0,"max_hp_loss":0.0,"gold_gain":0.0,"event_name":"N\u0027loth","player_choice":"Ignored","floor":21.0,"gold_loss":0.0,"damage_taken":0.0},{"damage_healed":0.0,"max_hp_gain":0.0,"max_hp_loss":0.0,"gold_gain":0.0,"event_name":"Upgrade Shrine","player_choice":"Upgraded","floor":28.0,"gold_loss":0.0,"damage_taken":0.0,"cards_upgraded":["Flash of Steel"]}],"is_beta":false,"boss_relics":[{"not_picked":["Tiny House","Black Star"],"picked":"Fusion Hammer"}],"items_purged_floors":[],"is_endless":false,"potions_floor_spawned":[1,10,16,22,27,31],"killed_by":"Collector","ascension_level":15}