{"gold_per_floor":[110,128,203,220,240,265,265,293,293,293,303,303,17,17,17,115,115,130,130,199,282,332,360,104,104],"floor_reached":25,"playtime":1697,"items_purged":[],"score":240,"play_id":"f069e0f7-48d8-437e-a4f7-ae724fd9f859","local_time":"20180629125727","is_ascension_mode":true,"campfire_choices":[{"data":"Zap","floor":7,"key":"SMITH"},{"data":"Hologram","floor":10,"key":"SMITH"},{"data":"FTL","floor":15,"key":"SMITH"}],"neow_cost":"NONE","seed_source_timestamp":27547035316031,"circlet_count":0,"master_deck":["Strike_B","Strike_B","Strike_B","Strike_B","Defend_B","Defend_B","Defend_B","Defend_B","Zap+1","Dualcast","Steam","Steam","Cold Snap","Hologram+1","Beam Cell+1","Coolheaded","Auto Shields","Hologram+1","FTL+1","Loop","Fission+1","Sweeping Beam","Capacitor","Amplify+1","Defragment"],"relics":["Cracked Core","Blue Candle","Question Card","Toxic Egg 2","Cables","Runic Pyramid","SsserpentHead","Red Mask","Anchor","Bottled Tornado"],"potions_floor_usage":[23,23],"damage_taken":[{"damage":0,"enemies":"2 Louse","floor":1,"turns":2},{"damage":5,"enemies":"Small Slimes","floor":2,"turns":3},{"damage":0,"enemies":"Cultist","floor":4,"turns":4},{"damage":0,"enemies":"Exordium Thugs","floor":5,"turns":6},{"damage":2,"enemies":"3 Sentries","floor":6,"turns":8},{"damage":4,"enemies":"Lagavulin","floor":8,"turns":7},{"damage":2,"enemies":"Blue Slaver","floor":11,"turns":4},{"damage":37,"enemies":"Slime Boss","floor":16,"turns":14},{"damage":0,"enemies":"Chosen","floor":18,"turns":6},{"damage":18,"enemies":"2 Thieves","floor":20,"turns":3},{"damage":28,"floor":21,"turns":6},{"damage":23,"enemies":"Slavers","floor":23,"turns":7},{"damage":2,"enemies":"Sentry and Sphere","floor":25,"turns":3}],"seed_played":"2868643849037728777","potions_obtained":[{"floor":1,"key":"SneckoOil"},{"floor":6,"key":"Explosive Potion"},{"floor":16,"key":"FairyPotion"},{"floor":18,"key":"SpeedPotion"},{"floor":21,"key":"EssenceOfSteel"}],"is_trial":false,"path_per_floor":["M","M","?","M","M","E","R","E","T","R","M","?","$","?","R","B",null,"M","?","M","?","?","E","$"],"character_chosen":"DEFECT","items_purchased":["Cables","FTL","Bottled Tornado"],"campfire_rested":0,"item_purchase_floors":[13,13,24],"current_hp_per_floor":[75,70,59,59,59,57,57,53,53,53,51,51,51,51,51,14,75,75,75,57,29,15,2,2,0],"gold":104,"neow_bonus":"THREE_CARDS","is_prod":false,"is_daily":false,"chose_seed":false,"campfire_upgraded":3,"win_rate":0,"timestamp":1530241047,"path_taken":["M","M","?","M","M","E","R","E","T","R","M","?","$","?","R","BOSS","M","?","?","?","?","E","$","M"],"build_version":"2018-06-28","purchased_purges":0,"victory":false,"max_hp_per_floor":[75,75,75,75,75,75,75,75,75,75,75,75,75,75,75,75,75,75,75,75,75,80,80,80,80],"card_choices":[{"not_picked":["Barrage","Sunder"],"picked":"Steam","floor":0},{"not_picked":["Heatsinks","Turbo"],"picked":"Steam","floor":1},{"not_picked":["Heatsinks","Recycle"],"picked":"Cold Snap","floor":2},{"not_picked":["Stack","Scrape"],"picked":"Hologram","floor":4},{"not_picked":["Steam Power","Leap"],"picked":"Beam Cell","floor":5},{"not_picked":["Reinforced Body","Recycle"],"picked":"Coolheaded","floor":6},{"not_picked":["Reprogram","Recycle"],"picked":"Auto Shields","floor":8},{"not_picked":["Barrage","Ball Lightning","Core Surge"],"picked":"Hologram+1","floor":11},{"not_picked":["Meteor Strike","All For One","Amplify+1"],"picked":"Fission+1","floor":16},{"not_picked":["Scrape","Skim+1","Rip and Tear"],"picked":"Sweeping Beam","floor":18},{"not_picked":["Sweeping Beam","Loop","Turbo+1"],"picked":"Capacitor","floor":20},{"not_picked":["Barrage+1","Coolheaded+1","Aggregate+1"],"picked":"Amplify+1","floor":21},{"not_picked":["Streamline+1","Glacier+1","Tempest+1"],"picked":"Defragment","floor":23}],"player_experience":71803,"relics_obtained":[{"floor":6,"key":"Blue Candle"},{"floor":8,"key":"Question Card"},{"floor":9,"key":"Toxic Egg 2"},{"floor":21,"key":"Red Mask"},{"floor":23,"key":"Anchor"}],"event_choices":[{"event_name":"World of Goop","player_choice":"Gather Gold","floor":3,"damage_taken":0},{"event_name":"Living Wall","player_choice":"Grow","floor":12,"damage_taken":0},{"event_name":"Match and Keep!","player_choice":"1 cards matched","floor":14,"damage_taken":0},{"event_name":"FaceTrader","player_choice":"Took Mask Of The Ssserpant","floor":19,"damage_taken":0},{"event_name":"Masked Bandits","player_choice":"Fought over 249 gold","floor":21,"damage_taken":0},{"event_name":"Forgotten Altar","player_choice":"Shed Blood","floor":22,"damage_taken":0}],"boss_relics":[{"not_picked":["White Beast Statue","Calling Bell"],"picked":"Runic Pyramid"}],"items_purged_floors":[],"is_endless":false,"potions_floor_spawned":[1,6,16,18,20,21],"killed_by":"Sentry and Sphere","ascension_level":1}