{"gold_per_floor":[109,109,123,123,134,134,161,178,178,103,132,132,132,142,142,213,213,213,56,56,56,56,56,56,56,56,56,56,56,56,56,56,56],"floor_reached":33,"playtime":1241,"items_purged":[],"score":481,"play_id":"5bc861f8-9c12-4e9c-8deb-f282b08bca5d","local_time":"20190524185035","is_ascension_mode":true,"campfire_choices":[{"data":"Twin Strike","floor":6.0,"key":"SMITH"},{"floor":12.0,"key":"REST"},{"data":"Shrug It Off","floor":15.0,"key":"SMITH"},{"data":"Shrug It Off","floor":23.0,"key":"SMITH"},{"floor":32,"key":"REST"}],"neow_cost":"TEN_PERCENT_HP_LOSS","seed_source_timestamp":290391252537957,"circlet_count":0,"master_deck":["AscendersBane","Strike_R+1","Strike_R+1","Strike_R+1","Strike_R+1","Defend_R+1","Defend_R+1","Defend_R+1","Bash","Twin Strike+1","Shrug It Off+1","Shrug It Off+1","Cleave+1","Twin Strike+1","Body Slam+1","Pummel+1","Ghostly","Ghostly","Ghostly"],"special_seed":0,"relics":["Burning Blood","Dead Branch","Self Forming Clay","Molten Egg 2","Kunai","Ectoplasm","Oddly Smooth Stone","MutagenicStrength","Mummified Hand","Gremlin Horn"],"potions_floor_usage":[31],"damage_taken":[{"damage":6.0,"enemies":"Jaw Worm","floor":1.0,"turns":4.0},{"damage":0.0,"enemies":"Cultist","floor":3.0,"turns":4.0},{"damage":2.0,"enemies":"2 Louse","floor":5.0,"turns":3.0},{"damage":40.0,"enemies":"Lagavulin","floor":7.0,"turns":4.0},{"damage":7.0,"enemies":"Looter","floor":8.0,"turns":4.0},{"damage":18.0,"enemies":"3 Sentries","floor":11.0,"turns":8.0},{"damage":0.0,"enemies":"3 Louse","floor":14.0,"turns":3.0},{"damage":45.0,"enemies":"Slime Boss","floor":16.0,"turns":15.0},{"damage":9.0,"enemies":"Shell Parasite","floor":18.0,"turns":6.0},{"damage":26.0,"enemies":"Gremlin Leader","floor":24.0,"turns":9.0},{"damage":0.0,"enemies":"Spheric Guardian","floor":25.0,"turns":4.0},{"damage":6.0,"enemies":"Snake Plant","floor":27.0,"turns":5.0},{"damage":15,"enemies":"Cultist and Chosen","floor":28,"turns":5},{"damage":3,"enemies":"Snecko","floor":31,"turns":4},{"damage":35,"enemies":"Collector","floor":33,"turns":2}],"seed_played":"-467160407482945867","potions_obtained":[{"floor":3.0,"key":"PowerPotion"},{"floor":8.0,"key":"Weak Potion"},{"floor":14.0,"key":"GamblersBrew"},{"floor":27.0,"key":"FearPotion"},{"floor":28,"key":"SneckoOil"}],"is_trial":false,"path_per_floor":["M","?","M","?","M","R","E","M","T","?","E","R","?","M","R","B",null,"M","$","?","?","$","R","E","M","T","M","M","?","?","M","R","B"],"character_chosen":"IRONCLAD","items_purchased":["Oddly Smooth Stone"],"campfire_rested":2,"item_purchase_floors":[19],"current_hp_per_floor":[68,68,68,68,68,68,34,33,33,33,21,41,41,47,47,8,53,50,50,50,31,31,31,11,17,17,17,8,8,8,11,21,0],"gold":56,"neow_bonus":"ONE_RARE_RELIC","is_prod":false,"is_daily":false,"chose_seed":false,"campfire_upgraded":3,"win_rate":0,"timestamp":1558745435,"path_taken":["M","?","?","?","M","R","E","?","T","?","E","R","?","M","R","BOSS","M","$","?","?","?","R","E","M","T","M","M","?","?","M","R","BOSS"],"build_version":"2019-01-23","purchased_purges":0,"victory":false,"max_hp_per_floor":[68,68,68,68,68,68,68,68,68,68,68,68,68,68,68,68,68,68,68,68,73,73,73,73,73,73,73,73,36,36,36,36,36],"card_choices":[{"not_picked":["Flex","Sword Boomerang"],"picked":"Twin Strike","floor":1.0},{"not_picked":["Perfected Strike","Warcry"],"picked":"Shrug It Off","floor":3.0},{"not_picked":["Ghostly Armor","Thunderclap","Body Slam"],"picked":"SKIP","floor":5.0},{"not_picked":["Dropkick","Headbutt","True Grit"],"picked":"SKIP","floor":7.0},{"not_picked":["Anger","Ghostly Armor"],"picked":"Cleave","floor":8.0},{"not_picked":["Ghostly Armor","Flex","Blood for Blood+1"],"picked":"SKIP","floor":11.0},{"not_picked":["True Grit","Rupture"],"picked":"Twin Strike+1","floor":14.0},{"not_picked":["Searing Blow+1","Second Wind+1","Flex"],"picked":"SKIP","floor":18.0},{"not_picked":["Seeing Red","Clothesline+1","Shrug It Off"],"picked":"SKIP","floor":24.0},{"not_picked":["Cleave+1","Second Wind"],"picked":"Body Slam+1","floor":25.0},{"not_picked":["Headbutt+1","True Grit","Armaments"],"picked":"SKIP","floor":27.0},{"not_picked":["Blood for Blood+1","Havoc"],"picked":"Pummel+1","floor":28},{"not_picked":["Twin Strike+1","Perfected Strike+1","Metallicize"],"picked":"SKIP","floor":31}],"player_experience":594130,"relics_obtained":[{"floor":7.0,"key":"Self Forming Clay"},{"floor":9.0,"key":"Molten Egg 2"},{"floor":11.0,"key":"Kunai"},{"floor":24.0,"key":"Mummified Hand"},{"floor":26.0,"key":"Gremlin Horn"}],"event_choices":[{"damage_healed":0.0,"max_hp_gain":0.0,"max_hp_loss":0.0,"gold_gain":0.0,"event_name":"Match and Keep!","player_choice":"1 cards matched","floor":2.0,"gold_loss":0.0,"damage_taken":0.0,"cards_obtained":["Shrug It Off"]},{"cards_removed":["Defend_R"],"damage_healed":0.0,"max_hp_gain":0.0,"max_hp_loss":0.0,"gold_gain":0.0,"event_name":"Purifier","player_choice":"Purged","floor":4.0,"gold_loss":0.0,"damage_taken":0.0},{"cards_removed":["Strike_R"],"damage_healed":0.0,"max_hp_gain":0.0,"max_hp_loss":0.0,"gold_gain":0.0,"event_name":"The Cleric","player_choice":"Card Removal","floor":10.0,"gold_loss":75.0,"damage_taken":0.0},{"damage_healed":0.0,"max_hp_gain":0.0,"max_hp_loss":0.0,"gold_gain":0.0,"event_name":"Living Wall","player_choice":"Grow","floor":13.0,"gold_loss":0.0,"damage_taken":0.0,"cards_upgraded":["Cleave"]},{"damage_healed":0.0,"max_hp_gain":0.0,"max_hp_loss":0.0,"gold_gain":0.0,"event_name":"Drug Dealer","player_choice":"Inject Mutagens","floor":20.0,"gold_loss":0.0,"damage_taken":0.0,"relics_obtained":["MutagenicStrength"]},{"damage_healed":0.0,"max_hp_gain":5.0,"max_hp_loss":0.0,"gold_gain":0.0,"event_name":"Forgotten Altar","player_choice":"Shed Blood","floor":21.0,"gold_loss":0.0,"damage_taken":24.0},{"damage_healed":0,"gold_gain":0,"player_choice":"Became a Ghost","damage_taken":0,"max_hp_gain":0,"max_hp_loss":37,"event_name":"Ghosts","floor":29,"gold_loss":0,"cards_obtained":["Ghostly","Ghostly","Ghostly"]},{"damage_healed":0,"gold_gain":0,"player_choice":"Simplicity","damage_taken":0,"max_hp_gain":0,"max_hp_loss":0,"event_name":"Back to Basics","floor":30,"gold_loss":0,"cards_upgraded":["Strike_R","Strike_R","Strike_R","Strike_R","Defend_R","Defend_R","Defend_R"]}],"is_beta":false,"boss_relics":[{"not_picked":["Runic Cube","Fusion Hammer"],"picked":"Ectoplasm"}],"items_purged_floors":[],"is_endless":false,"potions_floor_spawned":[3,8,14,27,28],"killed_by":"Collector","ascension_level":15}