{"gold_per_floor":[212,224,299,309,321,355,367,367,367,367,379,310,275,306,306,409,409,427,427,226,226,237,266,266,266,266,266,278,293,306,316,316,418,418,435,447,368,385,399,399,416,416,466,466,426,441,458,477,477,477,477,477,23,50,50],"floor_reached":55,"playtime":2816,"items_purged":[],"score":735,"play_id":"3124cd96-4ed1-4cc4-99bf-f94766f41578","local_time":"20181113182545","is_ascension_mode":false,"campfire_choices":[{"data":"Cloak And Dagger","floor":8,"key":"SMITH"},{"data":"Infinite Blades","floor":10,"key":"SMITH"},{"floor":15,"key":"RECALL"},{"floor":25,"key":"REST"},{"data":"Envenom","floor":27,"key":"SMITH"},{"floor":32,"key":"REST"},{"floor":40,"key":"REST"},{"floor":42,"key":"REST"},{"data":"Envenom","floor":44,"key":"SMITH"},{"floor":49,"key":"REST"},{"data":"After Image","floor":52,"key":"SMITH"}],"neow_cost":"NONE","seed_source_timestamp":576742239338,"circlet_count":0,"master_deck":["Defend_G","Defend_G","Defend_G","Defend_G","Defend_G","Strike_G","Strike_G","Strike_G","Strike_G","Strike_G","Survivor","Neutralize","Cloak And Dagger+1","Backstab","Outmaneuver","Infinite Blades+1","Escape Plan","Prepared","Backstab+1","Noxious Fumes+1","Blade Dance","Phantasmal Killer","Dodge and Roll","Backflip+1","Envenom+1","Writhe","Backstab","Flying Knee","After Image+1","Flying Knee+1","Noxious Fumes","Poisoned Stab+1","Envenom+1","Dodge and Roll","Blade Dance+1","Mind Blast"],"relics":["Ring of the Snake","Kunai","Matryoshka","Singing Bowl","WristBlade","TwistedFunnel","Nloth\u0027s Gift","Paper Crane","Pen Nib","Mummified Hand","White Beast Statue","Letter Opener","Strawberry","Sling","Happy Flower","Blood Vial"],"potions_floor_usage":[6,16,30,33,33,35,50,54,55,55],"damage_taken":[{"damage":0,"enemies":"Small Slimes","floor":1,"turns":4},{"damage":0,"enemies":"2 Louse","floor":2,"turns":2},{"damage":0,"enemies":"Jaw Worm","floor":4,"turns":3},{"damage":0,"enemies":"2 Fungi Beasts","floor":5,"turns":4},{"damage":13,"enemies":"3 Sentries","floor":6,"turns":8},{"damage":2,"enemies":"Red Slaver","floor":7,"turns":3},{"damage":2,"enemies":"Blue Slaver","floor":11,"turns":4},{"damage":15,"enemies":"Lagavulin","floor":14,"turns":7},{"damage":33,"enemies":"Slime Boss","floor":16,"turns":11},{"damage":16,"enemies":"3 Byrds","floor":18,"turns":5},{"damage":0,"enemies":"Spheric Guardian","floor":22,"turns":3},{"damage":23,"enemies":"Gremlin Leader","floor":23,"turns":8},{"damage":15,"enemies":"Snake Plant","floor":28,"turns":3},{"damage":6,"enemies":"Shelled Parasite and Fungi","floor":29,"turns":6},{"damage":3,"enemies":"Centurion and Healer","floor":30,"turns":3},{"damage":2,"enemies":"Cultist and Chosen","floor":31,"turns":4},{"damage":51,"enemies":"Automaton","floor":33,"turns":12},{"damage":13,"enemies":"Orb Walker","floor":35,"turns":3},{"damage":7,"enemies":"3 Shapes","floor":36,"turns":3},{"damage":29,"enemies":"Transient","floor":38,"turns":5},{"damage":17,"enemies":"Maw","floor":39,"turns":7},{"damage":6,"enemies":"4 Shapes","floor":41,"turns":6},{"damage":7,"enemies":"3 Darklings","floor":46,"turns":4},{"damage":8,"enemies":"Maw","floor":47,"turns":7},{"damage":4,"enemies":"Sphere and 2 Shapes","floor":48,"turns":4},{"damage":57,"enemies":"Donu and Deca","floor":50,"turns":9},{"damage":69,"enemies":"Shield and Spear","floor":54,"turns":8},{"damage":24,"enemies":"The Heart","floor":55,"turns":2}],"seed_played":"-2643385228128567353","potions_obtained":[{"floor":2,"key":"PowerPotion"},{"floor":4,"key":"Explosive Potion"},{"floor":6,"key":"Ancient Potion"},{"floor":23,"key":"AttackPotion"},{"floor":28,"key":"LiquidBronze"},{"floor":33,"key":"SkillPotion"},{"floor":35,"key":"FearPotion"},{"floor":36,"key":"Strength Potion"},{"floor":38,"key":"Energy Potion"},{"floor":39,"key":"Poison Potion"},{"floor":46,"key":"PowerPotion"},{"floor":54,"key":"PowerPotion"}],"is_trial":false,"path_per_floor":["M","M","?","M","M","E","M","R","T","R","M","$","?","E","R","B",null,"M","?","$","?","M","E","?","R","T","R","M","M","M","M","R","B",null,"M","M","$","M","M","R","M","R","T","R","?","M","M","M","R","B",null,"R","$","E","B"],"character_chosen":"THE_SILENT","items_purchased":["Noxious Fumes","TwistedFunnel","Noxious Fumes","Sling","Happy Flower","Mind Blast"],"campfire_rested":5,"item_purchase_floors":[12,20,37,53,53,53],"current_hp_per_floor":[70,70,59,59,59,46,44,44,44,44,42,42,59,44,44,11,70,54,54,54,54,54,31,31,52,52,52,39,33,30,30,52,1,74,63,56,56,27,10,32,26,48,55,55,55,48,42,40,66,9,87,87,87,20,0],"gold":50,"neow_bonus":"HUNDRED_GOLD","is_prod":false,"is_daily":false,"chose_seed":false,"campfire_upgraded":5,"win_rate":0,"timestamp":1542093945,"path_taken":["M","M","?","M","M","E","M","R","T","R","M","$","?","E","R","BOSS","M","?","$","?","?","E","?","R","T","R","M","M","M","M","R","BOSS","M","M","$","M","M","R","M","R","T","R","?","M","M","?","R","BOSS","R","$","E","BOSS"],"build_version":"2018-11-08","purchased_purges":0,"victory":false,"max_hp_per_floor":[70,70,70,70,70,70,70,70,70,70,70,70,70,70,70,70,70,70,70,70,70,70,70,70,70,70,70,72,72,72,74,74,74,74,76,76,76,76,76,76,76,76,83,83,83,83,85,87,87,87,87,87,87,89,89],"card_choices":[{"not_picked":["Backflip","Poisoned Stab"],"picked":"Cloak And Dagger","floor":1},{"not_picked":["Cloak And Dagger","Backflip"],"picked":"Backstab","floor":2},{"not_picked":["Acrobatics","Accuracy"],"picked":"Outmaneuver","floor":4},{"not_picked":["Cloak And Dagger","Blade Dance"],"picked":"Infinite Blades","floor":5},{"not_picked":["Deadly Poison","Sucker Punch"],"picked":"Escape Plan","floor":6},{"not_picked":["Endless Agony","Predator"],"picked":"Prepared","floor":7},{"not_picked":["Die Die Die","Quick Slash"],"picked":"Backstab","floor":11},{"not_picked":["Doppelganger","Blur"],"picked":"Blade Dance","floor":14},{"not_picked":["Storm of Steel","Die Die Die"],"picked":"Phantasmal Killer","floor":16},{"not_picked":["Cloak And Dagger","Outmaneuver"],"picked":"Dodge and Roll","floor":18},{"not_picked":["Outmaneuver","Slice"],"picked":"Backflip+1","floor":22},{"not_picked":["Predator","Blur"],"picked":"Envenom","floor":23},{"not_picked":["Quick Slash","Crippling Poison","Reflex"],"picked":"Singing Bowl","floor":28},{"not_picked":["Tactician+1","Dodge and Roll"],"picked":"Backstab","floor":29},{"not_picked":["Underhanded Strike","Slice"],"picked":"Flying Knee","floor":30},{"not_picked":["Blur","Flying Knee","Backflip+1"],"picked":"Singing Bowl","floor":31},{"not_picked":["Bullet Time","Corpse Explosion"],"picked":"After Image","floor":33},{"not_picked":["Acrobatics","Backflip+1","Phantasmal Killer"],"picked":"Singing Bowl","floor":35},{"not_picked":["Noxious Fumes","Setup"],"picked":"Flying Knee+1","floor":36},{"not_picked":["Skewer+1","Expertise"],"picked":"Poisoned Stab+1","floor":38},{"not_picked":["Flying Knee+1","Predator+1"],"picked":"Envenom","floor":39},{"not_picked":["Acrobatics+1","Finisher+1"],"picked":"Dodge and Roll","floor":41},{"not_picked":["Poisoned Stab","Noxious Fumes+1"],"picked":"Blade Dance+1","floor":46},{"not_picked":["Masterful Stab+1","Phantasmal Killer","Quick Slash"],"picked":"Singing Bowl","floor":47},{"not_picked":["All Out Attack+1","Flying Knee+1","Riddle With Holes+1"],"picked":"Singing Bowl","floor":48},{"not_picked":["Phantasmal Killer","Backflip+1","Reflex"],"picked":"Singing Bowl","floor":54}],"player_experience":203882,"relics_obtained":[{"floor":6,"key":"Kunai"},{"floor":9,"key":"Matryoshka"},{"floor":14,"key":"Singing Bowl"},{"floor":23,"key":"Paper Crane"},{"floor":26,"key":"Mummified Hand"},{"floor":43,"key":"Letter Opener"},{"floor":43,"key":"Strawberry"},{"floor":54,"key":"Blood Vial"}],"event_choices":[{"damage_healed":0,"gold_gain":75,"player_choice":"Gather Gold","damage_taken":11,"max_hp_gain":0,"max_hp_loss":0,"event_name":"World of Goop","floor":3,"gold_loss":0},{"damage_healed":17,"gold_gain":0,"player_choice":"Healed","damage_taken":0,"max_hp_gain":0,"max_hp_loss":0,"event_name":"The Cleric","floor":13,"gold_loss":35},{"damage_healed":0,"gold_gain":0,"player_choice":"Inject Mutagens","damage_taken":0,"relics_obtained":["MutagenicStrength"],"max_hp_gain":0,"max_hp_loss":0,"event_name":"Drug Dealer","floor":19,"gold_loss":0},{"damage_healed":0,"gold_gain":0,"player_choice":"Traded Relic","damage_taken":0,"relics_obtained":["Nloth\u0027s Gift"],"max_hp_gain":0,"max_hp_loss":0,"event_name":"N\u0027loth","floor":21,"relics_lost":["MutagenicStrength"],"gold_loss":0},{"damage_healed":0,"gold_gain":0,"player_choice":"Opened","damage_taken":0,"relics_obtained":["Pen Nib"],"max_hp_gain":0,"max_hp_loss":0,"event_name":"The Mausoleum","floor":24,"gold_loss":0,"cards_obtained":["Writhe"]},{"damage_healed":0,"gold_gain":0,"player_choice":"Upgraded Two","damage_taken":0,"max_hp_gain":0,"max_hp_loss":0,"event_name":"Designer","floor":45,"gold_loss":40,"cards_upgraded":["Noxious Fumes","Backstab"]}],"is_beta":true,"boss_relics":[{"not_picked":["Fusion Hammer","Sozu"],"picked":"WristBlade"},{"not_picked":["Eternal Feather","Coffee Dripper"],"picked":"White Beast Statue"}],"items_purged_floors":[],"is_endless":false,"potions_floor_spawned":[2,4,6,23,28,29,33,35,36,38,39,41,46,47,48,54],"killed_by":"The Heart","ascension_level":0}