{"gold_per_floor":[117,117,72,22,40,75,98,98,147,166,185,208,0,21,21,144,144,169,149,74,94,115,115,130,130,130,130,150,50,85,109,109,109],"floor_reached":33,"playtime":3293,"items_purged":["Injury","Strike_B"],"score":393,"play_id":"07908224-98f9-46b3-889a-fdb2f7ab8740","local_time":"20190330183022","is_ascension_mode":true,"campfire_choices":[{"data":"Redo","floor":8.0,"key":"SMITH"},{"floor":15.0,"key":"REST"},{"data":"Zap","floor":23.0,"key":"SMITH"},{"data":"Reboot","floor":27.0,"key":"SMITH"},{"floor":32,"key":"REST"}],"neow_cost":"CURSE","seed_source_timestamp":725448854221400,"circlet_count":0,"master_deck":["Strike_B","Strike_B","Strike_B","Defend_B+1","Defend_B+1","Defend_B","Defend_B","Zap+1","Dualcast","All For One","Scrape","Redo+1","Gash","Steam","Self Repair","Gash","Beam Cell","Steam","Gash","Reboot+1","Reprogram","Leap+1","Hologram+1","Hologram"],"special_seed":0,"relics":["Cracked Core","Golden Idol","Dream Catcher","War Paint","Toy Ornithopter","Lizard Tail","MutagenicStrength","Molten Egg 2"],"potions_floor_usage":[30],"damage_taken":[{"damage":3.0,"enemies":"Cultist","floor":1.0,"turns":3.0},{"damage":2.0,"enemies":"2 Louse","floor":5.0,"turns":2.0},{"damage":42.0,"enemies":"Gremlin Nob","floor":6.0,"turns":5.0},{"damage":7.0,"enemies":"Jaw Worm","floor":7.0,"turns":3.0},{"damage":10.0,"enemies":"Gremlin Gang","floor":10.0,"turns":5.0},{"damage":3.0,"enemies":"Looter","floor":11.0,"turns":5.0},{"damage":4.0,"enemies":"Exordium Wildlife","floor":12.0,"turns":3.0},{"damage":5.0,"enemies":"Blue Slaver","floor":14.0,"turns":3.0},{"damage":36.0,"enemies":"The Guardian","floor":16.0,"turns":10.0},{"damage":1.0,"enemies":"Chosen","floor":18.0,"turns":4.0},{"damage":8.0,"enemies":"2 Thieves","floor":21.0,"turns":3.0},{"damage":15.0,"enemies":"Centurion and Healer","floor":22.0,"turns":3.0},{"damage":23.0,"enemies":"Snake Plant","floor":24.0,"turns":4.0},{"damage":7.0,"enemies":"Snecko","floor":28.0,"turns":3.0},{"damage":16,"enemies":"Book of Stabbing","floor":30,"turns":5},{"damage":0,"enemies":"Centurion and Healer","floor":31,"turns":6},{"damage":128,"enemies":"Collector","floor":33,"turns":9}],"seed_played":"3497560444737763859","potions_obtained":[{"floor":1.0,"key":"Explosive Potion"},{"floor":6.0,"key":"LiquidBronze"},{"floor":12.0,"key":"LiquidBronze"},{"floor":16.0,"key":"FearPotion"},{"floor":18.0,"key":"FearPotion"},{"floor":19.0,"key":"SmokeBomb"},{"floor":24.0,"key":"Ancient Potion"},{"floor":28.0,"key":"FearPotion"}],"is_trial":false,"path_per_floor":["M","?","$","?","M","E","M","R","T","M","M","M","$","M","R","B",null,"M","?","$","M","M","R","M","?","T","R","M","$","E","M","R","B"],"character_chosen":"DEFECT","items_purchased":["Redo","Toy Ornithopter"],"campfire_rested":2,"item_purchase_floors":[3,13],"current_hp_per_floor":[65,65,65,65,63,21,14,14,14,4,8,11,11,6,28,14,60,59,59,59,56,48,48,32,32,32,32,30,30,19,26,48,0],"gold":109,"neow_bonus":"THREE_RARE_CARDS","is_prod":false,"is_daily":false,"chose_seed":false,"campfire_upgraded":3,"win_rate":0,"timestamp":1553992222,"path_taken":["M","?","$","?","M","E","M","R","T","M","M","M","$","M","R","BOSS","M","?","$","M","?","R","M","?","T","R","M","?","E","M","R","BOSS"],"build_version":"2019-01-23","purchased_purges":2,"victory":false,"max_hp_per_floor":[75,75,75,75,75,75,75,75,75,75,75,75,75,75,75,75,75,75,75,75,75,75,75,75,75,75,75,75,75,75,75,75,75],"card_choices":[{"not_picked":["Thunder Strike","Electrodynamics"],"picked":"All For One","floor":0.0},{"not_picked":["Streamline","Steam"],"picked":"Scrape","floor":1.0},{"not_picked":["Steam","Sweeping Beam"],"picked":"Gash","floor":5.0},{"not_picked":["Scrape","Leap"],"picked":"Steam","floor":6.0},{"not_picked":["Stack","Sunder","Fusion"],"picked":"SKIP","floor":7.0},{"not_picked":["Leap","Loop"],"picked":"Self Repair","floor":10.0},{"not_picked":["Reprogram","Recycle"],"picked":"Gash","floor":11.0},{"not_picked":["Rebound","Storm"],"picked":"Beam Cell","floor":12.0},{"not_picked":["Electrodynamics","Ball Lightning"],"picked":"Steam","floor":14.0},{"not_picked":["Rebound","Recycle"],"picked":"Gash","floor":15.0},{"not_picked":["Buffer","Creative AI"],"picked":"Reboot","floor":16.0},{"not_picked":["Ball Lightning","Sunder","Beam Cell"],"picked":"SKIP","floor":18.0},{"not_picked":["Hello World","Storm","Aggregate"],"picked":"SKIP","floor":21.0},{"not_picked":["Hello World","Storm","Aggregate"],"picked":"SKIP","floor":21.0},{"not_picked":["Conserve Battery","Coolheaded","Streamline+1"],"picked":"SKIP","floor":22.0},{"not_picked":["Multi-Cast","Sweeping Beam"],"picked":"Reprogram","floor":24.0},{"not_picked":["Fusion","Recycle+1"],"picked":"Leap+1","floor":28.0},{"not_picked":["Chaos","Barrage","Streamline+1"],"picked":"SKIP","floor":30},{"not_picked":["Leap+1","Redo"],"picked":"Hologram+1","floor":31},{"not_picked":["Streamline+1","Aggregate"],"picked":"Hologram","floor":32}],"player_experience":507455,"relics_obtained":[{"floor":6.0,"key":"Dream Catcher"},{"floor":9.0,"key":"War Paint"},{"floor":30,"key":"Molten Egg 2"}],"event_choices":[{"damage_healed":0.0,"max_hp_gain":0.0,"max_hp_loss":0.0,"gold_gain":0.0,"event_name":"Golden Idol","player_choice":"Take Wound","floor":2.0,"gold_loss":0.0,"damage_taken":0.0,"relics_obtained":["Golden Idol"],"cards_obtained":["Injury"]},{"cards_removed":["Pain"],"damage_healed":0.0,"max_hp_gain":0.0,"max_hp_loss":0.0,"gold_gain":0.0,"event_name":"The Cleric","player_choice":"Card Removal","floor":4.0,"gold_loss":50.0,"damage_taken":0.0},{"damage_healed":0.0,"max_hp_gain":0.0,"max_hp_loss":0.0,"gold_gain":0.0,"event_name":"The Woman in Blue","player_choice":"Bought 1 Potion","floor":19.0,"gold_loss":0.0,"damage_taken":0.0},{"damage_healed":0.0,"max_hp_gain":0.0,"max_hp_loss":0.0,"gold_gain":0.0,"event_name":"Drug Dealer","player_choice":"Inject Mutagens","floor":25.0,"gold_loss":0.0,"damage_taken":0.0,"relics_obtained":["MutagenicStrength"]}],"is_beta":false,"boss_relics":[{"not_picked":["Inserter","Sozu"],"picked":"Lizard Tail"}],"items_purged_floors":[20,29],"is_endless":false,"potions_floor_spawned":[1,6,12,16,18,24,28],"killed_by":"Collector","ascension_level":9}