{"gold_per_floor":[117,217,236,251,40,40,70,90,90,118,137,137,150,170,170,170],"floor_reached":16,"playtime":891,"items_purged":[],"score":120,"play_id":"dbf1bab2-f9e4-408c-b6a4-0eca5056e4e2","local_time":"20180707132321","is_ascension_mode":true,"campfire_choices":[{"data":"Chrysalis","floor":6,"key":"SMITH"},{"data":"Electrodynamics","floor":12,"key":"SMITH"},{"floor":15,"key":"REST"}],"neow_cost":"NONE","seed_source_timestamp":27230271779027,"circlet_count":0,"master_deck":["Strike_B","Strike_B","Strike_B","Strike_B","Defend_B","Defend_B","Defend_B","Defend_B","Zap","Dualcast","Hologram","Sweeping Beam","Ball Lightning","Chrysalis+1","Fission","Beam Cell","Electrodynamics+1","Conserve Battery","White Noise"],"relics":["Cracked Core","Vajra","Pear","Darkstone Periapt","Omamori"],"potions_floor_usage":[11,14,16],"damage_taken":[{"damage":2,"enemies":"2 Louse","floor":1,"turns":4},{"damage":5,"enemies":"Cultist","floor":3,"turns":4},{"damage":5,"enemies":"Small Slimes","floor":4,"turns":3},{"damage":14,"enemies":"3 Sentries","floor":7,"turns":8},{"damage":11,"enemies":"Red Slaver","floor":8,"turns":4},{"damage":8,"enemies":"Lagavulin","floor":10,"turns":5},{"damage":15,"enemies":"Exordium Thugs","floor":11,"turns":3},{"damage":4,"enemies":"Large Slime","floor":13,"turns":3},{"damage":0,"enemies":"2 Fungi Beasts","floor":14,"turns":1},{"damage":48,"enemies":"Hexaghost","floor":16,"turns":9}],"seed_played":"-2429378675599510578","potions_obtained":[{"floor":3,"key":"SpeedPotion"},{"floor":13,"key":"Explosive Potion"},{"floor":14,"key":"EssenceOfSteel"}],"is_trial":false,"path_per_floor":["M","?","M","M","$","R","E","M","T","E","M","R","M","M","R"],"character_chosen":"DEFECT","items_purchased":["Chrysalis"],"campfire_rested":1,"item_purchase_floors":[5],"current_hp_per_floor":[73,73,68,63,63,63,59,48,48,40,25,25,21,21,46,0],"gold":170,"neow_bonus":"RANDOM_COMMON_RELIC","is_prod":false,"is_daily":false,"chose_seed":false,"campfire_upgraded":2,"win_rate":0,"timestamp":1530933801,"path_taken":["M","?","M","M","$","R","E","M","T","E","M","R","M","?","R","BOSS"],"build_version":"2018-07-05","purchased_purges":0,"victory":false,"max_hp_per_floor":[75,75,75,75,75,75,85,85,85,85,85,85,85,85,85,85],"card_choices":[{"not_picked":["Compile Driver","Go for the Eyes"],"picked":"Hologram","floor":1},{"not_picked":["Leap","Loop"],"picked":"Sweeping Beam","floor":3},{"not_picked":["Go for the Eyes","Streamline"],"picked":"Ball Lightning","floor":4},{"not_picked":["Coolheaded","Glacier"],"picked":"Fission","floor":7},{"not_picked":["Stack","Steam Power"],"picked":"Beam Cell","floor":8},{"not_picked":["Streamline","Conserve Battery"],"picked":"Electrodynamics","floor":10},{"not_picked":["Leap","Undo"],"picked":"Conserve Battery","floor":11},{"not_picked":["Sweeping Beam","Coolheaded","Rebound"],"picked":"SKIP","floor":13},{"not_picked":["Chill","Turbo"],"picked":"White Noise","floor":14}],"player_experience":89418,"relics_obtained":[{"floor":7,"key":"Pear"},{"floor":9,"key":"Darkstone Periapt"},{"floor":10,"key":"Omamori"}],"event_choices":[{"event_name":"Wheel of Change","player_choice":"Gold","floor":2,"damage_taken":0}],"boss_relics":[],"items_purged_floors":[],"is_endless":false,"potions_floor_spawned":[3,13,14],"killed_by":"Hexaghost","ascension_level":1}