{"gold_per_floor":[13,27,27,44,58,58,93,105,159,159],"floor_reached":10,"playtime":651,"items_purged":[],"score":130,"play_id":"ba3a586c-4123-4336-8825-67566b31d2f6","local_time":"20190524230826","is_ascension_mode":true,"campfire_choices":[{"data":"Bash","floor":6,"key":"SMITH"}],"neow_cost":"NO_GOLD","seed_source_timestamp":306565982548465,"circlet_count":0,"master_deck":["AscendersBane","Strike_R","Strike_R","Strike_R","Strike_R","Strike_R","Defend_R","Defend_R","Defend_R","Defend_R","Bash+1","Battle Trance","Twin Strike","Regret","Whirlwind"],"relics":["Burning Blood","Champion Belt","Vajra","Bottled Lightning","Potion Belt"],"potions_floor_usage":[5,7],"damage_taken":[{"damage":9,"enemies":"Jaw Worm","floor":1,"turns":5},{"damage":7,"enemies":"Small Slimes","floor":2,"turns":4},{"damage":8,"enemies":"2 Louse","floor":4,"turns":3},{"damage":32,"enemies":"Large Slime","floor":5,"turns":6},{"damage":41,"enemies":"3 Sentries","floor":7,"turns":11},{"damage":11,"enemies":"2 Fungi Beasts","floor":8,"turns":3},{"damage":14,"enemies":"Red Slaver","floor":10,"turns":2}],"seed_played":"8610494275717990637","potions_obtained":[{"floor":1,"key":"Ancient Potion"},{"floor":2,"key":"PowerPotion"},{"floor":5,"key":"Regen Potion"}],"is_trial":false,"path_per_floor":["M","M","?","M","M","R","E","M","T","M"],"character_chosen":"IRONCLAD","items_purchased":[],"campfire_rested":0,"item_purchase_floors":[],"current_hp_per_floor":[65,64,64,62,36,36,16,11,11,0],"gold":159,"neow_bonus":"ONE_RARE_RELIC","is_prod":false,"is_daily":false,"chose_seed":false,"campfire_upgraded":1,"win_rate":0,"timestamp":1558760906,"path_taken":["M","M","?","M","M","R","E","M","T","M"],"build_version":"2019-01-23","purchased_purges":0,"victory":false,"max_hp_per_floor":[75,75,75,75,75,75,75,75,75,75],"card_choices":[{"not_picked":["Shockwave","Fire Breathing"],"picked":"Battle Trance","floor":1},{"not_picked":["Dropkick","Entrench"],"picked":"Twin Strike","floor":2},{"not_picked":["Heavy Blade","Metallicize","Flex"],"picked":"SKIP","floor":4},{"not_picked":["Armaments","Spot Weakness","Sever Soul"],"picked":"SKIP","floor":5},{"not_picked":["Bloodletting","Flex"],"picked":"Whirlwind","floor":7},{"not_picked":["Armaments","Fire Breathing","Iron Wave"],"picked":"SKIP","floor":8}],"player_experience":600584,"relics_obtained":[{"floor":7,"key":"Bottled Lightning"},{"floor":9,"key":"Potion Belt"}],"event_choices":[{"damage_healed":0,"gold_gain":0,"player_choice":"Box","damage_taken":0,"relics_obtained":["Vajra"],"max_hp_gain":0,"max_hp_loss":0,"event_name":"Big Fish","floor":3,"gold_loss":0,"cards_obtained":["Regret"]}],"is_beta":false,"boss_relics":[],"items_purged_floors":[],"is_endless":false,"potions_floor_spawned":[1,2,5],"killed_by":"Red Slaver","ascension_level":17}