{"gold_per_floor":[111,129,75,75,89,89,107,107,107,134,209,209,235,235,235,309,309,328,328,363,363,377,377,302,302,328,328,427,228,262,280,280,280],"floor_reached":33,"playtime":987,"items_purged":["Strike_R+1"],"score":447,"play_id":"8593a48f-68eb-4564-9a80-17597087faa1","local_time":"20190505135217","is_ascension_mode":true,"campfire_choices":[{"data":"Heavy Blade","floor":6.0,"key":"SMITH"},{"data":"Twin Strike","floor":8.0,"key":"SMITH"},{"floor":12.0,"key":"REST"},{"floor":15.0,"key":"REST"},{"floor":23,"key":"REST"},{"data":"1","floor":25,"key":"LIFT"},{"data":"2","floor":27,"key":"LIFT"},{"floor":32,"key":"REST"}],"neow_cost":"NONE","seed_source_timestamp":226199773023004,"circlet_count":0,"master_deck":["AscendersBane","Strike_R+1","Strike_R+1","Strike_R+1","Defend_R+1","Defend_R+1","Defend_R+1","Defend_R+1","Bash","Clothesline","Twin Strike+1","Heavy Blade+1","Bash","Inflame","Flame Barrier","Flame Barrier","Metallicize"],"special_seed":0,"relics":["Burning Blood","NeowsBlessing","Champion Belt","Girya","Ice Cream","Mark of Pain","Red Mask","Smiling Mask","Juzu Bracelet","Happy Flower"],"potions_floor_usage":[20,30,33],"damage_taken":[{"damage":0.0,"enemies":"Cultist","floor":1.0,"turns":1.0},{"damage":0.0,"enemies":"Small Slimes","floor":2.0,"turns":1.0},{"damage":0.0,"enemies":"Jaw Worm","floor":5.0,"turns":1.0},{"damage":46.0,"enemies":"Exordium Thugs","floor":7.0,"turns":7.0},{"damage":25.0,"enemies":"Lagavulin","floor":10.0,"turns":5.0},{"damage":35.0,"enemies":"Gremlin Nob","floor":13.0,"turns":5.0},{"damage":0.0,"enemies":"2 Fungi Beasts","floor":14.0,"turns":1.0},{"damage":14.0,"enemies":"Slime Boss","floor":16.0,"turns":8.0},{"damage":11.0,"enemies":"Spheric Guardian","floor":18.0,"turns":3.0},{"damage":57,"enemies":"Masked Bandits","floor":20,"turns":7},{"damage":0,"enemies":"Chosen","floor":22,"turns":3},{"damage":24,"enemies":"Gremlin Leader","floor":30,"turns":8},{"damage":13,"enemies":"Snake Plant","floor":31,"turns":4},{"damage":51,"enemies":"Champ","floor":33,"turns":10}],"seed_played":"-4708947773388517735","potions_obtained":[{"floor":2.0,"key":"SmokeBomb"},{"floor":7.0,"key":"Strength Potion"},{"floor":10.0,"key":"Dexterity Potion"},{"floor":16.0,"key":"SteroidPotion"},{"floor":22,"key":"EssenceOfSteel"},{"floor":30,"key":"SkillPotion"}],"is_trial":false,"path_per_floor":["M","M","$","?","M","R","M","R","T","E","?","R","E","M","R","B",null,"M","?","?","?","M","R","?","R","T","R","?","$","E","M","R","B"],"character_chosen":"IRONCLAD","items_purchased":["Heavy Blade","Juzu Bracelet"],"campfire_rested":4,"item_purchase_floors":[3,29],"current_hp_per_floor":[78,80,80,80,80,80,40,40,40,21,13,37,8,14,38,30,68,63,63,12,12,18,42,42,42,42,42,42,42,24,17,41,0],"gold":280,"neow_bonus":"THREE_ENEMY_KILL","is_prod":false,"is_daily":false,"chose_seed":false,"campfire_upgraded":2,"win_rate":0,"timestamp":1557085937,"path_taken":["M","?","$","?","M","R","?","R","T","E","?","R","E","M","R","BOSS","M","?","?","?","M","R","?","R","T","R","?","$","E","M","R","BOSS"],"build_version":"2019-01-23","purchased_purges":1,"victory":false,"max_hp_per_floor":[80,80,80,80,80,80,80,80,80,80,80,80,80,80,80,80,80,80,80,80,80,80,80,80,80,80,80,80,80,80,80,80,80],"card_choices":[{"not_picked":["Clash","Thunderclap"],"picked":"Clothesline","floor":1.0},{"not_picked":["Rampage","Entrench"],"picked":"Twin Strike","floor":2.0},{"not_picked":["Anger","True Grit","Body Slam"],"picked":"SKIP","floor":5.0},{"not_picked":["Battle Trance","Intimidate","Armaments"],"picked":"SKIP","floor":7.0},{"not_picked":["Entrench","Offering"],"picked":"Inflame","floor":10.0},{"not_picked":["Clothesline","Sentinel","Clash"],"picked":"SKIP","floor":13.0},{"not_picked":["True Grit","Hemokinesis"],"picked":"Flame Barrier","floor":18.0},{"not_picked":["Havoc","Spot Weakness"],"picked":"Metallicize","floor":22},{"not_picked":["Uppercut+1","Disarm+1","Metallicize"],"picked":"SKIP","floor":30},{"not_picked":["Clash","Sever Soul+1","Warcry"],"picked":"SKIP","floor":31}],"player_experience":553976,"relics_obtained":[{"floor":9.0,"key":"Champion Belt"},{"floor":10.0,"key":"Girya"},{"floor":13.0,"key":"Ice Cream"},{"floor":20,"key":"Red Mask"},{"floor":26,"key":"Smiling Mask"},{"floor":30,"key":"Happy Flower"}],"event_choices":[{"damage_healed":0.0,"max_hp_gain":0.0,"max_hp_loss":0.0,"gold_gain":0.0,"event_name":"Match and Keep!","player_choice":"1 cards matched","floor":4.0,"gold_loss":0.0,"damage_taken":0.0,"cards_obtained":["Bash"]},{"damage_healed":0.0,"max_hp_gain":0.0,"max_hp_loss":0.0,"gold_gain":75.0,"event_name":"FaceTrader","player_choice":"Touch","floor":11.0,"gold_loss":0.0,"damage_taken":8.0},{"damage_healed":0.0,"max_hp_gain":0.0,"max_hp_loss":0.0,"gold_gain":0.0,"event_name":"The Library","player_choice":"Read","floor":19.0,"gold_loss":0.0,"damage_taken":0.0,"cards_obtained":["Flame Barrier"]},{"damage_healed":0,"gold_gain":0,"player_choice":"Fought Bandits","damage_taken":0,"max_hp_gain":0,"max_hp_loss":0,"event_name":"Masked Bandits","floor":20,"gold_loss":0},{"damage_healed":0,"gold_gain":0,"player_choice":"Simplicity","damage_taken":0,"max_hp_gain":0,"max_hp_loss":0,"event_name":"Back to Basics","floor":21,"gold_loss":0,"cards_upgraded":["Strike_R","Strike_R","Strike_R","Strike_R","Strike_R","Defend_R","Defend_R","Defend_R","Defend_R"]},{"cards_removed":["Strike_R"],"damage_healed":0,"gold_gain":0,"player_choice":"Gave Gold","damage_taken":0,"max_hp_gain":0,"max_hp_loss":0,"event_name":"Beggar","floor":24,"gold_loss":75},{"damage_healed":0,"gold_gain":99,"player_choice":"Stole From Cult","damage_taken":0,"max_hp_gain":0,"max_hp_loss":0,"event_name":"Nest","floor":28,"gold_loss":0}],"is_beta":false,"boss_relics":[{"not_picked":["Velvet Choker","Lizard Tail"],"picked":"Mark of Pain"}],"items_purged_floors":[29],"is_endless":false,"potions_floor_spawned":[2,7,10,14,16,22,30],"killed_by":"Champ","ascension_level":13}