{"gold_per_floor":[117,131,73,88,103,103,128,128,176,176,16,16],"floor_reached":12,"playtime":554,"items_purged":["Defend_G"],"score":152,"play_id":"a7896f68-1e95-4291-bb1d-b70c12bd14c4","local_time":"20190330224637","is_ascension_mode":true,"campfire_choices":[{"data":"Burst","floor":6,"key":"SMITH"},{"data":"Well Laid Plans","floor":8,"key":"SMITH"},{"data":"Neutralize","floor":10,"key":"SMITH"}],"neow_cost":"TEN_PERCENT_HP_LOSS","seed_source_timestamp":178765194831692,"circlet_count":0,"master_deck":["AscendersBane","Defend_G","Defend_G","Defend_G","Defend_G","Strike_G","Strike_G","Strike_G","Strike_G","Strike_G","Survivor","Neutralize+1","Burst+1","Well Laid Plans+1","Backstab","Deflect","Cloak And Dagger","Backflip","Footwork","Leg Sweep"],"relics":["Ring of the Snake","The Courier","Bag of Preparation"],"potions_floor_usage":[7,7],"damage_taken":[{"damage":2,"enemies":"2 Louse","floor":1,"turns":3},{"damage":11,"enemies":"Small Slimes","floor":2,"turns":5},{"damage":0,"enemies":"Cultist","floor":4,"turns":4},{"damage":3,"enemies":"Blue Slaver","floor":5,"turns":5},{"damage":17,"enemies":"3 Sentries","floor":7,"turns":14},{"damage":40,"enemies":"Gremlin Nob","floor":12,"turns":4}],"seed_played":"8207006883228224603","potions_obtained":[{"floor":1,"key":"SteroidPotion"},{"floor":5,"key":"LiquidBronze"}],"is_trial":false,"path_per_floor":["M","M","$","M","M","R","E","R","T","R","$","E"],"character_chosen":"THE_SILENT","items_purchased":["Deflect","Footwork","Leg Sweep"],"campfire_rested":0,"item_purchase_floors":[3,11,11],"current_hp_per_floor":[57,46,46,46,43,43,26,26,26,26,26,0],"gold":16,"neow_bonus":"THREE_RARE_CARDS","is_prod":false,"is_daily":false,"chose_seed":false,"campfire_upgraded":3,"win_rate":0,"timestamp":1554007597,"path_taken":["M","M","$","M","M","R","E","R","T","R","$","E"],"build_version":"2019-01-23","purchased_purges":1,"victory":false,"max_hp_per_floor":[60,60,60,60,60,60,60,60,60,60,60,60],"card_choices":[{"not_picked":["Storm of Steel","Glass Knife"],"picked":"Burst","floor":0},{"not_picked":["Cloak And Dagger","Underhanded Strike"],"picked":"Well Laid Plans","floor":1},{"not_picked":["Quick Slash","PiercingWail"],"picked":"Backstab","floor":2},{"not_picked":["Flying Knee","Setup"],"picked":"Cloak And Dagger","floor":4},{"not_picked":["Tactician","Concentrate"],"picked":"Backflip","floor":5},{"not_picked":["Crippling Poison","Cloak And Dagger","All Out Attack"],"picked":"SKIP","floor":7}],"player_experience":371446,"relics_obtained":[{"floor":7,"key":"The Courier"},{"floor":9,"key":"Bag of Preparation"}],"event_choices":[],"is_beta":false,"boss_relics":[],"items_purged_floors":[11],"is_endless":false,"potions_floor_spawned":[1,5],"killed_by":"Gremlin Nob","ascension_level":19}