{"gold_per_floor":[111,129,129,143,143,179,179,179,202,242,255,255,280,321,321,449,449,464,464,199,199,150,150,165,189,189,214,252,252,283,299,299,299],"floor_reached":33,"playtime":1484,"items_purged":[],"score":469,"play_id":"748a2830-5df2-4a5d-8570-f7d20f51be28","local_time":"20190421202536","is_ascension_mode":true,"campfire_choices":[{"data":"Inflame","floor":8,"key":"SMITH"},{"data":"Rampage","floor":12,"key":"SMITH"},{"data":"Shrug It Off","floor":15,"key":"SMITH"},{"data":"Heavy Blade","floor":23,"key":"SMITH"},{"data":"Pommel Strike","floor":29,"key":"SMITH"},{"data":"Bash","floor":32,"key":"SMITH"}],"neow_cost":"NONE","seed_source_timestamp":683385669070508,"circlet_count":0,"master_deck":["Defend_R","Defend_R","Defend_R","Defend_R","Bash+1","Pommel Strike+1","Inflame+1","Rampage+1","Shrug It Off+1","Bite","Bite","Bite","Bite","Bite","Heavy Blade+1","Metallicize+1","Whirlwind+1"],"relics":["Burning Blood","PreservedInsect","Golden Idol","Mummified Hand","Orichalcum","Oddly Smooth Stone","Dream Catcher","Anchor","Sozu","Bag of Marbles","Vajra","Tiny Chest","Blue Candle","Strawberry","Juzu Bracelet"],"potions_floor_usage":[16],"damage_taken":[{"damage":5,"enemies":"Small Slimes","floor":1,"turns":4},{"damage":13,"enemies":"Jaw Worm","floor":2,"turns":4},{"damage":3,"enemies":"2 Louse","floor":4,"turns":3},{"damage":25,"enemies":"3 Sentries","floor":6,"turns":8},{"damage":10,"enemies":"Gremlin Nob","floor":10,"turns":3},{"damage":2,"enemies":"Large Slime","floor":11,"turns":6},{"damage":12,"enemies":"Exordium Wildlife","floor":13,"turns":4},{"damage":14,"enemies":"3 Sentries","floor":14,"turns":4},{"damage":19,"enemies":"The Guardian","floor":16,"turns":12},{"damage":6,"enemies":"Chosen","floor":18,"turns":4},{"damage":0,"enemies":"3 Byrds","floor":24,"turns":4},{"damage":8,"enemies":"Snecko","floor":25,"turns":3},{"damage":23,"enemies":"Shelled Parasite and Fungi","floor":27,"turns":5},{"damage":0,"enemies":"Gremlin Leader","floor":28,"turns":3},{"damage":0,"enemies":"Slavers","floor":30,"turns":1},{"damage":4,"enemies":"Centurion and Healer","floor":31,"turns":3},{"damage":70,"enemies":"Automaton","floor":33,"turns":6}],"seed_played":"2238661749393960494","potions_obtained":[{"floor":1,"key":"FearPotion"},{"floor":2,"key":"SkillPotion"},{"floor":6,"key":"Swift Potion"}],"is_trial":false,"path_per_floor":["M","M","?","M","?","E","T","R","T","E","M","R","M","E","R","B",null,"M","?","$","?","$","R","M","M","T","M","E","R","E","M","R","B"],"character_chosen":"IRONCLAD","items_purchased":["Vajra","Tiny Chest","Heavy Blade"],"campfire_rested":0,"item_purchase_floors":[20,20,22],"current_hp_per_floor":[80,73,73,74,67,48,48,48,48,44,48,48,42,34,34,21,61,61,61,61,51,51,51,51,49,49,44,58,58,58,58,58,0],"gold":299,"neow_bonus":"RANDOM_COMMON_RELIC","is_prod":false,"is_daily":false,"chose_seed":false,"campfire_upgraded":6,"win_rate":0,"timestamp":1555899936,"path_taken":["M","M","?","M","?","E","?","R","T","E","M","R","M","E","R","BOSS","M","?","$","?","$","R","M","M","T","M","E","R","E","M","R","BOSS"],"build_version":"2019-01-23","purchased_purges":0,"victory":false,"max_hp_per_floor":[80,80,74,74,74,74,74,74,74,74,74,74,74,74,74,74,74,74,74,74,51,51,51,51,51,51,51,58,58,58,58,58,58],"card_choices":[{"not_picked":["Wild Strike","Battle Trance"],"picked":"Pommel Strike","floor":1},{"not_picked":["Clothesline","Searing Blow","Infernal Blade"],"picked":"SKIP","floor":2},{"not_picked":["Pommel Strike","Bloodletting"],"picked":"Inflame","floor":4},{"not_picked":["Wild Strike","Body Slam","Flex"],"picked":"SKIP","floor":6},{"not_picked":["Fire Breathing","Flex"],"picked":"Rampage","floor":10},{"not_picked":["Feel No Pain","Hemokinesis","Dark Embrace"],"picked":"SKIP","floor":11},{"not_picked":["Clash","Inflame","Shockwave"],"picked":"SKIP","floor":13},{"not_picked":["Flex","Searing Blow"],"picked":"Shrug It Off","floor":14},{"not_picked":["Havoc","Dropkick","Rampage"],"picked":"SKIP","floor":18},{"not_picked":["Anger","Blood for Blood"],"picked":"Metallicize+1","floor":24},{"not_picked":["Blood for Blood+1","Seeing Red"],"picked":"Whirlwind+1","floor":25},{"not_picked":["Headbutt","True Grit","Warcry"],"picked":"SKIP","floor":27},{"not_picked":["Sever Soul","Uppercut","Immolate"],"picked":"SKIP","floor":28},{"not_picked":["Bloodletting+1","Warcry","Offering"],"picked":"SKIP","floor":30},{"not_picked":["Clash+1","Searing Blow","Feel No Pain"],"picked":"SKIP","floor":31}],"player_experience":498533,"relics_obtained":[{"floor":6,"key":"Mummified Hand"},{"floor":7,"key":"Orichalcum"},{"floor":9,"key":"Oddly Smooth Stone"},{"floor":10,"key":"Dream Catcher"},{"floor":14,"key":"Anchor"},{"floor":26,"key":"Blue Candle"},{"floor":28,"key":"Strawberry"},{"floor":30,"key":"Juzu Bracelet"}],"event_choices":[{"damage_healed":0,"gold_gain":0,"player_choice":"Lose Max HP","damage_taken":0,"relics_obtained":["Golden Idol"],"max_hp_gain":0,"max_hp_loss":6,"event_name":"Golden Idol","floor":3,"gold_loss":0},{"cards_removed":["Strike_R"],"damage_healed":0,"gold_gain":0,"player_choice":"Card Removal","damage_taken":7,"max_hp_gain":0,"max_hp_loss":0,"event_name":"Golden Wing","floor":5,"gold_loss":0},{"damage_healed":0,"gold_gain":0,"player_choice":"Opened","damage_taken":0,"relics_obtained":["Bag of Marbles"],"max_hp_gain":0,"max_hp_loss":0,"event_name":"The Mausoleum","floor":19,"gold_loss":0},{"damage_healed":0,"gold_gain":0,"player_choice":"Became a vampire","damage_taken":0,"max_hp_gain":0,"max_hp_loss":23,"event_name":"Vampires","floor":21,"gold_loss":0,"cards_obtained":["Bite","Bite","Bite","Bite","Bite"]}],"is_beta":false,"boss_relics":[{"not_picked":["Lizard Tail","Busted Crown"],"picked":"Sozu"}],"items_purged_floors":[],"is_endless":false,"potions_floor_spawned":[1,2,6,11,27,30],"killed_by":"Automaton","ascension_level":5}