{"gold_per_floor":[115,130,130,147,158,187,207,233,233,233,250,250,180,205,205,205],"floor_reached":16,"playtime":716,"items_purged":[],"score":122,"play_id":"96e8aece-cc7f-442c-89b5-ff0f083639cb","local_time":"20181103105445","is_ascension_mode":false,"campfire_choices":[{"floor":12,"key":"RECALL"},{"floor":15,"key":"REST"}],"neow_cost":"NONE","seed_source_timestamp":22039702967127,"circlet_count":0,"master_deck":["Defend_G","Defend_G","Defend_G","Defend_G","Defend_G","Strike_G","Strike_G","Strike_G","Strike_G","Survivor","Neutralize","Backflip","Deflect","Dagger Throw","Blade Dance","Accuracy","Noxious Fumes"],"relics":["Busted Crown","Question Card","Mercury Hourglass","Bird Faced Urn"],"potions_floor_usage":[6],"damage_taken":[{"damage":1,"enemies":"2 Louse","floor":1,"turns":3},{"damage":0,"enemies":"Cultist","floor":2,"turns":4},{"damage":3,"enemies":"Jaw Worm","floor":4,"turns":5},{"damage":0,"enemies":"Red Slaver","floor":5,"turns":3},{"damage":1,"enemies":"3 Sentries","floor":6,"turns":15},{"damage":1,"enemies":"Exordium Wildlife","floor":7,"turns":4},{"damage":18,"enemies":"Gremlin Nob","floor":8,"turns":5},{"damage":7,"enemies":"3 Louse","floor":11,"turns":2},{"damage":14,"enemies":"Lagavulin","floor":14,"turns":8},{"damage":54,"enemies":"Hexaghost","floor":16,"turns":11}],"seed_played":"670171440923520496","potions_obtained":[{"floor":2,"key":"Explosive Potion"},{"floor":7,"key":"Ancient Potion"},{"floor":11,"key":"Ancient Potion"},{"floor":14,"key":"Ancient Potion"}],"is_trial":false,"path_per_floor":["M","M","?","M","M","E","M","E","T","?","M","R","$","E","R","B"],"character_chosen":"THE_SILENT","items_purchased":["Noxious Fumes"],"campfire_rested":1,"item_purchase_floors":[13],"current_hp_per_floor":[69,69,69,66,66,65,64,46,46,46,39,39,39,25,46,0],"gold":205,"neow_bonus":"BOSS_RELIC","is_prod":false,"is_daily":false,"chose_seed":false,"campfire_upgraded":0,"win_rate":0,"timestamp":1541202885,"path_taken":["M","M","?","M","M","E","?","E","T","?","M","R","$","E","R","BOSS"],"build_version":"2018-11-02","purchased_purges":0,"victory":false,"max_hp_per_floor":[70,70,70,70,70,70,70,70,70,70,70,70,70,70,70,70],"card_choices":[{"not_picked":[],"picked":"Backflip","floor":1},{"not_picked":[],"picked":"Deflect","floor":2},{"not_picked":[],"picked":"Dagger Throw","floor":4},{"not_picked":["Deadly Poison"],"picked":"SKIP","floor":5},{"not_picked":[],"picked":"Blade Dance","floor":6},{"not_picked":["Choke","PiercingWail"],"picked":"SKIP","floor":7},{"not_picked":["All Out Attack","Deflect"],"picked":"SKIP","floor":8},{"not_picked":["Bane"],"picked":"Accuracy","floor":11},{"not_picked":["Distraction","Tools of the Trade"],"picked":"SKIP","floor":14}],"player_experience":167035,"relics_obtained":[{"floor":6,"key":"Question Card"},{"floor":8,"key":"Mercury Hourglass"},{"floor":14,"key":"Bird Faced Urn"}],"event_choices":[{"cards_removed":["Strike_G"],"damage_healed":0,"gold_gain":0,"player_choice":"Offered Basic","damage_taken":0,"max_hp_gain":0,"max_hp_loss":0,"event_name":"Bonfire Elementals","floor":3,"gold_loss":0},{"damage_healed":0,"gold_gain":0,"player_choice":"Ignored","damage_taken":0,"max_hp_gain":0,"max_hp_loss":0,"event_name":"Golden Wing","floor":10,"gold_loss":0}],"is_beta":true,"boss_relics":[],"items_purged_floors":[],"is_endless":false,"potions_floor_spawned":[2,7,11,14],"killed_by":"Hexaghost","ascension_level":0}