{"path_per_floor":["M","M","?","M","?","R","E","R","T","E","R","M","M","E","R","B",null,"M","$","?","M","M","E","R","E","T","R","E","R","M","M","R","B",null,"M","?","$","?","?","E","R","E","T","R","M","E","?","$","R"],"character_chosen":"DEFECT","items_purchased":["Toxic Egg 2","Secret Technique+1","Frozen Eye"],"gold_per_floor":[113,133,192,212,212,212,246,246,246,279,279,294,307,332,332,429,429,443,111,111,121,139,173,173,202,249,249,280,280,296,309,309,406,406,426,474,183,183,183,215,215,274,274,274,292,326,326,4,4,4],"floor_reached":50,"campfire_rested":6,"playtime":3029,"item_purchase_floors":[19,37,48],"current_hp_per_floor":[72,72,72,71,76,76,64,64,64,38,38,36,36,18,42,42,80,70,70,70,48,48,19,43,5,5,29,10,34,26,26,50,14,80,76,76,76,76,66,65,65,52,52,52,51,58,58,58,80,0],"items_purged":["Defend_B","Reprogram","Strike_B"],"gold":4,"score":713,"play_id":"9aeec160-18a2-4bc1-91c7-ae2b432b2990","local_time":"20180602124738","is_prod":false,"is_daily":false,"chose_seed":false,"is_ascension_mode":true,"campfire_upgraded":5,"win_rate":0.0,"timestamp":1527907658,"campfire_choices":[{"data":"Redo","floor":6,"key":"SMITH"},{"data":"Zap","floor":8,"key":"SMITH"},{"data":"Seek","floor":11,"key":"SMITH"},{"floor":15,"key":"REST"},{"floor":24,"key":"REST"},{"floor":27,"key":"REST"},{"floor":29,"key":"REST"},{"floor":32,"key":"REST"},{"data":"Biased Cognition","floor":41,"key":"SMITH"},{"data":"Biased Cognition","floor":44,"key":"SMITH"},{"floor":49,"key":"REST"}],"path_taken":["M","M","?","M","?","R","E","R","T","E","R","?","M","E","R","BOSS","M","$","?","M","?","E","R","E","T","R","E","R","M","M","R","BOSS","M","?","$","?","?","E","R","E","T","R","M","E","?","$","R","BOSS"],"build_version":"2018-05-31","seed_source_timestamp":11865889010045,"purchased_purges":3,"victory":false,"master_deck":["Strike_B","Defend_B+1","Defend_B+1","Zap+1","Dualcast","Doom and Gloom","FTL","Redo+1","Melter","Seek+1","Stack","Compile Driver","Biased Cognition+1","Loop+1","Rip and Tear+1","Fusion+1","Darkness+1","Biased Cognition+1","Rainbow+1","Cold Snap","Chill+1","Leap+1","Amplify+1","Fusion+1","Reprogram+1","Secret Technique+1","Madness+1","Madness+1","Self Repair","Multi-Cast+1","Aggregate+1"],"max_hp_per_floor":[75,75,75,75,80,80,80,80,80,80,80,80,80,80,80,80,80,80,80,80,80,80,80,80,80,80,80,80,80,80,80,80,80,80,80,80,80,80,80,80,80,80,80,80,80,80,80,80,80,80],"relics":["Cracked Core","War Paint","Letter Opener","Pen Nib","Astrolabe","Toxic Egg 2","Nloth\u0027s Gift","Blue Candle","Lantern","Juzu Bracelet","Potion Belt","Sozu","Thread and Needle","Orichalcum","Tiny Chest","Matryoshka","Mummified Hand","Frozen Eye"],"card_choices":[{"not_picked":["Beam Cell","Leap"],"picked":"Doom and Gloom","floor":1},{"not_picked":["Gash","Cold Snap"],"picked":"FTL","floor":2},{"not_picked":["Go for the Eyes","Streamline"],"picked":"Redo","floor":4},{"not_picked":["Heatsinks","Beam Cell"],"picked":"Melter","floor":7},{"not_picked":["Streamline","Ball Lightning"],"picked":"Seek","floor":10},{"not_picked":["Force Field","Beam Cell"],"picked":"Stack","floor":12},{"not_picked":["Sweeping Beam","Coolheaded"],"picked":"Compile Driver","floor":13},{"not_picked":["Leap","Doom and Gloom"],"picked":"Reprogram","floor":14},{"not_picked":["Machine Learning","Buffer"],"picked":"Biased Cognition","floor":16},{"not_picked":["Gash","Cold Snap","Doom and Gloom"],"picked":"SKIP","floor":18},{"not_picked":["Aggregate+1","Blizzard"],"picked":"Darkness+1","floor":21},{"not_picked":["FTL","Cold Snap"],"picked":"Biased Cognition","floor":22},{"not_picked":["Streamline","Thunder Strike"],"picked":"Rainbow+1","floor":23},{"not_picked":["Steam+1","Skim+1"],"picked":"Cold Snap","floor":25},{"not_picked":["Blizzard+1","Melter","Steam+1"],"picked":"SKIP","floor":28},{"not_picked":["Gash","Coolheaded+1"],"picked":"Chill+1","floor":30},{"not_picked":["Loop","Coolheaded+1"],"picked":"Leap+1","floor":31},{"not_picked":["All For One","Buffer"],"picked":"Amplify+1","floor":33},{"not_picked":["Leap+1","Melter+1"],"picked":"Fusion+1","floor":35},{"not_picked":["Compile Driver+1","Sweeping Beam"],"picked":"Reprogram+1","floor":36},{"not_picked":["Streamline+1","Steam Power+1"],"picked":"Self Repair","floor":40},{"not_picked":["Gash","Machine Learning"],"picked":"Multi-Cast+1","floor":42},{"not_picked":["Go for the Eyes+1","Leap+1"],"picked":"Aggregate+1","floor":45},{"not_picked":["Conserve Battery+1","Thunder Strike","Ball Lightning+1"],"picked":"SKIP","floor":46}],"player_experience":92695,"potions_floor_usage":[14,16,25,33,33,50,50],"damage_taken":[{"damage":3,"enemies":"Jaw Worm","floor":1,"turns":4},{"damage":0,"enemies":"Small Slimes","floor":2,"turns":2},{"damage":1,"enemies":"Cultist","floor":4,"turns":3},{"damage":12,"enemies":"3 Sentries","floor":7,"turns":5},{"damage":26,"enemies":"Lagavulin","floor":10,"turns":5},{"damage":2,"enemies":"Blue Slaver","floor":12,"turns":3},{"damage":0,"enemies":"Large Slime","floor":13,"turns":3},{"damage":18,"enemies":"Gremlin Nob","floor":14,"turns":4},{"damage":0,"enemies":"Slime Boss","floor":16,"turns":6},{"damage":10,"enemies":"3 Byrds","floor":18,"turns":3},{"damage":22,"enemies":"2 Thieves","floor":21,"turns":3},{"damage":0,"enemies":"Cultist and Chosen","floor":22,"turns":4},{"damage":29,"enemies":"Gremlin Leader","floor":23,"turns":5},{"damage":38,"enemies":"Slavers","floor":25,"turns":4},{"damage":19,"enemies":"Book of Stabbing","floor":28,"turns":4},{"damage":8,"enemies":"Centurion and Healer","floor":30,"turns":4},{"damage":0,"enemies":"Snecko","floor":31,"turns":3},{"damage":36,"enemies":"Collector","floor":33,"turns":7},{"damage":4,"enemies":"3 Darklings","floor":35,"turns":3},{"damage":0,"enemies":"Mysterious Sphere","floor":36,"turns":3},{"damage":1,"enemies":"Nemesis","floor":40,"turns":5},{"damage":20,"enemies":"Giant Head","floor":42,"turns":6},{"damage":1,"enemies":"3 Shapes","floor":45,"turns":3},{"damage":0,"enemies":"2 Orb Walkers","floor":46,"turns":5},{"damage":80,"enemies":"Time Eater","floor":50,"turns":8}],"relics_obtained":[{"floor":7,"key":"War Paint"},{"floor":9,"key":"Shuriken"},{"floor":10,"key":"Letter Opener"},{"floor":14,"key":"Pen Nib"},{"floor":23,"key":"Blue Candle"},{"floor":25,"key":"Lantern"},{"floor":26,"key":"Juzu Bracelet"},{"floor":28,"key":"Potion Belt"},{"floor":36,"key":"Thread and Needle"},{"floor":40,"key":"Orichalcum"},{"floor":42,"key":"Tiny Chest"},{"floor":43,"key":"Matryoshka"},{"floor":46,"key":"Mummified Hand"}],"event_choices":[{"event_name":"Golden Wing","player_choice":"Gained Gold","floor":3,"damage_taken":0},{"event_name":"Big Fish","player_choice":"Donut","floor":5,"damage_taken":0},{"event_name":"N\u0027loth","player_choice":"Traded a Shuriken","floor":20,"damage_taken":0},{"event_name":"Mysterious Sphere","player_choice":"Fight","floor":36,"damage_taken":0},{"event_name":"The Lab","player_choice":"Got Potions","floor":38,"damage_taken":0},{"event_name":"Winding Halls","player_choice":"Embrace Madness","floor":39,"damage_taken":0},{"event_name":"Tomb of Lord Red Mask","player_choice":"Ignored","floor":47,"damage_taken":0}],"boss_relics":[{"not_picked":["Snecko Eye","Eternal Feather"],"picked":"Astrolabe"},{"not_picked":["Runic Dome","Tiny House"],"picked":"Sozu"}],"items_purged_floors":[19,37,48],"potions_floor_spawned":[1,10,12,21,25,28,33,42,45,46],"seed_played":"4188366384434566863","killed_by":"Time Eater","ascension_level":1,"potions_obtained":[{"floor":1,"key":"EssenceOfSteel"},{"floor":10,"key":"GamblersBrew"},{"floor":12,"key":"FocusPotion"},{"floor":21,"key":"Fire Potion"},{"floor":25,"key":"Ancient Potion"},{"floor":28,"key":"Fire Potion"},{"floor":33,"key":"Strength Potion"}],"is_trial":false}