{"gold_per_floor":[111,59,134,146,146,146,162,162,217,260,314,314,61,77,77,201,201,214,214,230,131,256,296,296,331,331,331,331,352,352,352,352,477,477,502,10,26,47,72,197,197,238,315,356,356,377,377,420,420,420],"floor_reached":51,"playtime":7190,"items_purged":["Strike_B"],"score":1027,"play_id":"4fdb5725-49c8-4080-816c-b536f87d9899","local_time":"20190124162450","is_ascension_mode":true,"campfire_choices":[{"data":"Leap","floor":6.0,"key":"SMITH"},{"floor":8.0,"key":"REST"},{"data":"Force Field","floor":12.0,"key":"SMITH"},{"floor":15.0,"key":"REST"},{"floor":24.0,"key":"REST"},{"floor":27.0,"key":"REST"},{"data":"Electrodynamics","floor":30.0,"key":"SMITH"},{"floor":32.0,"key":"REST"},{"data":"Machine Learning","floor":41,"key":"SMITH"},{"data":"Coolheaded","floor":47,"key":"SMITH"},{"data":"Go for the Eyes","floor":49,"key":"SMITH"}],"neow_cost":"TEN_PERCENT_HP_LOSS","seed_source_timestamp":0,"circlet_count":0,"master_deck":["Defend_B","Zap","Dualcast","Echo Form","Chill","Leap+1","Go for the Eyes+1","Force Field+1","Panache","Storm","Coolheaded+1","Electrodynamics+1","Conserve Battery","Turbo","Recycle+1","Meteor Strike+1","Seek+1","Cold Snap+1","Machine Learning+1","Multi-Cast+1","Self Repair+1","Fission+1","White Noise+1","Defragment+1","Secret Technique+1","Chaos+1","BootSequence+1","Static Discharge+1","Blizzard+1","Multi-Cast+1","Force Field+1","Tempest+1"],"special_seed":0,"relics":["Cracked Core","Golden Idol","Tiny Chest","Ornamental Fan","Orichalcum","Philosopher\u0027s Stone","Thread and Needle","Molten Egg 2","Ice Cream","Toxic Egg 2","Symbiotic Virus","Bag of Preparation","Astrolabe","Frozen Egg 2","Vajra","Prayer Wheel","Strawberry","Shuriken","Dodecahedron","Juzu Bracelet"],"potions_floor_usage":[35,48,50,50,50],"damage_taken":[{"damage":7.0,"enemies":"Jaw Worm","floor":1.0,"turns":3.0},{"damage":0.0,"enemies":"2 Louse","floor":4.0,"turns":3.0},{"damage":11.0,"enemies":"Small Slimes","floor":7.0,"turns":4.0},{"damage":22.0,"enemies":"3 Sentries","floor":10.0,"turns":9.0},{"damage":0.0,"enemies":"Red Slaver","floor":14.0,"turns":4.0},{"damage":21.0,"enemies":"The Guardian","floor":16.0,"turns":14.0},{"damage":18.0,"enemies":"3 Byrds","floor":18.0,"turns":2.0},{"damage":9.0,"enemies":"Chosen","floor":20.0,"turns":4.0},{"damage":8.0,"enemies":"Colosseum Slavers","floor":22.0,"turns":4.0},{"damage":5.0,"enemies":"Colosseum Nobs","floor":22.0,"turns":4.0},{"damage":2.0,"enemies":"Slavers","floor":23.0,"turns":4.0},{"damage":9.0,"enemies":"Gremlin Leader","floor":25.0,"turns":8.0},{"damage":5.0,"enemies":"Snake Plant","floor":29.0,"turns":3.0},{"damage":47.0,"enemies":"Collector","floor":33.0,"turns":6.0},{"damage":25,"enemies":"3 Darklings","floor":35,"turns":3},{"damage":0,"enemies":"3 Shapes","floor":37,"turns":1},{"damage":0,"enemies":"Jaw Worm Horde","floor":38,"turns":2},{"damage":0,"enemies":"Mind Bloom Boss Battle","floor":40,"turns":5},{"damage":8,"enemies":"Giant Head","floor":42,"turns":6},{"damage":10,"enemies":"Nemesis","floor":44,"turns":4},{"damage":0,"enemies":"3 Darklings","floor":46,"turns":3},{"damage":0,"enemies":"Reptomancer","floor":48,"turns":4},{"damage":20,"enemies":"Time Eater","floor":50,"turns":8}],"seed_played":"2555103192737821377","potions_obtained":[{"floor":1.0,"key":"Poison Potion"},{"floor":4.0,"key":"FocusPotion"},{"floor":16.0,"key":"Explosive Potion"},{"floor":18.0,"key":"PowerPotion"},{"floor":20.0,"key":"EntropicBrew"},{"floor":22.0,"key":"Block Potion"},{"floor":23.0,"key":"Block Potion"},{"floor":37,"key":"FocusPotion"},{"floor":38,"key":"Strength Potion"},{"floor":44,"key":"Energy Potion"},{"floor":45,"key":"GamblersBrew"},{"floor":48,"key":"Strength Potion"}],"is_trial":false,"path_per_floor":["M","$","?","M","?","R","M","R","T","E","T","R","$","M","R","B",null,"M","?","M","$","?","E","R","E","T","R","?","M","R","T","R","B",null,"M","$","M","M","T","?","R","E","T","E","?","M","R","E","R","B",null],"character_chosen":"DEFECT","items_purchased":["Leap","Panache","Storm","Turbo","Frozen Egg 2","Defragment+1","Secret Technique+1"],"campfire_rested":5,"item_purchase_floors":[2,13,13,21,36,36,36],"current_hp_per_floor":[61,61,50,50,50,50,39,57,57,35,35,35,35,35,53,32,55,37,37,28,28,15,13,31,22,22,40,40,35,35,35,53,6,49,34,34,34,44,44,54,54,70,70,70,70,70,70,70,70,60],"gold":420,"neow_bonus":"THREE_RARE_CARDS","is_prod":false,"is_daily":false,"chose_seed":false,"campfire_upgraded":6,"win_rate":0,"timestamp":1548372290,"path_taken":["M","$","?","M","?","R","M","R","T","E","?","R","$","M","R","BOSS","M","?","?","$","?","E","R","E","T","R","?","M","R","?","R","BOSS","M","$","M","M","?","?","R","E","T","E","?","M","R","E","R","BOSS"],"build_version":"2019-01-23","purchased_purges":1,"victory":true,"max_hp_per_floor":[68,68,68,68,63,63,63,63,63,63,63,63,63,63,63,63,63,63,63,63,63,63,63,63,63,63,63,63,63,63,63,63,63,63,63,63,63,63,63,63,63,70,70,70,70,70,70,70,70,70],"card_choices":[{"not_picked":["All For One","Meteor Strike"],"picked":"Echo Form","floor":0.0},{"not_picked":["Skim","Beam Cell"],"picked":"Chill","floor":1.0},{"not_picked":["Beam Cell","Tempest"],"picked":"Go for the Eyes","floor":4.0},{"not_picked":["Steam","Gash","Rip and Tear"],"picked":"SKIP","floor":7.0},{"not_picked":["Sweeping Beam","Barrage"],"picked":"Force Field","floor":10.0},{"not_picked":["Sweeping Beam","Melter"],"picked":"Coolheaded","floor":14.0},{"not_picked":["Biased Cognition","Seek"],"picked":"Electrodynamics","floor":16.0},{"not_picked":["Gash+1","Beam Cell"],"picked":"Conserve Battery","floor":18.0},{"not_picked":["Storm+1","Reinforced Body","Heatsinks"],"picked":"SKIP","floor":20.0},{"not_picked":["Skim","Electrodynamics","Ball Lightning+1"],"picked":"SKIP","floor":23.0},{"not_picked":["Multi-Cast","Go for the Eyes+1"],"picked":"Recycle+1","floor":25.0},{"not_picked":["Rebound+1","Barrage+1"],"picked":"Cold Snap+1","floor":29.0},{"not_picked":["Meteor Strike+1","Hyperbeam+1"],"picked":"Machine Learning","floor":33.0},{"not_picked":["Doom and Gloom+1","Conserve Battery+1"],"picked":"White Noise+1","floor":35},{"not_picked":["Double Energy+1","Lockon+1"],"picked":"Chaos+1","floor":37},{"not_picked":["Coolheaded+1","Scrape+1"],"picked":"BootSequence+1","floor":38},{"not_picked":["Barrage+1","Cold Snap+1"],"picked":"Static Discharge+1","floor":40},{"not_picked":["Heatsinks+1","Double Energy+1"],"picked":"Blizzard+1","floor":42},{"not_picked":["Sweeping Beam+1","Compile Driver+1"],"picked":"Multi-Cast+1","floor":44},{"not_picked":["Streamline+1","Hologram+1"],"picked":"Force Field+1","floor":46},{"not_picked":["Turbo+1","Redo+1","Hyperbeam+1"],"picked":"SKIP","floor":46},{"not_picked":["Sweeping Beam+1","Conserve Battery+1"],"picked":"Tempest+1","floor":48}],"player_experience":396498,"relics_obtained":[{"floor":9.0,"key":"Tiny Chest"},{"floor":10.0,"key":"Ornamental Fan"},{"floor":11.0,"key":"Orichalcum"},{"floor":22.0,"key":"Thread and Needle"},{"floor":22.0,"key":"Molten Egg 2"},{"floor":23.0,"key":"Ice Cream"},{"floor":25.0,"key":"Toxic Egg 2"},{"floor":26.0,"key":"Symbiotic Virus"},{"floor":31.0,"key":"Bag of Preparation"},{"floor":39,"key":"Vajra"},{"floor":40,"key":"Prayer Wheel"},{"floor":42,"key":"Strawberry"},{"floor":43,"key":"Shuriken"},{"floor":44,"key":"Dodecahedron"},{"floor":48,"key":"Juzu Bracelet"}],"event_choices":[{"damage_healed":0.0,"max_hp_gain":0.0,"max_hp_loss":0.0,"gold_gain":75.0,"event_name":"World of Goop","player_choice":"Gather Gold","floor":3.0,"gold_loss":0.0,"damage_taken":11.0},{"damage_healed":0.0,"max_hp_gain":0.0,"max_hp_loss":5.0,"gold_gain":0.0,"event_name":"Golden Idol","player_choice":"Lose Max HP","floor":5.0,"gold_loss":0.0,"damage_taken":0.0,"relics_obtained":["Golden Idol"]},{"cards_removed":["Strike_B"],"damage_healed":0.0,"max_hp_gain":0.0,"max_hp_loss":0.0,"gold_gain":0.0,"event_name":"Purifier","player_choice":"Purged","floor":19.0,"gold_loss":0.0,"damage_taken":0.0},{"damage_healed":0.0,"max_hp_gain":0.0,"max_hp_loss":0.0,"gold_gain":0.0,"event_name":"Colosseum","player_choice":"Fight","floor":22.0,"gold_loss":0.0,"damage_taken":0.0},{"damage_healed":0.0,"max_hp_gain":0.0,"max_hp_loss":0.0,"gold_gain":0.0,"event_name":"Colosseum","player_choice":"Fought Nobs","floor":22.0,"gold_loss":0.0,"damage_taken":0.0},{"damage_healed":0.0,"max_hp_gain":0.0,"max_hp_loss":0.0,"gold_gain":0.0,"cards_transformed":["Strike_B","Strike_B"],"event_name":"Drug Dealer","player_choice":"Became Test Subject","floor":28.0,"gold_loss":0.0,"damage_taken":0.0,"cards_obtained":["Meteor Strike","Seek"]},{"damage_healed":0,"gold_gain":0,"player_choice":"Fight","damage_taken":0,"max_hp_gain":0,"max_hp_loss":0,"event_name":"MindBloom","floor":40,"gold_loss":0},{"damage_healed":0,"gold_gain":0,"player_choice":"Got Potions","damage_taken":0,"max_hp_gain":0,"max_hp_loss":0,"event_name":"Lab","floor":45,"gold_loss":0}],"is_beta":false,"boss_relics":[{"not_picked":["Orrery","Snecko Eye"],"picked":"Philosopher\u0027s Stone"},{"not_picked":["White Beast Statue","Coffee Dripper"],"picked":"Astrolabe"}],"items_purged_floors":[21],"is_endless":false,"potions_floor_spawned":[1,4,16,18,20,22,23,37,38,44,48],"ascension_level":7}