{"gold_per_floor":[110,175,175,193,204,259,259,334,411,411,422,447,447,474,474,548,548,568,593,607,138,156,189,189,202,202,218,218,218,218,69,69,147,147,163,163,182,182,9,35,35,53,53,53],"floor_reached":44,"playtime":2031,"items_purged":["Strike_R","Strike_R","Strike_R"],"score":831,"play_id":"7ca66cae-f1f1-479c-a6e5-9cf11b684b7d","local_time":"20190605154808","is_ascension_mode":true,"campfire_choices":[{"data":"Hemokinesis","floor":7.0,"key":"SMITH"},{"data":"Shrug It Off","floor":10.0,"key":"SMITH"},{"floor":15.0,"key":"REST"},{"floor":24.0,"key":"REST"},{"floor":28.0,"key":"REST"},{"data":"Limit Break","floor":30.0,"key":"SMITH"},{"floor":32.0,"key":"REST"},{"floor":41.0,"key":"REST"}],"neow_cost":"NONE","seed_source_timestamp":4287136285255216,"circlet_count":0,"master_deck":["AscendersBane","Strike_R","Defend_R","Defend_R","Defend_R","Defend_R","Bash+1","Disarm","Hemokinesis+1","Anger","Shrug It Off+1","Cleave+1","Clothesline+1","Spot Weakness","Feed+1","Pommel Strike+1","Headbutt+1","Limit Break+1","Metallicize","Uppercut+1","Havoc+1","J.A.X.","Juggernaut","Heavy Blade+1","Ghostly Armor"],"special_seed":0,"relics":["Burning Blood","Tiny Chest","Molten Egg 2","Bottled Lightning","Bronze Scales","Runic Cube","Omamori","Lee\u0027s Waffle","Shuriken","Matryoshka","Snecko Eye","Pantograph","Boot","Bottled Tornado","PreservedInsect","Meat on the Bone"],"potions_floor_usage":[42,44,44],"damage_taken":[{"damage":2.0,"enemies":"2 Louse","floor":1.0,"turns":4.0},{"damage":7.0,"enemies":"Cultist","floor":4.0,"turns":4.0},{"damage":13.0,"enemies":"Jaw Worm","floor":5.0,"turns":3.0},{"damage":26.0,"enemies":"Gremlin Nob","floor":6.0,"turns":4.0},{"damage":2.0,"enemies":"2 Fungi Beasts","floor":11.0,"turns":3.0},{"damage":19.0,"enemies":"Lagavulin","floor":12.0,"turns":5.0},{"damage":3.0,"enemies":"Gremlin Nob","floor":14.0,"turns":3.0},{"damage":16.0,"enemies":"Slime Boss","floor":16.0,"turns":8.0},{"damage":22.0,"enemies":"Spheric Guardian","floor":18.0,"turns":4.0},{"damage":31.0,"enemies":"2 Thieves","floor":20.0,"turns":4.0},{"damage":28.0,"enemies":"Centurion and Healer","floor":22.0,"turns":4.0},{"damage":41.0,"enemies":"Gremlin Leader","floor":23.0,"turns":6.0},{"damage":33.0,"enemies":"Cultist and Chosen","floor":25.0,"turns":5.0},{"damage":18.0,"enemies":"Snake Plant","floor":27.0,"turns":5.0},{"damage":61.0,"enemies":"Automaton","floor":33.0,"turns":8.0},{"damage":46.0,"enemies":"3 Shapes","floor":35.0,"turns":6.0},{"damage":5.0,"enemies":"Orb Walker","floor":37.0,"turns":4.0},{"damage":28.0,"enemies":"Nemesis","floor":40.0,"turns":5.0},{"damage":41,"enemies":"Jaw Worm Horde","floor":42,"turns":5},{"damage":64,"enemies":"Writhing Mass","floor":44,"turns":3}],"seed_played":"-4865077162339599569","potions_obtained":[{"floor":4.0,"key":"FearPotion"},{"floor":5.0,"key":"Explosive Potion"},{"floor":11.0,"key":"Fire Potion"},{"floor":13.0,"key":"AttackPotion"},{"floor":16.0,"key":"LiquidBronze"},{"floor":20.0,"key":"SkillPotion"},{"floor":25.0,"key":"LiquidBronze"},{"floor":27.0,"key":"Dexterity Potion"},{"floor":40.0,"key":"BloodPotion"},{"floor":42,"key":"GamblersBrew"}],"is_trial":false,"path_per_floor":["M","?","?","M","M","E","R","?","T","R","M","E","?","E","R","B",null,"M","T","M","$","M","E","R","M","T","M","R","?","R","$","R","B",null,"M","?","M","T","$","E","R","M","T","M"],"character_chosen":"IRONCLAD","items_purchased":["Limit Break","Lee\u0027s Waffle","AttackPotion","Block Potion","Poison Potion"],"campfire_rested":5,"item_purchase_floors":[21,21,21,31,39],"current_hp_per_floor":[72,72,72,71,64,44,44,33,33,33,37,24,24,27,49,39,66,50,50,25,82,64,29,54,31,31,19,46,46,46,46,73,18,72,36,36,41,41,41,19,48,22,22,0],"gold":53,"neow_bonus":"UPGRADE_CARD","is_prod":false,"is_daily":false,"chose_seed":false,"campfire_upgraded":3,"win_rate":0,"timestamp":1559764088,"path_taken":["M","?","?","?","M","E","R","?","T","R","M","E","?","E","R","BOSS","M","?","M","$","M","E","R","M","T","M","R","?","R","$","R","BOSS","M","?","M","?","$","E","R","M","T","M"],"build_version":"2019-01-23","purchased_purges":3,"victory":false,"max_hp_per_floor":[75,75,75,75,75,75,75,75,75,75,75,75,75,75,75,75,75,75,75,75,82,86,86,86,90,90,90,90,90,90,90,90,90,90,94,94,98,98,98,98,98,98,98,98],"card_choices":[{"not_picked":["Body Slam","Havoc"],"picked":"Disarm","floor":1.0},{"not_picked":["Armaments","Body Slam"],"picked":"Hemokinesis","floor":4.0},{"not_picked":["Warcry","Perfected Strike"],"picked":"Anger","floor":5.0},{"not_picked":["Seeing Red","Feel No Pain"],"picked":"Shrug It Off","floor":6.0},{"not_picked":["Havoc","Bludgeon+1"],"picked":"Cleave+1","floor":11.0},{"not_picked":["Clash+1","Body Slam+1"],"picked":"Clothesline+1","floor":12.0},{"not_picked":["Metallicize","Searing Blow+1"],"picked":"Spot Weakness","floor":14.0},{"not_picked":["Limit Break","Reaper+1"],"picked":"Feed+1","floor":16.0},{"not_picked":["Heavy Blade+1","Cleave+1"],"picked":"Pommel Strike+1","floor":18.0},{"not_picked":["Thunderclap+1","Flex"],"picked":"Headbutt+1","floor":20.0},{"not_picked":["Entrench","Flex","Cleave+1"],"picked":"SKIP","floor":22.0},{"not_picked":["Berserk","Hemokinesis+1"],"picked":"Metallicize","floor":23.0},{"not_picked":["Reckless Charge+1","Infernal Blade"],"picked":"Uppercut+1","floor":25.0},{"not_picked":["Pommel Strike+1","Clash+1"],"picked":"Havoc+1","floor":27.0},{"not_picked":["Impervious","Barricade"],"picked":"Juggernaut","floor":33.0},{"not_picked":["Uppercut+1","Body Slam+1","Infernal Blade+1"],"picked":"SKIP","floor":35.0},{"not_picked":["Clothesline+1","Anger+1"],"picked":"Heavy Blade+1","floor":37.0},{"not_picked":["Twin Strike+1","Limit Break"],"picked":"Ghostly Armor","floor":40.0},{"not_picked":["Perfected Strike+1","Iron Wave+1","Flex"],"picked":"SKIP","floor":42}],"player_experience":169990,"relics_obtained":[{"floor":6.0,"key":"Tiny Chest"},{"floor":9.0,"key":"Molten Egg 2"},{"floor":12.0,"key":"Bottled Lightning"},{"floor":14.0,"key":"Bronze Scales"},{"floor":19.0,"key":"Omamori"},{"floor":23.0,"key":"Shuriken"},{"floor":26.0,"key":"Matryoshka"},{"floor":38.0,"key":"Pantograph"},{"floor":38.0,"key":"Boot"},{"floor":40.0,"key":"Bottled Tornado"},{"floor":43,"key":"PreservedInsect"},{"floor":43,"key":"Meat on the Bone"}],"event_choices":[{"damage_healed":0.0,"max_hp_gain":0.0,"max_hp_loss":0.0,"gold_gain":65.0,"event_name":"Golden Wing","player_choice":"Gained Gold","floor":2.0,"gold_loss":0.0,"damage_taken":0.0},{"cards_removed":["Strike_R"],"damage_healed":0.0,"max_hp_gain":0.0,"max_hp_loss":0.0,"gold_gain":0.0,"event_name":"Bonfire Elementals","player_choice":"Offered Basic","floor":3.0,"gold_loss":0.0,"damage_taken":0.0},{"damage_healed":0.0,"max_hp_gain":0.0,"max_hp_loss":0.0,"gold_gain":75.0,"event_name":"World of Goop","player_choice":"Gather Gold","floor":8.0,"gold_loss":0.0,"damage_taken":11.0},{"damage_healed":0.0,"max_hp_gain":0.0,"max_hp_loss":0.0,"gold_gain":0.0,"event_name":"Lab","player_choice":"Got Potions","floor":13.0,"gold_loss":0.0,"damage_taken":0.0},{"damage_healed":0.0,"max_hp_gain":0.0,"max_hp_loss":0.0,"gold_gain":0.0,"event_name":"Drug Dealer","player_choice":"Obtain J.A.X.","floor":29.0,"gold_loss":0.0,"damage_taken":0.0,"cards_obtained":["J.A.X."]},{"damage_healed":0.0,"max_hp_gain":0.0,"max_hp_loss":0.0,"gold_gain":0.0,"event_name":"The Moai Head","player_choice":"Ignored","floor":36.0,"gold_loss":0.0,"damage_taken":0.0}],"is_beta":false,"boss_relics":[{"not_picked":["Empty Cage","Fusion Hammer"],"picked":"Runic Cube"},{"not_picked":["Runic Pyramid","Lizard Tail"],"picked":"Snecko Eye"}],"items_purged_floors":[21,31,39],"is_endless":false,"potions_floor_spawned":[4,5,11,16,20,25,27,40,42],"killed_by":"Writhing Mass","ascension_level":14}