{"gold_per_floor":[114,132,132,149,159,159,192,192,192,162,162,87,102,128,128,232,232,248,98,113,113,126,126,126,126,201,201,211,211,224,238,238,338,338,352,234,246,49,64,64,83,0,0,17,17,35,52,72,72,72],"floor_reached":50,"playtime":1890,"items_purged":["Strike_R","Strike_R"],"score":642,"play_id":"fb3b7429-3766-4280-8a41-b9c817bb1004","local_time":"20181021103936","is_ascension_mode":true,"campfire_choices":[{"data":"Inflame","floor":6,"key":"SMITH"},{"data":"Heavy Blade","floor":8,"key":"SMITH"},{"data":"Pommel Strike","floor":11,"key":"SMITH"},{"data":"Whirlwind","floor":15,"key":"SMITH"},{"data":"Headbutt","floor":23,"key":"SMITH"},{"data":"Body Slam","floor":25,"key":"SMITH"},{"floor":27,"key":"REST"},{"data":"Rupture","floor":32,"key":"SMITH"},{"data":"Inflame","floor":40,"key":"SMITH"},{"data":"Reaper","floor":45,"key":"SMITH"},{"floor":49,"key":"REST"}],"neow_cost":"NONE","seed_source_timestamp":1028902629440,"circlet_count":0,"master_deck":["Strike_R+1","Strike_R+1","Defend_R+1","Defend_R+1","Defend_R+1","Defend_R+1","Bash+1","Body Slam+1","Headbutt+1","Inflame+1","Heavy Blade+1","Pommel Strike+1","Limit Break+1","Whirlwind+1","Flex+1","Rupture+1","Rage+1","Flex+1","Reaper+1","Shrug It Off+1","Flex+1","Inflame+1","Entrench+1","Shrug It Off+1","Decay","Iron Wave+1"],"relics":["Burning Blood","Regal Pillow","Turnip","Toxic Egg 2","Bag of Marbles","Busted Crown","Kunai","Ancient Tea Set","Cursed Key","Bag of Preparation","Red Mask","Torii"],"potions_floor_usage":[14,14,50,50,50],"damage_taken":[{"damage":9,"enemies":"2 Louse","floor":1,"turns":2},{"damage":1,"enemies":"Cultist","floor":2,"turns":4},{"damage":0,"enemies":"Small Slimes","floor":4,"turns":3},{"damage":10,"enemies":"2 Fungi Beasts","floor":5,"turns":4},{"damage":30,"enemies":"Lagavulin","floor":7,"turns":7},{"damage":9,"enemies":"Red Slaver","floor":13,"turns":2},{"damage":0,"enemies":"Gremlin Nob","floor":14,"turns":2},{"damage":43,"enemies":"Hexaghost","floor":16,"turns":9},{"damage":7,"enemies":"Chosen","floor":18,"turns":3},{"damage":23,"enemies":"2 Thieves","floor":20,"turns":3},{"damage":0,"enemies":"Centurion and Healer","floor":22,"turns":3},{"damage":4,"enemies":"Cultist and Chosen","floor":28,"turns":3},{"damage":9,"enemies":"Snake Plant","floor":30,"turns":2},{"damage":7,"enemies":"Snecko","floor":31,"turns":4},{"damage":0,"enemies":"Collector","floor":33,"turns":5},{"damage":0,"enemies":"3 Darklings","floor":35,"turns":1},{"damage":0,"enemies":"Orb Walker","floor":37,"turns":3},{"damage":7,"enemies":"Spire Growth","floor":39,"turns":3},{"damage":30,"enemies":"Maw","floor":41,"turns":4},{"damage":1,"enemies":"3 Darklings","floor":44,"turns":3},{"damage":0,"enemies":"Spire Growth","floor":46,"turns":2},{"damage":0,"enemies":"Transient","floor":47,"turns":5},{"damage":7,"enemies":"Writhing Mass","floor":48,"turns":3},{"damage":100,"enemies":"Donu and Deca","floor":50,"turns":8}],"seed_played":"-904477785285720442","potions_obtained":[{"floor":2,"key":"Strength Potion"},{"floor":5,"key":"FairyPotion"},{"floor":10,"key":"PowerPotion"},{"floor":10,"key":"Fire Potion"},{"floor":14,"key":"Dexterity Potion"},{"floor":18,"key":"LiquidBronze"},{"floor":20,"key":"EssenceOfSteel"},{"floor":30,"key":"Regen Potion"}],"is_trial":false,"path_per_floor":["M","M","?","M","M","R","E","R","T","?","R","$","M","E","R","B",null,"M","$","M","?","M","R","?","R","T","R","M","?","M","M","R","B",null,"M","$","M","$","M","R","M","?","T","M","R","M","M","M","R"],"character_chosen":"IRONCLAD","items_purchased":["Flex+1","Flex+1","Inflame","Bag of Preparation","Shrug It Off+1"],"campfire_rested":2,"item_purchase_floors":[19,36,36,38,38],"current_hp_per_floor":[77,80,80,80,76,76,52,52,52,52,52,52,49,55,55,18,80,79,79,62,62,68,68,68,68,68,80,80,80,77,76,76,80,80,80,80,80,80,79,79,55,55,55,80,80,80,80,79,80,0],"gold":72,"neow_bonus":"UPGRADE_CARD","is_prod":false,"is_daily":false,"chose_seed":false,"campfire_upgraded":9,"win_rate":0,"timestamp":1540078776,"path_taken":["M","M","?","M","M","R","E","R","T","?","R","?","?","E","R","BOSS","M","$","M","?","M","R","?","R","T","R","M","?","M","M","R","BOSS","M","$","M","$","M","R","M","?","T","?","R","M","?","M","R","BOSS"],"build_version":"2018-10-19","purchased_purges":2,"victory":false,"max_hp_per_floor":[80,80,80,80,80,80,80,80,80,80,80,80,80,80,80,80,80,80,80,80,80,80,80,80,80,80,80,80,80,80,80,80,80,80,80,80,80,80,80,80,80,80,80,80,80,80,80,80,80,80],"card_choices":[{"not_picked":["Anger","Power Through"],"picked":"Body Slam","floor":1},{"not_picked":["Seeing Red","Shockwave"],"picked":"Headbutt","floor":2},{"not_picked":["Shockwave","Cleave"],"picked":"Inflame","floor":4},{"not_picked":["Perfected Strike","Warcry"],"picked":"Heavy Blade","floor":5},{"not_picked":["Havoc","Battle Trance"],"picked":"Pommel Strike","floor":7},{"not_picked":["Corruption","Pommel Strike"],"picked":"Limit Break+1","floor":13},{"not_picked":["Disarm+1","Evolve"],"picked":"Whirlwind","floor":14},{"not_picked":["Clash"],"picked":"SKIP","floor":18},{"not_picked":["Combust+1"],"picked":"SKIP","floor":20},{"not_picked":[],"picked":"Rage+1","floor":22},{"not_picked":["Perfected Strike+1"],"picked":"SKIP","floor":28},{"not_picked":[],"picked":"Flex+1","floor":30},{"not_picked":["Anger"],"picked":"SKIP","floor":31},{"not_picked":[],"picked":"Reaper","floor":33},{"not_picked":[],"picked":"Shrug It Off+1","floor":35},{"not_picked":["Entrench+1"],"picked":"SKIP","floor":37},{"not_picked":[],"picked":"Entrench+1","floor":37},{"not_picked":["Anger"],"picked":"SKIP","floor":39},{"not_picked":["Cleave+1"],"picked":"SKIP","floor":41},{"not_picked":[],"picked":"Iron Wave+1","floor":44},{"not_picked":["Pommel Strike"],"picked":"SKIP","floor":46},{"not_picked":["Anger"],"picked":"SKIP","floor":47},{"not_picked":["Carnage+1"],"picked":"SKIP","floor":48}],"player_experience":121413,"relics_obtained":[{"floor":7,"key":"Turnip"},{"floor":9,"key":"Toxic Egg 2"},{"floor":14,"key":"Bag of Marbles"},{"floor":26,"key":"Kunai"},{"floor":43,"key":"Torii"}],"event_choices":[{"damage_healed":0,"gold_gain":0,"player_choice":"Gave Potion","damage_taken":0,"relics_obtained":["Regal Pillow"],"max_hp_gain":0,"max_hp_loss":0,"event_name":"WeMeetAgain","floor":3,"gold_loss":0},{"damage_healed":0,"gold_gain":0,"player_choice":"Bought 2 Potions","damage_taken":0,"max_hp_gain":0,"max_hp_loss":0,"event_name":"The Woman in Blue","floor":10,"gold_loss":0},{"damage_healed":0,"gold_gain":0,"cards_transformed":["Strike_R"],"player_choice":"Transformed","damage_taken":0,"max_hp_gain":0,"max_hp_loss":0,"event_name":"Transmorgrifier","floor":21,"gold_loss":0,"cards_obtained":["Rupture"]},{"damage_healed":0,"gold_gain":0,"player_choice":"Simplicity","damage_taken":0,"max_hp_gain":0,"max_hp_loss":0,"event_name":"Back to Basics","floor":24,"gold_loss":0,"cards_upgraded":["Strike_R","Strike_R","Defend_R","Defend_R","Defend_R","Defend_R"]},{"damage_healed":0,"gold_gain":0,"player_choice":"Opened","damage_taken":0,"relics_obtained":["Ancient Tea Set"],"max_hp_gain":0,"max_hp_loss":0,"event_name":"The Mausoleum","floor":29,"gold_loss":0},{"damage_healed":0,"gold_gain":0,"player_choice":"Paid","damage_taken":0,"relics_obtained":["Red Mask"],"max_hp_gain":0,"max_hp_loss":0,"event_name":"Tomb of Lord Red Mask","floor":42,"gold_loss":83}],"is_beta":true,"boss_relics":[{"not_picked":["Fusion Hammer","Lizard Tail"],"picked":"Busted Crown"},{"not_picked":["Black Star","Tiny House"],"picked":"Cursed Key"}],"items_purged_floors":[12,19],"is_endless":false,"potions_floor_spawned":[2,5,14,18,20,30,31,35,46],"killed_by":"Donu and Deca","ascension_level":3}