{"path_per_floor":["M","M","M","?","?","E","R","E","T","E","?","?","R","M","R","B",null,"M","?","$","?","M","R","E","R","T"],"character_chosen":"IRONCLAD","items_purchased":["Frozen Egg 2"],"gold_per_floor":[109,122,134,134,134,172,172,203,203,234,234,199,199,219,219,345,345,364,279,33,33,58,58,96,96,96,96],"floor_reached":27,"campfire_rested":2,"playtime":1348,"item_purchase_floors":[20],"current_hp_per_floor":[80,80,80,80,60,13,37,21,21,10,36,56,56,51,51,14,80,66,66,66,66,57,57,14,40,40,0],"items_purged":[],"gold":96,"score":284,"play_id":"f032e0d5-e711-4f20-8ef3-f1e32583a25f","local_time":"20180609134207","is_prod":false,"is_daily":false,"chose_seed":false,"is_ascension_mode":true,"campfire_upgraded":3,"win_rate":0,"timestamp":1528515727,"campfire_choices":[{"floor":7,"key":"REST"},{"data":"Demon Form","floor":13,"key":"SMITH"},{"data":"Flex","floor":15,"key":"SMITH"},{"data":"Barricade","floor":23,"key":"SMITH"},{"floor":25,"key":"REST"}],"path_taken":["M","M","M","?","?","E","R","E","T","E","?","?","R","?","R","BOSS","M","?","$","?","M","R","E","R","T","?"],"build_version":"2018-06-07v3","seed_source_timestamp":7433545262816,"purchased_purges":0,"victory":false,"master_deck":["Strike_R","Strike_R","Strike_R","Strike_R","Strike_R","Defend_R","Defend_R","Defend_R","Defend_R","Bash","Pommel Strike","Shrug It Off","Iron Wave","Spot Weakness","Cleave","Demon Form+1","Flex+1","Barricade+1","Shrug It Off","Writhe"],"max_hp_per_floor":[80,80,80,80,80,80,80,80,80,80,80,80,80,80,80,80,80,80,80,80,80,80,80,87,87,87,87],"relics":["Burning Blood","Pen Nib","Golden Idol","Anchor","Kunai","Blood Vial","Gremlin Horn","Mark of Pain","Blue Candle","Frozen Egg 2","Lantern","Strawberry","Molten Egg 2"],"card_choices":[{"not_picked":["Wild Strike","Armaments"],"picked":"Pommel Strike","floor":1},{"not_picked":["Evolve","Heavy Blade"],"picked":"Shrug It Off","floor":2},{"not_picked":["Shrug It Off","Havoc"],"picked":"Iron Wave","floor":3},{"not_picked":["Dropkick","Intimidate"],"picked":"Spot Weakness","floor":6},{"not_picked":["Immolate","Searing Blow"],"picked":"Cleave","floor":8},{"not_picked":["Cleave","True Grit"],"picked":"Demon Form","floor":10},{"not_picked":["Reckless Charge","Sword Boomerang"],"picked":"Flex","floor":14},{"not_picked":["Dark Embrace","Exhume"],"picked":"Barricade","floor":16},{"not_picked":["Combust","Searing Blow+1"],"picked":"Shrug It Off","floor":18},{"not_picked":["Carnage","Armaments","Flex"],"picked":"SKIP","floor":22},{"not_picked":["Iron Wave","Clash","Cleave"],"picked":"SKIP","floor":24}],"player_experience":105766,"potions_floor_usage":[10,16,24],"damage_taken":[{"damage":3,"enemies":"2 Louse","floor":1,"turns":3},{"damage":0,"enemies":"Small Slimes","floor":2,"turns":3},{"damage":1,"enemies":"Cultist","floor":3,"turns":3},{"damage":53,"enemies":"Lagavulin","floor":6,"turns":7},{"damage":22,"enemies":"3 Sentries","floor":8,"turns":8},{"damage":19,"enemies":"Gremlin Nob","floor":10,"turns":4},{"damage":13,"enemies":"Large Slime","floor":14,"turns":6},{"damage":45,"enemies":"The Guardian","floor":16,"turns":10},{"damage":20,"enemies":"Shell Parasite","floor":18,"turns":6},{"damage":17,"enemies":"Chosen","floor":22,"turns":6},{"damage":58,"enemies":"Slavers","floor":24,"turns":10},{"damage":46,"enemies":"Centurion and Healer","floor":27,"turns":11}],"relics_obtained":[{"floor":6,"key":"Anchor"},{"floor":8,"key":"Kunai"},{"floor":9,"key":"Blood Vial"},{"floor":10,"key":"Gremlin Horn"},{"floor":24,"key":"Strawberry"},{"floor":26,"key":"Molten Egg 2"}],"event_choices":[{"event_name":"Liars Game","player_choice":"disagreed","floor":4,"damage_taken":0},{"event_name":"Golden Idol","player_choice":"Take Damage","floor":5,"damage_taken":0},{"event_name":"Big Fish","player_choice":"Banana","floor":11,"damage_taken":0},{"event_name":"The Cleric","player_choice":"Healed","floor":12,"damage_taken":0},{"event_name":"Addict","player_choice":"Obtained Relic","floor":19,"damage_taken":0},{"event_name":"The Mausoleum","player_choice":"Yes","floor":21,"damage_taken":0}],"boss_relics":[{"not_picked":["Astrolabe","Black Star"],"picked":"Mark of Pain"}],"items_purged_floors":[],"potions_floor_spawned":[8,14,16],"seed_played":"-6675358159222064199","killed_by":"Centurion and Healer","ascension_level":3,"potions_obtained":[{"floor":8,"key":"AttackPotion"},{"floor":14,"key":"Fire Potion"},{"floor":16,"key":"Ancient Potion"}],"is_trial":false}