{"gold_per_floor":[119,132,132,132,57,85,85,98,98,98,108,133,133,33,33,110,110,128,140,151,151,168,168,74,74,74,74,74,93,93,110,110,110],"floor_reached":33,"playtime":818,"items_purged":["Regret","Strike_R"],"score":446,"play_id":"60337d6a-aa8b-419e-a3f7-c053d007009b","local_time":"20190523121414","is_ascension_mode":true,"campfire_choices":[{"data":"Bash","floor":7,"key":"SMITH"},{"data":"Inflame","floor":10,"key":"SMITH"},{"floor":13,"key":"REST"},{"data":"Defend_R","floor":15,"key":"SMITH"},{"data":"Impervious","floor":23,"key":"SMITH"},{"data":"Defend_R","floor":25,"key":"SMITH"},{"data":"Defend_R","floor":27,"key":"SMITH"},{"data":"Defend_R","floor":30,"key":"SMITH"},{"data":"Strike_R","floor":32,"key":"SMITH"}],"neow_cost":"NONE","seed_source_timestamp":180726433862912,"circlet_count":0,"master_deck":["AscendersBane","Strike_R","Strike_R+1","Strike_R","Strike_R","Defend_R+1","Defend_R+1","Defend_R+1","Defend_R+1","Bash+1","Cleave+1","Inflame+1","Uppercut+1","Immolate+1","Impervious+1","Heavy Blade+1","Flash of Steel+1"],"special_seed":0,"relics":["Burning Blood","Molten Egg 2","Blood Vial","Singing Bowl","Bronze Scales","Coffee Dripper","Meat on the Bone","Shuriken"],"potions_floor_usage":[6,16,16,16,31,33],"damage_taken":[{"damage":7,"enemies":"Jaw Worm","floor":1,"turns":3},{"damage":0,"enemies":"2 Louse","floor":2,"turns":2},{"damage":55,"enemies":"Lagavulin","floor":6,"turns":6},{"damage":1,"enemies":"Cultist","floor":8,"turns":4},{"damage":2,"enemies":"2 Fungi Beasts","floor":11,"turns":3},{"damage":35,"enemies":"3 Sentries","floor":12,"turns":6},{"damage":37,"enemies":"Hexaghost","floor":16,"turns":8},{"damage":11,"enemies":"2 Thieves","floor":18,"turns":3},{"damage":6,"enemies":"Spheric Guardian","floor":19,"turns":3},{"damage":13,"enemies":"Cultist and Chosen","floor":20,"turns":5},{"damage":0,"enemies":"Snecko","floor":22,"turns":5},{"damage":0,"enemies":"Snake Plant","floor":29,"turns":2},{"damage":6,"enemies":"Centurion and Healer","floor":31,"turns":3},{"damage":90,"enemies":"Collector","floor":33,"turns":7}],"seed_played":"1521113654536724184","potions_obtained":[{"floor":0,"key":"EntropicBrew"},{"floor":0,"key":"SkillPotion"},{"floor":1,"key":"Regen Potion"},{"floor":8,"key":"Fire Potion"},{"floor":18,"key":"Weak Potion"},{"floor":21,"key":"LiquidBronze"},{"floor":21,"key":"Poison Potion"},{"floor":29,"key":"Fire Potion"}],"is_trial":false,"path_per_floor":["M","M","?","?","$","E","R","M","T","R","M","E","R","$","R","B",null,"M","M","M","?","M","R","$","R","T","R","T","M","R","M","R","B"],"character_chosen":"IRONCLAD","items_purchased":["Flash of Steel+1"],"campfire_rested":1,"item_purchase_floors":[24],"current_hp_per_floor":[67,73,73,73,73,36,36,43,43,43,49,22,44,44,44,15,60,57,61,58,58,68,68,68,68,68,68,68,78,78,82,82,0],"gold":110,"neow_bonus":"THREE_SMALL_POTIONS","is_prod":false,"is_daily":false,"chose_seed":false,"campfire_upgraded":8,"win_rate":0,"timestamp":1558635254,"path_taken":["M","M","?","?","?","E","R","M","T","R","M","E","R","$","R","BOSS","M","M","?","?","M","R","?","R","T","R","?","?","R","M","R","BOSS"],"build_version":"2019-01-23","purchased_purges":2,"victory":false,"max_hp_per_floor":[75,75,75,75,75,75,75,75,75,75,75,75,75,75,75,75,75,75,77,79,79,81,81,81,81,81,81,81,83,83,85,85,85],"card_choices":[{"not_picked":["Body Slam","Shrug It Off"],"picked":"Cleave","floor":1},{"not_picked":["Pummel","Flex","Blood for Blood"],"picked":"SKIP","floor":2},{"not_picked":["Thunderclap+1","Entrench","Evolve"],"picked":"SKIP","floor":6},{"not_picked":["Pommel Strike+1","Shrug It Off"],"picked":"Inflame","floor":8},{"not_picked":["Clothesline+1","Body Slam+1"],"picked":"Uppercut+1","floor":11},{"not_picked":["Thunderclap+1","Clothesline+1"],"picked":"Immolate+1","floor":12},{"not_picked":["Limit Break","Exhume"],"picked":"Impervious","floor":16},{"not_picked":["Clothesline+1","Flex"],"picked":"Heavy Blade+1","floor":18},{"not_picked":["Intimidate","Armaments","Fire Breathing"],"picked":"Singing Bowl","floor":19},{"not_picked":["Limit Break","Dropkick+1","Thunderclap+1"],"picked":"Singing Bowl","floor":20},{"not_picked":["Sentinel","Rage","Body Slam+1"],"picked":"Singing Bowl","floor":22},{"not_picked":["Flex","Iron Wave+1","Armaments"],"picked":"Singing Bowl","floor":29},{"not_picked":["Clothesline+1","Warcry","Heavy Blade+1"],"picked":"Singing Bowl","floor":31}],"player_experience":578734,"relics_obtained":[{"floor":6,"key":"Blood Vial"},{"floor":9,"key":"Singing Bowl"},{"floor":12,"key":"Bronze Scales"},{"floor":26,"key":"Meat on the Bone"},{"floor":28,"key":"Shuriken"}],"event_choices":[{"damage_healed":0,"gold_gain":0,"player_choice":"Grow","damage_taken":0,"max_hp_gain":0,"max_hp_loss":0,"event_name":"Living Wall","floor":3,"gold_loss":0,"cards_upgraded":["Cleave"]},{"damage_healed":0,"gold_gain":0,"player_choice":"Box","damage_taken":0,"relics_obtained":["Molten Egg 2"],"max_hp_gain":0,"max_hp_loss":0,"event_name":"Big Fish","floor":4,"gold_loss":0,"cards_obtained":["Regret"]},{"damage_healed":0,"gold_gain":0,"player_choice":"Got Potions","damage_taken":0,"max_hp_gain":0,"max_hp_loss":0,"event_name":"Lab","floor":21,"gold_loss":0}],"is_beta":false,"boss_relics":[{"not_picked":["Pandora\u0027s Box","Philosopher\u0027s Stone"],"picked":"Coffee Dripper"}],"items_purged_floors":[5,14],"is_endless":false,"potions_floor_spawned":[1,8,11,18,29],"killed_by":"Collector","ascension_level":15}