{"gold_per_floor":[113,131,151,71,87,87,116,116,163,163,163,238,238,265,265,342,392,406,406,5,24,42,42,53,53,77,106,124,124,124,135,135,135],"floor_reached":33,"playtime":1952,"items_purged":["Defend_G"],"score":590,"play_id":"75d276b6-68b9-4245-963f-8cb91c577580","local_time":"20190406024309","is_ascension_mode":true,"campfire_choices":[{"data":"Cloak And Dagger","floor":6.0,"key":"SMITH"},{"data":"Footwork","floor":8,"key":"SMITH"},{"data":"Dagger Spray","floor":11,"key":"SMITH"},{"floor":13,"key":"REST"},{"floor":15,"key":"REST"},{"floor":23,"key":"REST"},{"floor":25,"key":"REST"},{"data":"Skewer","floor":30,"key":"SMITH"},{"data":"Well Laid Plans","floor":32,"key":"SMITH"}],"neow_cost":"NONE","seed_source_timestamp":709931827629501,"circlet_count":0,"master_deck":["AscendersBane","Defend_G","Defend_G","Defend_G","Defend_G","Strike_G","Strike_G","Strike_G","Strike_G","Survivor","Neutralize","Cloak And Dagger+1","Leg Sweep","Well Laid Plans+1","Footwork+1","Noxious Fumes+1","Dagger Spray+1","Corpse Explosion+1","Skewer+1","Dagger Spray+1","Blur","Glass Knife"],"special_seed":0,"relics":["Ring of the Snake","Centennial Puzzle","Bottled Tornado","Ancient Tea Set","Smiling Mask","Tiny House","Pantograph","Oddly Smooth Stone","Incense Burner"],"potions_floor_usage":[18,27,29,29],"damage_taken":[{"damage":14.0,"enemies":"Cultist","floor":1.0,"turns":6.0},{"damage":0.0,"enemies":"Small Slimes","floor":2.0,"turns":5.0},{"damage":0.0,"enemies":"2 Louse","floor":3.0,"turns":3.0},{"damage":1.0,"enemies":"Blue Slaver","floor":5.0,"turns":7.0},{"damage":9.0,"enemies":"3 Sentries","floor":7.0,"turns":10.0},{"damage":19,"enemies":"Lagavulin","floor":14,"turns":8},{"damage":21,"enemies":"Hexaghost","floor":16,"turns":15},{"damage":15,"enemies":"Chosen","floor":18,"turns":5},{"damage":16,"enemies":"2 Thieves","floor":21,"turns":5},{"damage":20,"enemies":"Snake Plant","floor":22,"turns":6},{"damage":18,"enemies":"Cultist and Chosen","floor":24,"turns":6},{"damage":11,"enemies":"Slavers","floor":27,"turns":4},{"damage":0,"enemies":"Centurion and Healer","floor":28,"turns":5},{"damage":1,"enemies":"Gremlin Leader","floor":29,"turns":5},{"damage":0,"enemies":"Snake Plant","floor":31,"turns":4},{"damage":48,"enemies":"Automaton","floor":33,"turns":12}],"seed_played":"2581008256742290726","potions_obtained":[{"floor":5.0,"key":"Strength Potion"},{"floor":16,"key":"Poison Potion"},{"floor":17,"key":"SpeedPotion"},{"floor":24,"key":"EssenceOfSteel"},{"floor":27,"key":"SmokeBomb"},{"floor":28,"key":"EssenceOfSteel"},{"floor":31,"key":"Weak Potion"}],"is_trial":false,"path_per_floor":["M","M","M","$","M","R","E","R","T","?","R","?","R","E","R","B",null,"M","?","$","M","M","R","M","R","T","E","M","E","R","M","R","B"],"character_chosen":"THE_SILENT","items_purchased":["Footwork","Pantograph","Blur"],"campfire_rested":4,"item_purchase_floors":[4,20,20],"current_hp_per_floor":[45,45,45,45,44,44,35,35,35,28,28,17,36,17,36,15,58,43,43,43,27,7,28,10,31,31,20,20,19,19,19,19,0],"gold":135,"neow_bonus":"RANDOM_COMMON_RELIC","is_prod":false,"is_daily":false,"chose_seed":false,"campfire_upgraded":5,"win_rate":0,"timestamp":1554540189,"path_taken":["M","?","?","$","M","R","E","R","T","?","R","?","R","E","R","BOSS","M","?","$","M","?","R","M","R","T","E","M","E","R","M","R","BOSS"],"build_version":"2019-01-23","purchased_purges":1,"victory":false,"max_hp_per_floor":[66,66,66,66,66,66,66,66,66,66,66,66,66,66,66,66,71,71,71,71,71,71,71,71,71,71,71,71,71,71,71,71,71],"card_choices":[{"not_picked":["Bane","Finisher"],"picked":"Cloak And Dagger","floor":1.0},{"not_picked":["Dodge and Roll","Catalyst"],"picked":"Leg Sweep","floor":2.0},{"not_picked":["Deadly Poison","Reflex"],"picked":"Well Laid Plans","floor":3.0},{"not_picked":["Deflect","Prepared"],"picked":"Noxious Fumes","floor":5.0},{"not_picked":["Night Terror","Flechettes"],"picked":"Dagger Spray","floor":7},{"not_picked":["Eviscerate","Deflect","Underhanded Strike"],"picked":"SKIP","floor":14},{"not_picked":["Night Terror","Venomology"],"picked":"Corpse Explosion","floor":16},{"not_picked":["Sucker Punch","Flying Knee"],"picked":"Skewer","floor":17},{"not_picked":["Dodge and Roll","Sucker Punch"],"picked":"Dagger Spray+1","floor":18},{"not_picked":["Underhanded Strike","Sucker Punch","Endless Agony"],"picked":"SKIP","floor":21},{"not_picked":["Dagger Throw","Deflect"],"picked":"Glass Knife","floor":22},{"not_picked":["Distraction","Footwork","Bane"],"picked":"SKIP","floor":24},{"not_picked":["Expertise","Slice","Acrobatics"],"picked":"SKIP","floor":27},{"not_picked":["Tactician","Predator","Cloak And Dagger"],"picked":"SKIP","floor":28},{"not_picked":["Outmaneuver","All Out Attack","Flying Knee"],"picked":"SKIP","floor":31}],"player_experience":463404,"relics_obtained":[{"floor":7,"key":"Bottled Tornado"},{"floor":9,"key":"Ancient Tea Set"},{"floor":14,"key":"Smiling Mask"},{"floor":26,"key":"Oddly Smooth Stone"},{"floor":27,"key":"Incense Burner"}],"event_choices":[{"cards_removed":["Strike_G"],"damage_healed":0,"gold_gain":0,"player_choice":"Card Removal","damage_taken":7,"max_hp_gain":0,"max_hp_loss":0,"event_name":"Golden Wing","floor":10,"gold_loss":0},{"damage_healed":0,"gold_gain":75,"player_choice":"Gather Gold","damage_taken":11,"max_hp_gain":0,"max_hp_loss":0,"event_name":"World of Goop","floor":12,"gold_loss":0},{"damage_healed":0,"gold_gain":0,"player_choice":"Upgraded","damage_taken":0,"max_hp_gain":0,"max_hp_loss":0,"event_name":"Upgrade Shrine","floor":19,"gold_loss":0,"cards_upgraded":["Noxious Fumes"]}],"is_beta":false,"boss_relics":[{"not_picked":["Runic Pyramid","HoveringKite"],"picked":"Tiny House"}],"items_purged_floors":[20],"is_endless":false,"potions_floor_spawned":[5,16,24,27,28,31],"killed_by":"Automaton","ascension_level":20}