{"gold_per_floor":[110,110,127,127,144,169,169,169,214,214,214,252,252,267,267,392,392,417,440,456,469,494,535,535,535,535,18,32,45,245,264,264,385,385,404,425,2,18,18,18,37,78,78,99,99,117,133,158,158,158],"floor_reached":51,"playtime":6015,"items_purged":["Defend_B","Defend_B"],"score":740,"play_id":"1d352d4f-da06-4247-a867-069590e649e8","local_time":"20190601121503","is_ascension_mode":false,"campfire_choices":[{"floor":7,"key":"REST"},{"floor":13,"key":"REST"},{"floor":15,"key":"REST"},{"floor":24,"key":"REST"},{"data":"Seek","floor":32,"key":"SMITH"},{"floor":40,"key":"REST"},{"floor":45,"key":"REST"},{"data":"Defragment","floor":49,"key":"SMITH"}],"neow_cost":"NONE","seed_source_timestamp":223812416349266,"circlet_count":0,"master_deck":["Defend_B+1","Defend_B","Dualcast+1","Finesse+1","Barrage","Leap","Ball Lightning","Cold Snap+1","Ball Lightning+1","Rebound+1","Seek+1","FTL+1","Skim+1","Compile Driver+1","Barrage+1","Gash+1","Go for the Eyes+1","Bite+1","Bite+1","Bite+1","Bite+1","Bite+1","Defragment+1","Steam+1","Go for the Eyes+1","Cold Snap+1","Electrodynamics","Gash+1","Gash+1","Capacitor","Leap","Scrape+1","Reprogram+1","Hologram","Leap+1","Compile Driver+1","Coolheaded","Coolheaded+1","Gash+1"],"relics":["Cracked Core","Bag of Marbles","Molten Egg 2","Oddly Smooth Stone","Golden Idol","Calipers","Bottled Lightning","Nuclear Battery","Question Card","Pear","Mummified Hand","Blood Vial","Lizard Tail","War Paint","Peace Pipe","Mango"],"potions_floor_usage":[23,33,33,50,50,50],"damage_taken":[{"damage":1,"enemies":"Cultist","floor":1,"turns":4},{"damage":1,"enemies":"Jaw Worm","floor":3,"turns":2},{"damage":0,"enemies":"2 Louse","floor":5,"turns":2},{"damage":8,"enemies":"Lagavulin","floor":6,"turns":5},{"damage":17,"enemies":"3 Sentries","floor":12,"turns":7},{"damage":0,"enemies":"2 Fungi Beasts","floor":14,"turns":3},{"damage":25,"enemies":"The Guardian","floor":16,"turns":8},{"damage":2,"enemies":"3 Byrds","floor":18,"turns":4},{"damage":3,"enemies":"Shell Parasite","floor":19,"turns":4},{"damage":12,"enemies":"Shelled Parasite and Fungi","floor":20,"turns":4},{"damage":3,"enemies":"Centurion and Healer","floor":21,"turns":3},{"damage":4,"enemies":"3 Cultists","floor":22,"turns":4},{"damage":22,"enemies":"Gremlin Leader","floor":23,"turns":5},{"damage":22,"enemies":"Snake Plant","floor":28,"turns":3},{"damage":4,"enemies":"Shelled Parasite and Fungi","floor":29,"turns":3},{"damage":0,"enemies":"Cultist and Chosen","floor":31,"turns":4},{"damage":42,"enemies":"Champ","floor":33,"turns":9},{"damage":1,"enemies":"Orb Walker","floor":35,"turns":2},{"damage":46,"enemies":"3 Darklings","floor":36,"turns":4},{"damage":14,"enemies":"Transient","floor":38,"turns":5},{"damage":14,"enemies":"Jaw Worm Horde","floor":41,"turns":4},{"damage":29,"enemies":"Reptomancer","floor":42,"turns":6},{"damage":0,"enemies":"4 Shapes","floor":44,"turns":4},{"damage":17,"enemies":"Spire Growth","floor":46,"turns":5},{"damage":0,"enemies":"3 Darklings","floor":47,"turns":4},{"damage":0,"enemies":"Jaw Worm Horde","floor":48,"turns":3},{"damage":108,"enemies":"Time Eater","floor":50,"turns":12}],"seed_played":"-5168022585018575786","potions_obtained":[{"floor":5,"key":"LiquidBronze"},{"floor":19,"key":"Block Potion"},{"floor":20,"key":"Ancient Potion"},{"floor":23,"key":"Poison Potion"},{"floor":28,"key":"EssenceOfSteel"},{"floor":36,"key":"Energy Potion"},{"floor":38,"key":"Poison Potion"},{"floor":41,"key":"SpeedPotion"},{"floor":42,"key":"GamblersBrew"}],"is_trial":false,"path_per_floor":["?","?","?","?","?","M","M","?","?","M","?"],"character_chosen":"DEFECT","items_purchased":["Mummified Hand","Blood Vial","Defragment","Capacitor","War Paint","Leap","Scrape+1"],"campfire_rested":6,"item_purchase_floors":[27,27,27,37,37,37,37],"current_hp_per_floor":[74,59,58,33,33,25,47,40,40,22,22,5,27,27,49,24,75,73,70,58,55,51,29,51,51,61,61,46,56,56,62,62,35,62,61,19,19,25,25,43,43,22,36,44,66,68,76,76,76,38],"gold":158,"neow_bonus":"RANDOM_COLORLESS","is_prod":false,"is_daily":false,"chose_seed":false,"campfire_upgraded":2,"win_rate":0.0,"timestamp":1559420103,"path_taken":["M","?","M","?","M","E","R","?","T","?","?","E","R","?","R","BOSS","M","?","M","M","M","E","R","?","T","$","M","M","?","M","R","BOSS","M","?","$","M","?","R","M","E","T","M","R","M","M","M","R","BOSS"],"build_version":"2019-01-23","purchased_purges":2,"victory":true,"max_hp_per_floor":[75,75,75,75,75,75,75,75,75,75,75,75,75,75,75,75,75,75,75,75,75,75,75,75,52,62,62,62,62,62,62,62,62,62,62,62,62,62,62,62,62,62,76,76,76,76,76,76,76,76],"card_choices":[{"not_picked":["Streamline","Undo"],"picked":"Barrage","floor":1},{"not_picked":["Doom and Gloom","Static Discharge"],"picked":"Leap","floor":3},{"not_picked":["Hello World","Barrage"],"picked":"Ball Lightning","floor":5},{"not_picked":["Sweeping Beam","Rip and Tear"],"picked":"Cold Snap","floor":6},{"not_picked":["Redo","Leap"],"picked":"Ball Lightning+1","floor":12},{"not_picked":["Static Discharge","Glacier"],"picked":"Rebound+1","floor":14},{"not_picked":["Biased Cognition","All For One+1"],"picked":"Seek","floor":16},{"not_picked":["Fusion","Steam"],"picked":"FTL+1","floor":18},{"not_picked":["Redo","Conserve Battery"],"picked":"Skim","floor":19},{"not_picked":["Lockon+1","Cold Snap+1"],"picked":"Compile Driver+1","floor":20},{"not_picked":["Steam Power","Aggregate+1"],"picked":"Barrage+1","floor":21},{"not_picked":["Rebound+1","Reinforced Body"],"picked":"Gash+1","floor":22},{"not_picked":["Barrage+1","Biased Cognition"],"picked":"Go for the Eyes+1","floor":23},{"not_picked":["Beam Cell+1","Rebound+1","Darkness"],"picked":"Steam+1","floor":28},{"not_picked":["BootSequence+1","Barrage+1","Rainbow"],"picked":"Go for the Eyes+1","floor":29},{"not_picked":["Rebound+1","Stack","Leap"],"picked":"Cold Snap+1","floor":31},{"not_picked":["Creative AI","Multi-Cast","Biased Cognition"],"picked":"Electrodynamics","floor":33},{"not_picked":["Coolheaded","Ball Lightning+1","Steam"],"picked":"Gash+1","floor":35},{"not_picked":["Tempest","Barrage+1","Genetic Algorithm"],"picked":"Gash+1","floor":36},{"not_picked":["Cold Snap+1","Rebound+1","Double Energy+1"],"picked":"Reprogram+1","floor":38},{"not_picked":["Conserve Battery","Redo","Coolheaded"],"picked":"Hologram","floor":41},{"not_picked":["Cold Snap+1","Compile Driver+1","Tempest+1"],"picked":"Leap+1","floor":42},{"not_picked":["Doom and Gloom+1","Tempest+1","Aggregate"],"picked":"Compile Driver+1","floor":44},{"not_picked":["Tempest+1","Rip and Tear+1","Force Field+1"],"picked":"Coolheaded","floor":46},{"not_picked":["Conserve Battery+1","Leap+1","Ball Lightning+1"],"picked":"Coolheaded+1","floor":47},{"not_picked":["Biased Cognition","Streamline+1","Leap+1"],"picked":"Gash+1","floor":48}],"player_experience":33774,"relics_obtained":[{"floor":6,"key":"Molten Egg 2"},{"floor":9,"key":"Oddly Smooth Stone"},{"floor":11,"key":"Calipers"},{"floor":12,"key":"Bottled Lightning"},{"floor":23,"key":"Question Card"},{"floor":26,"key":"Pear"},{"floor":42,"key":"Peace Pipe"},{"floor":43,"key":"Mango"}],"event_choices":[{"damage_healed":0,"gold_gain":0,"player_choice":"Entered Light","damage_taken":15,"max_hp_gain":0,"max_hp_loss":0,"event_name":"Shining Light","floor":2,"gold_loss":0,"cards_upgraded":["Dualcast","Defend_B"]},{"damage_healed":0,"gold_gain":0,"player_choice":"Success","damage_taken":25,"relics_obtained":["Bag of Marbles"],"max_hp_gain":0,"max_hp_loss":0,"event_name":"Scrap Ooze","floor":4,"gold_loss":0},{"cards_removed":["Strike_B"],"damage_healed":0,"gold_gain":0,"player_choice":"Card Removal","damage_taken":7,"max_hp_gain":0,"max_hp_loss":0,"event_name":"Golden Wing","floor":8,"gold_loss":0},{"damage_healed":0,"gold_gain":0,"player_choice":"Take Damage","damage_taken":18,"relics_obtained":["Golden Idol"],"max_hp_gain":0,"max_hp_loss":0,"event_name":"Golden Idol","floor":10,"gold_loss":0},{"damage_healed":0,"gold_gain":0,"player_choice":"Relic","damage_taken":0,"max_hp_gain":0,"max_hp_loss":0,"event_name":"Wheel of Change","floor":11,"gold_loss":0},{"damage_healed":0,"gold_gain":0,"player_choice":"Became a vampire","damage_taken":0,"max_hp_gain":0,"max_hp_loss":23,"event_name":"Vampires","floor":25,"gold_loss":0,"cards_obtained":["Bite","Bite","Bite","Bite","Bite"]},{"damage_healed":0,"gold_gain":200,"player_choice":"Gold","damage_taken":0,"max_hp_gain":0,"max_hp_loss":0,"event_name":"Wheel of Change","floor":30,"gold_loss":0},{"cards_removed":["Zap"],"damage_healed":0,"gold_gain":0,"player_choice":"Offered Basic","damage_taken":0,"max_hp_gain":0,"max_hp_loss":0,"event_name":"Bonfire Elementals","floor":39,"gold_loss":0}],"is_beta":false,"boss_relics":[{"not_picked":["Tiny House","Inserter"],"picked":"Nuclear Battery"},{"not_picked":["Black Star","Philosopher\u0027s Stone"],"picked":"Lizard Tail"}],"items_purged_floors":[27,37],"is_endless":false,"potions_floor_spawned":[5,19,20,23,28,36,38,41,42,48],"ascension_level":0}