{"path_per_floor":["M","M","?","M","M","R","E","R","T","R","M","M","?","?","R","B",null,"M","$","?"],"character_chosen":"THE_SILENT","items_purchased":["Kunai"],"gold_per_floor":[117,132,132,148,165,165,200,200,224,224,241,253,253,253,253,378,378,356,34,73,73],"floor_reached":21,"campfire_rested":3,"playtime":963,"item_purchase_floors":[19],"current_hp_per_floor":[70,64,64,57,52,52,2,23,23,44,44,44,37,37,58,7,70,42,42,4,0],"items_purged":["Strike_G"],"gold":73,"score":188,"play_id":"733b28a8-0982-4ca0-9cea-ca723f2fd1f2","local_time":"20180601164103","is_prod":false,"is_daily":false,"chose_seed":false,"is_ascension_mode":true,"campfire_upgraded":1,"win_rate":0.0,"timestamp":1527835263,"campfire_choices":[{"data":"Neutralize","floor":6,"key":"SMITH"},{"floor":8,"key":"REST"},{"floor":10,"key":"REST"},{"floor":15,"key":"REST"}],"path_taken":["M","M","?","M","?","R","E","R","T","R","M","M","?","?","R","BOSS","M","$","?","M"],"build_version":"2018-05-30v2","seed_source_timestamp":26427981190256,"purchased_purges":1,"victory":false,"master_deck":["Defend_G","Defend_G","Defend_G","Defend_G","Strike_G","Strike_G","Strike_G","Survivor","Neutralize+1","Dagger Spray","PiercingWail","Acrobatics","Quick Slash","Blur","Finisher","Injury","After Image","Backflip","Outmaneuver"],"max_hp_per_floor":[70,70,70,70,70,70,70,70,70,70,70,70,70,70,70,70,70,70,70,70,70],"relics":["Ring of the Snake","Bronze Scales","Bag of Marbles","Golden Idol","White Beast Statue","Kunai","Red Mask"],"card_choices":[{"not_picked":["Crippling Poison","Blur"],"picked":"Dagger Spray","floor":1},{"not_picked":["Slice","Eviscerate"],"picked":"PiercingWail","floor":2},{"not_picked":["Bouncing Flask","PiercingWail","Bane"],"picked":"SKIP","floor":4},{"not_picked":["Endless Agony","Flying Knee"],"picked":"Acrobatics","floor":5},{"not_picked":["Endless Agony","Deadly Poison"],"picked":"Quick Slash","floor":7},{"not_picked":["Sucker Punch","Reflex"],"picked":"Blur","floor":11},{"not_picked":["Infinite Blades","Dash"],"picked":"Finisher","floor":12},{"not_picked":["Doppelganger","Phantasmal Killer"],"picked":"After Image","floor":16},{"not_picked":["Bouncing Flask+1","Quick Slash"],"picked":"Backflip","floor":18},{"not_picked":["Caltrops","Poisoned Stab+1"],"picked":"Outmaneuver","floor":20}],"player_experience":39167,"potions_floor_usage":[7,7,16,16],"damage_taken":[{"damage":0,"enemies":"Small Slimes","floor":1,"turns":3},{"damage":6,"enemies":"Cultist","floor":2,"turns":4},{"damage":7,"enemies":"Jaw Worm","floor":4,"turns":6},{"damage":5,"enemies":"Looter","floor":5,"turns":4},{"damage":50,"enemies":"Lagavulin","floor":7,"turns":12},{"damage":0,"enemies":"3 Louse","floor":11,"turns":2},{"damage":0,"enemies":"Exordium Wildlife","floor":12,"turns":3},{"damage":51,"enemies":"The Guardian","floor":16,"turns":15},{"damage":28,"enemies":"2 Thieves","floor":18,"turns":5},{"damage":38,"enemies":"Masked Bandits","floor":20,"turns":6},{"damage":5,"enemies":"Spheric Guardian","floor":21,"turns":3}],"relics_obtained":[{"floor":7,"key":"Bronze Scales"},{"floor":9,"key":"Bag of Marbles"},{"floor":20,"key":"Red Mask"}],"event_choices":[{"event_name":"Bonfire Elementals","player_choice":"BASIC","floor":3,"damage_taken":0},{"event_name":"Golden Wing","player_choice":"Card Removal","floor":13,"damage_taken":0},{"event_name":"Golden Idol","player_choice":"Take Wound","floor":14,"damage_taken":0},{"event_name":"Masked Bandits","player_choice":"Fought over 34 gold","floor":20,"damage_taken":0}],"boss_relics":[{"not_picked":["Snecko Eye","Astrolabe"],"picked":"White Beast Statue"}],"items_purged_floors":[19],"potions_floor_spawned":[1,4,7,11,18,20],"seed_played":"-7443504162078395490","killed_by":"Spheric Guardian","ascension_level":1,"potions_obtained":[{"floor":1,"key":"EssenceOfSteel"},{"floor":4,"key":"Explosive Potion"},{"floor":7,"key":"SteroidPotion"},{"floor":11,"key":"Block Potion"},{"floor":18,"key":"Swift Potion"},{"floor":20,"key":"SteroidPotion"}],"is_trial":false}