{"gold_per_floor":[10,10,86,100,100,130,130,156,156,156,189,209,38,58,58,131,131,144,69,119,119,136,136,146,146,173,189,114,131,150,162,162,236,236,247,261,272,298,117,117,135,135,135,147,147,147],"floor_reached":46,"playtime":1727,"items_purged":["Defend_R","Strike_R"],"score":911,"play_id":"b5cd0406-001e-48b3-8f0a-8d33bd9d6071","local_time":"20190527003931","is_ascension_mode":true,"campfire_choices":[{"data":"Uppercut","floor":7.0,"key":"SMITH"},{"data":"Bash","floor":10.0,"key":"SMITH"},{"data":"Defend_R","floor":15.0,"key":"SMITH"},{"data":"Flex","floor":23.0,"key":"SMITH"},{"floor":32.0,"key":"REST"},{"floor":40.0,"key":"REST"},{"floor":42.0,"key":"REST"},{"data":"Flame Barrier","floor":45.0,"key":"SMITH"}],"neow_cost":"NO_GOLD","seed_source_timestamp":118546071087258,"circlet_count":0,"master_deck":["AscendersBane","Defend_R+1","Defend_R","Defend_R","Bash+1","Demon Form+1","Flex+1","Uppercut+1","Heavy Blade+1","Battle Trance","Shrug It Off+1","Flame Barrier+1","Flame Barrier","Shrug It Off+1"],"special_seed":0,"relics":["Burning Blood","Molten Egg 2","Gambling Chip","Champion Belt","Dream Catcher","Regal Pillow","Blood Vial","Philosopher\u0027s Stone","Oddly Smooth Stone","Runic Dome","Red Skull","Charon\u0027s Ashes"],"potions_floor_usage":[],"damage_taken":[{"damage":16.0,"enemies":"Jaw Worm","floor":1.0,"turns":5.0},{"damage":0.0,"enemies":"Cultist","floor":4.0,"turns":3.0},{"damage":15.0,"enemies":"Lagavulin","floor":6.0,"turns":5.0},{"damage":24.0,"enemies":"Gremlin Nob","floor":8.0,"turns":4.0},{"damage":20.0,"enemies":"Lagavulin","floor":11.0,"turns":4.0},{"damage":0.0,"enemies":"2 Louse","floor":12.0,"turns":3.0},{"damage":5.0,"enemies":"Gremlin Gang","floor":14.0,"turns":2.0},{"damage":24.0,"enemies":"The Guardian","floor":16.0,"turns":7.0},{"damage":42.0,"enemies":"3 Byrds","floor":18.0,"turns":5.0},{"damage":4.0,"enemies":"Spheric Guardian","floor":22.0,"turns":4.0},{"damage":5.0,"enemies":"3 Cultists","floor":24.0,"turns":5.0},{"damage":0.0,"enemies":"Snake Plant","floor":27.0,"turns":4.0},{"damage":42.0,"enemies":"Sentry and Sphere","floor":29.0,"turns":6.0},{"damage":13.0,"enemies":"Snecko","floor":30.0,"turns":6.0},{"damage":12.0,"enemies":"Snake Plant","floor":31.0,"turns":5.0},{"damage":50.0,"enemies":"Collector","floor":33.0,"turns":8.0},{"damage":37.0,"enemies":"3 Darklings","floor":35.0,"turns":5.0},{"damage":11.0,"enemies":"3 Shapes","floor":36.0,"turns":5.0},{"damage":19.0,"enemies":"Writhing Mass","floor":37.0,"turns":5.0},{"damage":48.0,"enemies":"Jaw Worm Horde","floor":41.0,"turns":7.0},{"damage":9.0,"enemies":"Sphere and 2 Shapes","floor":44.0,"turns":5.0},{"damage":67,"enemies":"4 Shapes","floor":46,"turns":3}],"seed_played":"2770417170828952636","potions_obtained":[{"floor":1.0,"key":"GamblersBrew"},{"floor":5.0,"key":"Dexterity Potion"},{"floor":12.0,"key":"Explosive Potion"},{"floor":14.0,"key":"LiquidBronze"},{"floor":16.0,"key":"PowerPotion"},{"floor":18.0,"key":"Weak Potion"},{"floor":22.0,"key":"Block Potion"},{"floor":27.0,"key":"Strength Potion"},{"floor":33.0,"key":"Block Potion"},{"floor":35.0,"key":"Ancient Potion"},{"floor":41.0,"key":"BloodPotion"}],"is_trial":false,"path_per_floor":["M","?","T","M","?","E","R","E","T","R","E","M","$","M","R","B",null,"M","?","?","?","M","R","M","?","T","M","$","M","M","M","R","B",null,"M","M","M","T","$","R","M","R","T","M","R","M"],"character_chosen":"IRONCLAD","items_purchased":["Blood Vial","Regen Potion"],"campfire_rested":3,"item_purchase_floors":[13,39],"current_hp_per_floor":[58,58,58,64,64,55,55,37,37,37,23,29,29,32,32,16,60,26,26,26,41,45,45,48,48,48,56,56,22,17,13,50,8,58,29,26,15,15,15,52,12,49,49,55,55,0],"gold":147,"neow_bonus":"TRANSFORM_TWO_CARDS","is_prod":false,"is_daily":false,"chose_seed":false,"campfire_upgraded":5,"win_rate":0,"timestamp":1558939171,"path_taken":["M","?","?","?","?","E","R","E","T","R","E","M","$","?","R","BOSS","M","?","?","?","M","R","M","?","T","?","$","M","M","M","R","BOSS","M","M","M","?","$","R","M","R","T","M","R","M"],"build_version":"2019-01-23","purchased_purges":2,"victory":false,"max_hp_per_floor":[75,75,75,75,75,75,75,75,75,75,75,75,75,75,75,75,75,75,75,75,75,75,75,75,75,75,75,75,75,75,75,75,75,75,75,75,75,75,75,75,75,75,75,75,75,75],"card_choices":[{"not_picked":["Dropkick","Thunderclap"],"picked":"Uppercut","floor":1.0},{"not_picked":["Flex","Battle Trance"],"picked":"Heavy Blade+1","floor":4.0},{"not_picked":["Flex","Havoc","Bloodletting"],"picked":"SKIP","floor":6.0},{"not_picked":["Barricade","Wild Strike+1","Shockwave"],"picked":"SKIP","floor":8.0},{"not_picked":["Headbutt+1","Shrug It Off"],"picked":"Battle Trance","floor":11.0},{"not_picked":["Anger+1","Warcry","Heavy Blade+1"],"picked":"SKIP","floor":12.0},{"not_picked":["Perfected Strike+1","Pummel+1","Headbutt+1"],"picked":"SKIP","floor":14.0},{"not_picked":["Corruption","Battle Trance+1"],"picked":"Shrug It Off+1","floor":18.0},{"not_picked":["Cleave+1","Pommel Strike+1","Havoc"],"picked":"SKIP","floor":22.0},{"not_picked":["Wild Strike+1","Infernal Blade","Thunderclap+1"],"picked":"SKIP","floor":24.0},{"not_picked":["Body Slam+1","Pommel Strike+1","Flex+1"],"picked":"SKIP","floor":27.0},{"not_picked":["Thunderclap+1","Warcry"],"picked":"Flame Barrier","floor":29.0},{"not_picked":["Anger+1","True Grit","Battle Trance"],"picked":"SKIP","floor":30.0},{"not_picked":["Combust","Metallicize","Sword Boomerang+1"],"picked":"SKIP","floor":31.0},{"not_picked":["Cleave+1","Iron Wave+1"],"picked":"Flame Barrier","floor":35.0},{"not_picked":["Uppercut+1","Corruption+1","Searing Blow+1"],"picked":"SKIP","floor":36.0},{"not_picked":["Spot Weakness","Corruption+1","Havoc+1"],"picked":"SKIP","floor":37.0},{"not_picked":["Thunderclap+1","True Grit"],"picked":"Shrug It Off+1","floor":40.0},{"not_picked":["Clash+1","Metallicize","Clothesline+1"],"picked":"SKIP","floor":41.0},{"not_picked":["Second Wind","Dropkick+1","Evolve"],"picked":"SKIP","floor":44.0}],"player_experience":626998,"relics_obtained":[{"floor":3.0,"key":"Molten Egg 2"},{"floor":6.0,"key":"Gambling Chip"},{"floor":8.0,"key":"Champion Belt"},{"floor":9.0,"key":"Dream Catcher"},{"floor":11.0,"key":"Regal Pillow"},{"floor":26.0,"key":"Oddly Smooth Stone"},{"floor":38.0,"key":"Red Skull"},{"floor":43.0,"key":"Charon\u0027s Ashes"}],"event_choices":[{"damage_healed":0.0,"max_hp_gain":0.0,"max_hp_loss":0.0,"gold_gain":0.0,"event_name":"Living Wall","player_choice":"Grow","floor":2.0,"gold_loss":0.0,"damage_taken":0.0,"cards_upgraded":["Demon Form"]},{"damage_healed":0.0,"max_hp_gain":0.0,"max_hp_loss":0.0,"gold_gain":0.0,"event_name":"Lab","player_choice":"Got Potions","floor":5.0,"gold_loss":0.0,"damage_taken":0.0},{"cards_removed":["Strike_R"],"damage_healed":0.0,"max_hp_gain":0.0,"max_hp_loss":0.0,"gold_gain":0.0,"event_name":"Beggar","player_choice":"Gave Gold","floor":19.0,"gold_loss":75.0,"damage_taken":0.0},{"damage_healed":0.0,"max_hp_gain":0.0,"max_hp_loss":0.0,"gold_gain":50.0,"event_name":"Nest","player_choice":"Stole From Cult","floor":20.0,"gold_loss":0.0,"damage_taken":0.0},{"damage_healed":15.0,"max_hp_gain":0.0,"max_hp_loss":0.0,"gold_gain":0.0,"event_name":"The Library","player_choice":"Heal","floor":21.0,"gold_loss":0.0,"damage_taken":0.0},{"cards_removed":["Strike_R"],"damage_healed":0.0,"max_hp_gain":0.0,"max_hp_loss":0.0,"gold_gain":0.0,"event_name":"Bonfire Elementals","player_choice":"Offered Basic","floor":25.0,"gold_loss":0.0,"damage_taken":0.0}],"is_beta":false,"boss_relics":[{"not_picked":["Tiny House","Astrolabe"],"picked":"Philosopher\u0027s Stone"},{"not_picked":["Pandora\u0027s Box","Lizard Tail"],"picked":"Runic Dome"}],"items_purged_floors":[28,39],"is_endless":false,"potions_floor_spawned":[1,12,14,16,18,22,27,33,35,36,41],"killed_by":"4 Shapes","ascension_level":19}