{"gold_per_floor":[113,133,133,144,156,156,172,197,197,197],"floor_reached":10,"playtime":528,"items_purged":[],"score":105,"play_id":"89c3f446-eb2b-4070-b3c6-2ce83b62bb72","local_time":"20190605150747","is_ascension_mode":true,"campfire_choices":[{"data":"Neutralize","floor":6,"key":"SMITH"}],"neow_cost":"NONE","seed_source_timestamp":4286594994476313,"circlet_count":0,"master_deck":["AscendersBane","Defend_G","Defend_G","Defend_G","Defend_G","Defend_G","Strike_G","Strike_G","Strike_G","Strike_G","Survivor","Neutralize+1","Bouncing Flask","Dodge and Roll","Leg Sweep","Flying Knee","Dagger Spray","Dodge and Roll"],"relics":["Ring of the Snake","Dead Branch","Ginger"],"potions_floor_usage":[8,10],"damage_taken":[{"damage":0,"enemies":"Jaw Worm","floor":1,"turns":6},{"damage":10,"enemies":"Cultist","floor":2,"turns":4},{"damage":3,"enemies":"2 Louse","floor":4,"turns":3},{"damage":2,"enemies":"Large Slime","floor":5,"turns":8},{"damage":10,"enemies":"Looter","floor":7,"turns":4},{"damage":21,"enemies":"Lagavulin","floor":8,"turns":8},{"damage":24,"enemies":"Gremlin Nob","floor":10,"turns":4}],"seed_played":"2247557661489634724","potions_obtained":[{"floor":0,"key":"GamblersBrew"},{"floor":0,"key":"GamblersBrew"},{"floor":0,"key":"LiquidBronze"},{"floor":5,"key":"Ancient Potion"}],"is_trial":false,"path_per_floor":["M","M","?","M","M","R","M","E","T","E"],"character_chosen":"THE_SILENT","items_purchased":[],"campfire_rested":0,"item_purchase_floors":[],"current_hp_per_floor":[63,53,53,50,48,48,38,17,17,0],"gold":197,"neow_bonus":"THREE_SMALL_POTIONS","is_prod":false,"is_daily":false,"chose_seed":false,"campfire_upgraded":1,"win_rate":0,"timestamp":1559761667,"path_taken":["M","M","?","M","M","R","?","E","T","E"],"build_version":"2019-01-23","purchased_purges":0,"victory":false,"max_hp_per_floor":[70,70,70,70,70,70,70,70,70,70],"card_choices":[{"not_picked":["Deadly Poison","Well Laid Plans"],"picked":"Bouncing Flask","floor":1},{"not_picked":["Deflect","Choke"],"picked":"Dodge and Roll","floor":2},{"not_picked":["Heel Hook","Dodge and Roll"],"picked":"Leg Sweep","floor":4},{"not_picked":["Reflex","Deflect"],"picked":"Flying Knee","floor":5},{"not_picked":["Accuracy","Terror"],"picked":"Dagger Spray","floor":7},{"not_picked":["Concentrate","Predator"],"picked":"Dodge and Roll","floor":8}],"player_experience":169462,"relics_obtained":[{"floor":8,"key":"Dead Branch"},{"floor":9,"key":"Ginger"}],"event_choices":[{"cards_removed":["Strike_G"],"damage_healed":0,"gold_gain":0,"player_choice":"Offered Basic","damage_taken":0,"max_hp_gain":0,"max_hp_loss":0,"event_name":"Bonfire Elementals","floor":3,"gold_loss":0}],"is_beta":false,"boss_relics":[],"items_purged_floors":[],"is_endless":false,"potions_floor_spawned":[2,5],"killed_by":"Gremlin Nob","ascension_level":10}