{"gold_per_floor":[115,115,115,128,41,68,68,81,126,157,23,23,48,48,48,123,123,136,153,68,68,79,79,112,122,147,147,172,172,184,265,265,343,343,356,47,147,147,147],"floor_reached":39,"playtime":3176,"items_purged":["Strike_G","Pain"],"score":894,"play_id":"05b304cc-1cf8-4014-adb3-e1e91e432d3a","local_time":"20190523113724","is_ascension_mode":true,"campfire_choices":[{"data":"Cloak And Dagger","floor":7.0,"key":"SMITH"},{"data":"Neutralize","floor":12.0,"key":"SMITH"},{"floor":15.0,"key":"REST"},{"data":"Neutralize","floor":23.0,"key":"SMITH"},{"data":"Calculated Gamble","floor":27.0,"key":"SMITH"},{"data":"Finisher","floor":29.0,"key":"SMITH"},{"data":"PiercingWail","floor":32.0,"key":"SMITH"}],"neow_cost":"NONE","seed_source_timestamp":0,"circlet_count":0,"master_deck":["AscendersBane","Defend_G","Defend_G","Defend_G","Defend_G","Defend_G","Strike_G","Strike_G","Strike_G+1","Strike_G+1","Survivor","Neutralize+1","Slice","Decay","Cloak And Dagger+1","Leg Sweep","After Image","Prepared","Slice","Backflip","Venomology","Prepared","Finisher+1","Bullet Time","Neutralize+1","Backflip","Calculated Gamble+1","Concentrate","PiercingWail+1","Adrenaline","Parasite","Pain","PiercingWail","Terror+1"],"special_seed":0,"relics":["Ring of the Snake","NeowsBlessing","Bronze Scales","Whetstone","Gambling Chip","Calipers","Runic Pyramid","Ornamental Fan","Question Card","Happy Flower","Mercury Hourglass","Bottled Lightning","Calling Bell","Regal Pillow","Blue Candle","Peace Pipe","ClockworkSouvenir","Turnip"],"potions_floor_usage":[39],"damage_taken":[{"damage":0.0,"enemies":"2 Louse","floor":1.0,"turns":1.0},{"damage":0.0,"enemies":"Cultist","floor":4.0,"turns":1.0},{"damage":0.0,"enemies":"Gremlin Nob","floor":6.0,"turns":1.0},{"damage":4.0,"enemies":"Small Slimes","floor":8.0,"turns":5.0},{"damage":25.0,"enemies":"3 Sentries","floor":10.0,"turns":10.0},{"damage":11.0,"enemies":"Lagavulin","floor":13.0,"turns":10.0},{"damage":16.0,"enemies":"Hexaghost","floor":16.0,"turns":11.0},{"damage":15.0,"enemies":"Chosen","floor":18.0,"turns":8.0},{"damage":7.0,"enemies":"Spheric Guardian","floor":19.0,"turns":8.0},{"damage":12.0,"enemies":"Snake Plant","floor":22.0,"turns":6.0},{"damage":0.0,"enemies":"Gremlin Leader","floor":24.0,"turns":6.0},{"damage":4.0,"enemies":"Sentry and Sphere","floor":25.0,"turns":7.0},{"damage":6.0,"enemies":"Book of Stabbing","floor":28.0,"turns":6.0},{"damage":0.0,"enemies":"Centurion and Healer","floor":30.0,"turns":10.0},{"damage":22.0,"enemies":"Automaton","floor":33.0,"turns":15.0},{"damage":50.0,"enemies":"3 Darklings","floor":35.0,"turns":10.0},{"damage":15,"enemies":"Mind Bloom Boss Battle","floor":37,"turns":12},{"damage":8,"enemies":"3 Shapes","floor":39,"turns":2}],"seed_played":"7332870769866254159","potions_obtained":[{"floor":1.0,"key":"GamblersBrew"},{"floor":4.0,"key":"LiquidBronze"},{"floor":8.0,"key":"Swift Potion"},{"floor":19.0,"key":"Fire Potion"},{"floor":22.0,"key":"PowerPotion"},{"floor":24.0,"key":"Block Potion"},{"floor":28.0,"key":"FearPotion"}],"is_trial":false,"path_per_floor":["M","?","?","M","$","E","R","M","T","E","$","R","E","?","R","B",null,"M","M","?","?","M","R","E","M","T","R","E","R","M","T","R","B",null,"M","$","?","?","M"],"character_chosen":"THE_SILENT","items_purchased":["Leg Sweep","Slice","ClockworkSouvenir"],"campfire_rested":1,"item_purchase_floors":[5,11,36],"current_hp_per_floor":[59,64,64,64,64,64,64,60,60,35,35,35,24,24,45,29,61,46,39,39,39,27,27,27,38,38,38,32,32,32,32,32,25,60,10,10,2,2,0],"gold":147,"neow_bonus":"THREE_ENEMY_KILL","is_prod":false,"is_daily":false,"chose_seed":false,"campfire_upgraded":6,"win_rate":0,"timestamp":1558629444,"path_taken":["M","?","?","?","$","E","R","M","T","E","$","R","E","?","R","BOSS","M","M","?","?","?","R","E","M","T","R","E","R","M","?","R","BOSS","M","$","?","?","M"],"build_version":"2019-01-23","purchased_purges":2,"victory":false,"max_hp_per_floor":[66,71,71,71,71,71,71,71,71,71,71,71,71,71,71,71,71,71,71,71,71,71,71,71,71,71,71,71,71,71,71,71,71,71,71,71,71,71,71],"card_choices":[{"not_picked":["Deflect","Quick Slash"],"picked":"Slice","floor":1.0},{"not_picked":["Blade Dance","Acrobatics"],"picked":"Cloak And Dagger","floor":4.0},{"not_picked":["Slice","Concentrate"],"picked":"After Image","floor":6.0},{"not_picked":["Reflex","Finisher","Bouncing Flask"],"picked":"SKIP","floor":8.0},{"not_picked":["Deflect","Underhanded Strike"],"picked":"Prepared","floor":10.0},{"not_picked":["Sucker Punch","Finisher"],"picked":"Backflip","floor":13.0},{"not_picked":["Wraith Form v2","Bullet Time"],"picked":"Venomology","floor":16.0},{"not_picked":["Underhanded Strike","Quick Slash"],"picked":"Prepared","floor":18.0},{"not_picked":["Flying Knee","Concentrate"],"picked":"Finisher","floor":19.0},{"not_picked":["Poisoned Stab","Distraction","Dagger Throw"],"picked":"SKIP","floor":22.0},{"not_picked":["Venomology","Dagger Spray"],"picked":"Backflip","floor":24.0},{"not_picked":["Slice","Caltrops","Setup"],"picked":"Calculated Gamble","floor":25.0},{"not_picked":["Flechettes","Masterful Stab","Slice"],"picked":"Concentrate","floor":28.0},{"not_picked":["Catalyst","Deadly Poison","Concentrate"],"picked":"PiercingWail","floor":30.0},{"not_picked":["Unload","Night Terror","Tools of the Trade"],"picked":"Adrenaline","floor":33.0},{"not_picked":["Flying Knee","Well Laid Plans","Blade Dance+1"],"picked":"PiercingWail","floor":35},{"not_picked":["Finisher","Expertise+1","Slice"],"picked":"Terror+1","floor":37}],"player_experience":475211,"relics_obtained":[{"floor":6.0,"key":"Bronze Scales"},{"floor":9.0,"key":"Whetstone"},{"floor":10.0,"key":"Gambling Chip"},{"floor":13.0,"key":"Calipers"},{"floor":24.0,"key":"Question Card"},{"floor":26.0,"key":"Happy Flower"},{"floor":28.0,"key":"Mercury Hourglass"},{"floor":31.0,"key":"Bottled Lightning"},{"floor":34.0,"key":"Regal Pillow"},{"floor":34.0,"key":"Blue Candle"},{"floor":34.0,"key":"Peace Pipe"},{"floor":37,"key":"Turnip"}],"event_choices":[{"damage_healed":0.0,"max_hp_gain":5.0,"max_hp_loss":0.0,"gold_gain":0.0,"event_name":"Big Fish","player_choice":"Donut","floor":2.0,"gold_loss":0.0,"damage_taken":0.0},{"damage_healed":0.0,"max_hp_gain":0.0,"max_hp_loss":0.0,"gold_gain":0.0,"event_name":"Wheel of Change","player_choice":"Cursed","floor":3.0,"gold_loss":0.0,"damage_taken":0.0,"cards_obtained":["Decay"]},{"damage_healed":0.0,"max_hp_gain":0.0,"max_hp_loss":0.0,"gold_gain":0.0,"event_name":"Dead Adventurer","player_choice":"Searched \u00270\u0027 times","floor":14.0,"gold_loss":0.0,"damage_taken":0.0},{"damage_healed":0.0,"max_hp_gain":0.0,"max_hp_loss":0.0,"gold_gain":0.0,"event_name":"Addict","player_choice":"Obtained Relic","floor":20.0,"gold_loss":85.0,"damage_taken":0.0,"relics_obtained":["Ornamental Fan"]},{"damage_healed":0.0,"max_hp_gain":0.0,"max_hp_loss":0.0,"gold_gain":0.0,"event_name":"Match and Keep!","player_choice":"2 cards matched","floor":21.0,"gold_loss":0.0,"damage_taken":0.0,"cards_obtained":["Bullet Time","Neutralize"]},{"damage_healed":0,"gold_gain":0,"player_choice":"Fight","damage_taken":0,"max_hp_gain":0,"max_hp_loss":0,"event_name":"MindBloom","floor":37,"gold_loss":0},{"damage_healed":0,"gold_gain":0,"player_choice":"Ignored","damage_taken":0,"max_hp_gain":0,"max_hp_loss":0,"event_name":"Mysterious Sphere","floor":38,"gold_loss":0}],"is_beta":false,"boss_relics":[{"not_picked":["Runic Dome","Velvet Choker"],"picked":"Runic Pyramid"},{"not_picked":["Sozu","HoveringKite"],"picked":"Calling Bell"}],"items_purged_floors":[11,36],"is_endless":false,"potions_floor_spawned":[1,4,8,19,22,24,28],"killed_by":"3 Shapes","ascension_level":17}