{"gold_per_floor":[117,137,137,154,231,262,262,280,303,303,314,329,329,294,294,392,392,402,414,414,219,237,237,271,321,321,321,321,321,321,333,333,333],"floor_reached":33,"playtime":986,"items_purged":[],"score":303,"play_id":"a5ef9a82-1db1-4fbd-8247-d4de1235549f","local_time":"20180707124817","is_ascension_mode":true,"campfire_choices":[{"data":"Static Discharge","floor":7,"key":"SMITH"},{"data":"Zap","floor":10,"key":"SMITH"},{"data":"Storm","floor":15,"key":"SMITH"},{"data":"Defragment","floor":23,"key":"SMITH"},{"floor":30,"key":"REST"},{"floor":32,"key":"REST"}],"neow_cost":"NONE","seed_source_timestamp":25029503656376,"circlet_count":0,"master_deck":["Defend_B","Defend_B","Defend_B","Defend_B","Zap+1","Dualcast","Cold Snap","Melter","Static Discharge+1","Beam Cell","Core Surge","FTL","Conserve Battery","Storm+1","Amplify","Conserve Battery+1","Self Repair","Defragment+1","Hologram","Bite","Bite","Bite","Bite","Bite","Decay","Loop+1"],"relics":["Cracked Core","Strawberry","Singing Bowl","White Beast Statue","Juzu Bracelet","TwistedFunnel","Happy Flower","Dream Catcher"],"potions_floor_usage":[22,24,24,31,33],"damage_taken":[{"damage":7,"enemies":"2 Louse","floor":1,"turns":3},{"damage":1,"enemies":"Small Slimes","floor":2,"turns":3},{"damage":0,"enemies":"Cultist","floor":4,"turns":4},{"damage":16,"enemies":"3 Sentries","floor":6,"turns":7},{"damage":8,"enemies":"Gremlin Gang","floor":8,"turns":3},{"damage":2,"enemies":"Blue Slaver","floor":11,"turns":3},{"damage":1,"enemies":"Looter","floor":12,"turns":2},{"damage":19,"enemies":"The Guardian","floor":16,"turns":9},{"damage":11,"enemies":"3 Byrds","floor":18,"turns":4},{"damage":3,"enemies":"Spheric Guardian","floor":19,"turns":3},{"damage":26,"enemies":"Slaver and Parasite","floor":22,"turns":4},{"damage":36,"enemies":"Slavers","floor":24,"turns":5},{"damage":24,"enemies":"Snake Plant","floor":31,"turns":4},{"damage":89,"enemies":"Automaton","floor":33,"turns":6}],"seed_played":"-8670360505241146169","potions_obtained":[{"floor":4,"key":"Block Potion"},{"floor":6,"key":"FearPotion"},{"floor":8,"key":"LiquidBronze"},{"floor":18,"key":"GamblersBrew"},{"floor":19,"key":"SkillPotion"},{"floor":22,"key":"AttackPotion"},{"floor":24,"key":"FocusPotion"},{"floor":31,"key":"FearPotion"}],"is_trial":false,"path_per_floor":["M","M","?","M","?","E","R","M","T","R","M","M","$","?","R","B",null,"M","M","?","$","M","R","E","?","T","?","?","$","R","M","R"],"character_chosen":"DEFECT","items_purchased":["TwistedFunnel"],"campfire_rested":2,"item_purchase_floors":[21],"current_hp_per_floor":[68,67,67,67,67,58,58,50,50,50,48,47,47,67,67,48,82,71,68,68,68,56,56,20,20,20,20,20,20,37,21,40,0],"gold":333,"neow_bonus":"THREE_CARDS","is_prod":false,"is_daily":false,"chose_seed":false,"campfire_upgraded":4,"win_rate":0,"timestamp":1530931697,"path_taken":["M","M","?","M","?","E","R","M","T","R","?","?","$","?","R","BOSS","M","M","?","$","M","R","E","?","T","?","?","?","R","M","R","BOSS"],"build_version":"2018-07-05","purchased_purges":0,"victory":false,"max_hp_per_floor":[75,75,75,75,75,82,82,82,82,82,82,82,82,82,82,82,82,82,82,82,82,82,82,82,82,82,57,57,57,57,59,61,61],"card_choices":[{"not_picked":["Coolheaded","Force Field"],"picked":"Cold Snap","floor":0},{"not_picked":["Redo","Darkness"],"picked":"Melter","floor":1},{"not_picked":["Force Field","Compile Driver"],"picked":"Static Discharge","floor":2},{"not_picked":["Stack","Heatsinks"],"picked":"Beam Cell","floor":4},{"not_picked":["Streamline","Blizzard"],"picked":"Core Surge","floor":6},{"not_picked":["Stack","Beam Cell"],"picked":"FTL","floor":8},{"not_picked":["Rebound","Reprogram"],"picked":"Conserve Battery","floor":11},{"not_picked":["Gash","Coolheaded"],"picked":"Storm","floor":12},{"not_picked":["Machine Learning","Biased Cognition"],"picked":"Amplify","floor":16},{"not_picked":["Rebound","Beam Cell+1"],"picked":"Conserve Battery+1","floor":18},{"not_picked":["Hologram","Rebound+1"],"picked":"Self Repair","floor":19},{"not_picked":["Self Repair","Barrage+1"],"picked":"Defragment","floor":22},{"not_picked":["Conserve Battery","Redo"],"picked":"Hologram","floor":24},{"not_picked":["Compile Driver+1","Conserve Battery"],"picked":"Loop+1","floor":30},{"not_picked":["Doom and Gloom","Redo","Melter"],"picked":"Singing Bowl","floor":31},{"not_picked":["Barrage","Streamline","Sweeping Beam"],"picked":"Singing Bowl","floor":32}],"player_experience":87443,"relics_obtained":[{"floor":6,"key":"Strawberry"},{"floor":9,"key":"Singing Bowl"},{"floor":24,"key":"Happy Flower"},{"floor":26,"key":"Dream Catcher"}],"event_choices":[{"event_name":"Liars Game","player_choice":"disagreed","floor":3,"damage_taken":0},{"event_name":"Golden Wing","player_choice":"Gained Gold","floor":5,"damage_taken":0},{"event_name":"The Cleric","player_choice":"Healed","floor":14,"damage_taken":0},{"event_name":"The Mausoleum","player_choice":"Yes","floor":20,"damage_taken":0},{"event_name":"The Joust","player_choice":"Bet on Murderer","floor":25,"damage_taken":0},{"event_name":"Vampires","player_choice":"Became a vampire","floor":27,"damage_taken":0},{"event_name":"Forgotten Altar","player_choice":"Smashed Altar","floor":28,"damage_taken":0}],"boss_relics":[{"not_picked":["Eternal Feather","Fusion Hammer"],"picked":"White Beast Statue"}],"items_purged_floors":[],"is_endless":false,"potions_floor_spawned":[4,6,8,18,19,22,24,31],"killed_by":"Automaton","ascension_level":1}