{"path_per_floor":["M","?","M","?","?","M","R","E","T","R","E","R"],"character_chosen":"IRONCLAD","items_purchased":[],"gold_per_floor":[113,113,136,136,136,157,157,195,195,195,235,235,235],"floor_reached":13,"campfire_rested":1,"playtime":427,"item_purchase_floors":[],"current_hp_per_floor":[78,78,80,80,80,80,80,35,35,35,15,39,0],"items_purged":[],"gold":235,"score":91,"play_id":"7a54e66c-0dbe-46bc-88c9-4a7df55ae274","local_time":"20180528213859","is_prod":false,"is_daily":false,"chose_seed":false,"is_ascension_mode":false,"campfire_upgraded":2,"win_rate":0.0,"timestamp":1527507539,"campfire_choices":[{"data":"Reaper","floor":7,"key":"SMITH"},{"data":"Iron Wave","floor":10,"key":"SMITH"},{"floor":12,"key":"REST"}],"path_taken":["M","?","M","?","?","M","R","E","T","R","E","R","?"],"build_version":"2018-05-27","seed_source_timestamp":48690242780805,"purchased_purges":0,"victory":false,"master_deck":["Strike_R","Strike_R","Strike_R","Strike_R","Defend_R","Defend_R","Defend_R","Defend_R","Iron Wave+1","Injury","Pommel Strike","Reaper+1","Shrug It Off","Headbutt","Shrug It Off"],"max_hp_per_floor":[80,80,80,80,80,80,80,80,80,80,80,80,80],"relics":["Burning Blood","Golden Idol","Toolbox","Paper Frog","Molten Egg 2"],"card_choices":[{"not_picked":["Bloodletting","Disarm"],"picked":"Iron Wave","floor":1},{"not_picked":["Rage","Clothesline"],"picked":"Pommel Strike","floor":3},{"not_picked":["Warcry","Dark Embrace"],"picked":"Shrug It Off","floor":6},{"not_picked":["True Grit","Clothesline"],"picked":"Headbutt","floor":8},{"not_picked":["Sever Soul","Armaments"],"picked":"Shrug It Off","floor":11}],"player_experience":0,"potions_floor_usage":[8],"damage_taken":[{"damage":8,"enemies":"2 Louse","floor":1,"turns":3},{"damage":0,"enemies":"Small Slimes","floor":3,"turns":3},{"damage":0,"enemies":"Cultist","floor":6,"turns":5},{"damage":56,"enemies":"Lagavulin","floor":8,"turns":10},{"damage":31,"enemies":"Gremlin Nob","floor":11,"turns":6},{"damage":40,"enemies":"Gremlin Gang","floor":13,"turns":3}],"relics_obtained":[{"floor":8,"key":"Toolbox"},{"floor":9,"key":"Paper Frog"},{"floor":11,"key":"Molten Egg 2"}],"event_choices":[{"event_name":"Golden Idol","player_choice":"Take Wound","floor":2,"damage_taken":0},{"event_name":"Bonfire Elementals","player_choice":"BASIC","floor":4,"damage_taken":0},{"event_name":"Transmorgrifier","player_choice":"Transform","floor":5,"damage_taken":0}],"boss_relics":[],"items_purged_floors":[],"potions_floor_spawned":[3,6],"seed_played":"4325779192177824604","killed_by":"Gremlin Gang","ascension_level":0,"potions_obtained":[{"floor":3,"key":"Block Potion"},{"floor":6,"key":"GamblersBrew"}],"is_trial":false}