{"path_per_floor":["M","$","M","?","M","R","E","$","T","R","M","R","$","M","R"],"character_chosen":"THE_SILENT","items_purchased":["Bottled Flame","Backstab"],"gold_per_floor":[210,210,223,298,311,311,344,344,344,344,355,355,39,59,59,59],"floor_reached":16,"campfire_rested":0,"playtime":1485,"current_hp_per_floor":[70,70,68,57,57,57,52,52,52,52,52,52,52,44,44,0],"items_purged":[],"gold":59,"score":100,"play_id":"d2ffb6ae-e04c-4511-ac95-9d9f36fa7961","local_time":"20180523105443","is_prod":false,"is_daily":false,"chose_seed":false,"is_ascension_mode":false,"campfire_upgraded":4,"timestamp":1527036883,"campfire_choices":[{"data":"Flechettes","floor":6,"key":"SMITH"},{"data":"Prepared","floor":10,"key":"SMITH"},{"data":"Footwork","floor":12,"key":"SMITH"},{"data":"Backstab","floor":15,"key":"SMITH"}],"path_taken":["M","$","M","?","M","R","E","?","T","R","M","R","$","M","R","BOSS"],"build_version":"2018-05-17","seed_source_timestamp":5635750573236,"purchased_purges":0,"victory":false,"master_deck":["Defend_G","Defend_G","Defend_G","Defend_G","Defend_G","Strike_G","Strike_G","Strike_G","Strike_G","Strike_G","Survivor","Neutralize","Footwork+1","Prepared+1","Flechettes+1","Outmaneuver","Backstab+1","Backstab"],"max_hp_per_floor":[70,70,70,70,70,70,70,70,70,70,70,70,70,70,70,70],"relics":["Ring of the Snake","Bottled Lightning","Letter Opener","Bottled Flame"],"card_choices":[{"not_picked":["Well Laid Plans","Backflip"],"picked":"Footwork","floor":1},{"not_picked":["PiercingWail","Acrobatics"],"picked":"Prepared","floor":3},{"not_picked":["Noxious Fumes","Accuracy"],"picked":"Flechettes","floor":5},{"not_picked":["Endless Agony","Dagger Throw","Backflip"],"picked":"SKIP","floor":7},{"not_picked":["Prepared","Skewer"],"picked":"Outmaneuver","floor":11},{"not_picked":["Quick Slash","Escape Plan"],"picked":"Backstab","floor":14}],"player_experience":43561,"potions_floor_usage":[7,16],"damage_taken":[{"damage":0,"enemies":"2 Louse","floor":1,"turns":4},{"damage":2,"enemies":"Cultist","floor":3,"turns":4},{"damage":0,"enemies":"Jaw Worm","floor":5,"turns":7},{"damage":5,"enemies":"Gremlin Nob","floor":7,"turns":4},{"damage":0,"enemies":"2 Fungi Beasts","floor":11,"turns":3},{"damage":8,"enemies":"Red Slaver","floor":14,"turns":4},{"damage":44,"enemies":"Slime Boss","floor":16,"turns":12}],"relics_obtained":[{"floor":7,"key":"Bottled Lightning"},{"floor":9,"key":"Letter Opener"}],"event_choices":[{"event_name":"World of Goop","player_choice":"Gather Gold","floor":4,"damage_taken":0}],"boss_relics":[],"potions_floor_spawned":[1,3,5,11],"seed_played":"-7994779988889651155","killed_by":"Slime Boss","ascension_level":0,"potions_obtained":[{"floor":1,"key":"Strength Potion"},{"floor":3,"key":"Energy Potion"},{"floor":5,"key":"AttackPotion"},{"floor":11,"key":"FearPotion"}],"is_trial":false}