{"gold_per_floor":[113,263,263,14,29,104,124,124,124,149,149,167,196,276,276,276],"floor_reached":16,"playtime":360,"items_purged":[],"score":211,"play_id":"d2072465-891b-45d1-8528-c90d5459c507","local_time":"20190526203211","is_ascension_mode":true,"campfire_choices":[{"data":"Hemokinesis","floor":8.0,"key":"SMITH"},{"data":"Uppercut","floor":11.0,"key":"SMITH"},{"data":"Shrug It Off","floor":15.0,"key":"SMITH"}],"neow_cost":"NONE","seed_source_timestamp":105296843082719,"circlet_count":0,"master_deck":["AscendersBane","Strike_R","Strike_R","Strike_R","Strike_R","Strike_R","Defend_R","Defend_R","Defend_R","Defend_R","Bash","Whirlwind","Hemokinesis+1","Uppercut+1","Shrug It Off+1"],"special_seed":0,"relics":["Burning Blood","NeowsBlessing","Bronze Scales","Frozen Egg 2","Lantern","Oddly Smooth Stone","Tiny Chest"],"potions_floor_usage":[16],"damage_taken":[{"damage":0.0,"enemies":"2 Louse","floor":1.0,"turns":1.0},{"damage":0.0,"enemies":"Small Slimes","floor":5.0,"turns":1.0},{"damage":0.0,"enemies":"Cultist","floor":7.0,"turns":1.0},{"damage":34.0,"enemies":"Gremlin Nob","floor":10.0,"turns":4.0},{"damage":7.0,"enemies":"2 Fungi Beasts","floor":12.0,"turns":3.0},{"damage":27.0,"enemies":"3 Sentries","floor":13.0,"turns":7.0},{"damage":28,"enemies":"The Guardian","floor":16,"turns":11}],"seed_played":"-842638862792997172","potions_obtained":[{"floor":1.0,"key":"Weak Potion"},{"floor":5.0,"key":"BloodPotion"},{"floor":10.0,"key":"AttackPotion"}],"is_trial":false,"path_per_floor":["M","?","?","$","M","?","M","R","T","E","R","M","E","T","R","B"],"character_chosen":"IRONCLAD","items_purchased":["Bronze Scales","Hemokinesis"],"campfire_rested":0,"item_purchase_floors":[4,4],"current_hp_per_floor":[74,74,74,74,75,64,70,70,70,49,49,48,27,27,27,0],"gold":276,"neow_bonus":"THREE_ENEMY_KILL","is_prod":false,"is_daily":false,"chose_seed":false,"campfire_upgraded":3,"win_rate":0,"timestamp":1558924331,"path_taken":["M","?","?","$","?","?","M","R","T","E","R","M","E","?","R","BOSS"],"build_version":"2019-01-23","purchased_purges":0,"victory":false,"max_hp_per_floor":[75,75,75,75,75,75,75,75,75,75,75,75,75,75,75,75],"card_choices":[{"not_picked":["Anger","Wild Strike"],"picked":"Whirlwind","floor":1.0},{"not_picked":["Wild Strike","Clothesline","Headbutt"],"picked":"SKIP","floor":5.0},{"not_picked":["Sever Soul","Thunderclap"],"picked":"Uppercut","floor":7.0},{"not_picked":["Sword Boomerang","True Grit"],"picked":"Shrug It Off","floor":10.0},{"not_picked":["Thunderclap","True Grit","Cleave"],"picked":"SKIP","floor":12.0},{"not_picked":["True Grit","Juggernaut+1","Sever Soul"],"picked":"SKIP","floor":13.0}],"player_experience":620015,"relics_obtained":[{"floor":9.0,"key":"Frozen Egg 2"},{"floor":10.0,"key":"Lantern"},{"floor":13.0,"key":"Oddly Smooth Stone"},{"floor":14.0,"key":"Tiny Chest"}],"event_choices":[{"damage_healed":0.0,"max_hp_gain":0.0,"max_hp_loss":0.0,"gold_gain":150.0,"event_name":"Liars Game","player_choice":"AGREE","floor":2.0,"gold_loss":0.0,"damage_taken":0.0,"cards_obtained":["Doubt"]},{"cards_removed":["Doubt"],"damage_healed":0.0,"max_hp_gain":0.0,"max_hp_loss":0.0,"gold_gain":0.0,"event_name":"Fountain of Cleansing","player_choice":"Removed Curses","floor":3.0,"gold_loss":0.0,"damage_taken":0.0},{"damage_healed":0.0,"max_hp_gain":0.0,"max_hp_loss":0.0,"gold_gain":75.0,"event_name":"World of Goop","player_choice":"Gather Gold","floor":6.0,"gold_loss":0.0,"damage_taken":11.0}],"is_beta":false,"boss_relics":[],"items_purged_floors":[],"is_endless":false,"potions_floor_spawned":[1,5,10],"killed_by":"The Guardian","ascension_level":19}