{"gold_per_floor":[118,134,148,148,166,166,180,180,233,233,249,276,289,314,314,411,411,393,393,408,139,151,181,181,192,192,71,71],"floor_reached":28,"playtime":1177,"items_purged":["Strike_R","Pain"],"score":265,"play_id":"59ee6611-b773-46a2-9f02-d02f24e5d0b4","local_time":"20190407123911","is_ascension_mode":true,"campfire_choices":[{"data":"Shrug It Off","floor":6.0,"key":"SMITH"},{"data":"Clothesline","floor":8.0,"key":"SMITH"},{"data":"Bash","floor":10.0,"key":"SMITH"},{"data":"Inflame","floor":15.0,"key":"SMITH"},{"data":"Pummel","floor":24.0,"key":"SMITH"}],"neow_cost":"NONE","seed_source_timestamp":832814649597126,"circlet_count":0,"master_deck":["Strike_R","Strike_R","Strike_R","Strike_R","Defend_R","Defend_R","Defend_R","Defend_R","Bash+1","Shrug It Off+1","Clothesline+1","Inflame+1","Pummel+1","Cleave","Armaments","Disarm"],"special_seed":0,"relics":["Burning Blood","NeowsBlessing","Meat on the Bone","Oddly Smooth Stone","Happy Flower","Strawberry","Black Star","WarpedTongs","Vajra","The Courier","Ancient Tea Set","Bottled Lightning"],"potions_floor_usage":[25,28,28],"damage_taken":[{"damage":0.0,"enemies":"2 Louse","floor":1.0,"turns":1.0},{"damage":0.0,"enemies":"Jaw Worm","floor":2.0,"turns":1.0},{"damage":0.0,"enemies":"Cultist","floor":3.0,"turns":1.0},{"damage":19.0,"enemies":"Exordium Wildlife","floor":5.0,"turns":7.0},{"damage":10.0,"enemies":"Exordium Thugs","floor":7.0,"turns":5.0},{"damage":16.0,"enemies":"3 Louse","floor":11.0,"turns":5.0},{"damage":20.0,"enemies":"Lagavulin","floor":12.0,"turns":6.0},{"damage":10.0,"enemies":"Lots of Slimes","floor":13.0,"turns":5.0},{"damage":21.0,"enemies":"Gremlin Nob","floor":14.0,"turns":4.0},{"damage":24.0,"enemies":"The Guardian","floor":16.0,"turns":15.0},{"damage":22.0,"enemies":"2 Thieves","floor":18.0,"turns":4.0},{"damage":17.0,"enemies":"Shell Parasite","floor":20.0,"turns":5.0},{"damage":19.0,"enemies":"Cultist and Chosen","floor":22.0,"turns":6.0},{"damage":17.0,"enemies":"Book of Stabbing","floor":23.0,"turns":5.0},{"damage":34,"enemies":"Shelled Parasite and Fungi","floor":25,"turns":4},{"damage":37,"enemies":"Slavers","floor":28,"turns":4}],"seed_played":"7918095514258008303","potions_obtained":[{"floor":1.0,"key":"Explosive Potion"},{"floor":2.0,"key":"LiquidBronze"},{"floor":3.0,"key":"SkillPotion"},{"floor":12.0,"key":"Regen Potion"},{"floor":13.0,"key":"FearPotion"},{"floor":22.0,"key":"Fire Potion"},{"floor":25,"key":"Strength Potion"}],"is_trial":false,"path_per_floor":["M","M","M","?","M","R","M","R","T","R","M","E","M","E","R","B",null,"M","?","M","$","M","E","R","M","T","$","E"],"character_chosen":"IRONCLAD","items_purchased":["Vajra","Pummel","Fire Potion"],"campfire_rested":0,"item_purchase_floors":[21,21,27],"current_hp_per_floor":[80,80,80,68,55,55,51,51,51,51,53,51,47,51,51,45,87,71,71,74,74,61,50,50,34,34,34,0],"gold":71,"neow_bonus":"THREE_ENEMY_KILL","is_prod":false,"is_daily":false,"chose_seed":false,"campfire_upgraded":5,"win_rate":0,"timestamp":1554662351,"path_taken":["M","M","M","?","M","R","M","R","T","R","M","E","M","E","R","BOSS","M","?","M","$","M","E","R","M","T","$","E"],"build_version":"2019-01-23","purchased_purges":2,"victory":false,"max_hp_per_floor":[80,80,80,80,80,80,80,80,80,80,80,80,80,87,87,87,87,87,87,87,87,87,87,87,87,87,87,87],"card_choices":[{"not_picked":["Sentinel","Armaments"],"picked":"Shrug It Off","floor":1.0},{"not_picked":["Rampage","Combust","Armaments"],"picked":"SKIP","floor":2.0},{"not_picked":["Headbutt","Thunderclap","Body Slam"],"picked":"SKIP","floor":3.0},{"not_picked":["Searing Blow","Entrench"],"picked":"Clothesline","floor":5.0},{"not_picked":["Twin Strike","Shrug It Off","Flex"],"picked":"SKIP","floor":7.0},{"not_picked":["Iron Wave","Headbutt","Shrug It Off"],"picked":"SKIP","floor":11.0},{"not_picked":["Wild Strike","Rampage","Flex"],"picked":"SKIP","floor":12.0},{"not_picked":["Spot Weakness","Clothesline","Sentinel"],"picked":"SKIP","floor":13.0},{"not_picked":["Sword Boomerang","Seeing Red"],"picked":"Inflame","floor":14.0},{"not_picked":["Perfected Strike","Anger","Shrug It Off"],"picked":"SKIP","floor":18.0},{"not_picked":["Fire Breathing","Headbutt","Anger"],"picked":"SKIP","floor":20.0},{"not_picked":["Body Slam+1","Anger","Cleave"],"picked":"SKIP","floor":22.0},{"not_picked":["Body Slam+1","Anger"],"picked":"Cleave","floor":22.0},{"not_picked":["Impervious","Flex"],"picked":"Armaments","floor":23.0},{"not_picked":["Infernal Blade","Flex"],"picked":"Disarm","floor":25}],"player_experience":474881,"relics_obtained":[{"floor":9.0,"key":"Oddly Smooth Stone"},{"floor":12.0,"key":"Happy Flower"},{"floor":14.0,"key":"Strawberry"},{"floor":23.0,"key":"The Courier"},{"floor":23.0,"key":"Ancient Tea Set"},{"floor":26,"key":"Bottled Lightning"}],"event_choices":[{"damage_healed":0.0,"max_hp_gain":0.0,"max_hp_loss":0.0,"gold_gain":0.0,"event_name":"Scrap Ooze","player_choice":"Success","floor":4.0,"gold_loss":0.0,"damage_taken":12.0,"relics_obtained":["Meat on the Bone"]},{"damage_healed":0.0,"max_hp_gain":0.0,"max_hp_loss":0.0,"gold_gain":0.0,"event_name":"Accursed Blacksmith","player_choice":"Rummage","floor":19.0,"gold_loss":0.0,"damage_taken":0.0,"relics_obtained":["WarpedTongs"],"cards_obtained":["Pain"]}],"is_beta":false,"boss_relics":[{"not_picked":["Lizard Tail","Mark of Pain"],"picked":"Black Star"}],"items_purged_floors":[21,27],"is_endless":false,"potions_floor_spawned":[1,2,3,12,13,22,25],"killed_by":"Slavers","ascension_level":1}