{"gold_per_floor":[113,113,38,38,48,74,74,101,101,35,35,46,63,82,82,182,182,202,202,202,237,247,247,264,264,342,354,372,392,425,442,442,442],"floor_reached":33,"playtime":1061,"items_purged":["Regret"],"score":457,"play_id":"39f190fb-647e-4cb0-989c-cad7906c9495","local_time":"20190426001655","is_ascension_mode":true,"campfire_choices":[{"data":"Cleave","floor":7.0,"key":"SMITH"},{"floor":15.0,"key":"REST"},{"data":"Inflame","floor":23.0,"key":"SMITH"},{"data":"Heavy Blade","floor":25.0,"key":"SMITH"},{"data":"Iron Wave","floor":32.0,"key":"SMITH"}],"neow_cost":"NONE","seed_source_timestamp":29480789701945,"circlet_count":0,"master_deck":["AscendersBane","Defend_R+1","Defend_R+1","Defend_R+1","Defend_R","Bash","Cleave+1","Impervious+1","Inflame+1","Uppercut+1","Finesse","Bite","Bite","Bite","Bite","Bite","Flex+1","Heavy Blade+1","Iron Wave+1"],"special_seed":0,"relics":["Burning Blood","Bronze Scales","Nunchaku","The Courier","War Paint","Self Forming Clay","Runic Dome","Red Mask","Mummified Hand","Shuriken"],"potions_floor_usage":[33,33],"damage_taken":[{"damage":3.0,"enemies":"2 Louse","floor":1.0,"turns":4.0},{"damage":0.0,"enemies":"Small Slimes","floor":5.0,"turns":4.0},{"damage":35.0,"enemies":"3 Sentries","floor":6.0,"turns":9.0},{"damage":32.0,"enemies":"Gremlin Nob","floor":8.0,"turns":5.0},{"damage":0.0,"enemies":"Jaw Worm","floor":12.0,"turns":3.0},{"damage":8.0,"enemies":"Exordium Wildlife","floor":13.0,"turns":3.0},{"damage":6.0,"enemies":"Looter","floor":14.0,"turns":4.0},{"damage":23.0,"enemies":"Slime Boss","floor":16.0,"turns":10.0},{"damage":14.0,"enemies":"2 Thieves","floor":18.0,"turns":4.0},{"damage":28.0,"enemies":"Masked Bandits","floor":21.0,"turns":3.0},{"damage":0.0,"enemies":"3 Byrds","floor":22.0,"turns":3.0},{"damage":0.0,"enemies":"Snecko","floor":24.0,"turns":4.0},{"damage":10.0,"enemies":"Sentry and Sphere","floor":27.0,"turns":4.0},{"damage":20.0,"enemies":"3 Cultists","floor":28.0,"turns":4.0},{"damage":0.0,"enemies":"Snake Plant","floor":29.0,"turns":2.0},{"damage":13.0,"enemies":"Slavers","floor":30.0,"turns":6.0},{"damage":9.0,"enemies":"Cultist and Chosen","floor":31.0,"turns":4.0},{"damage":69,"enemies":"Champ","floor":33,"turns":7}],"seed_played":"-4214692307255821067","potions_obtained":[{"floor":12.0,"key":"Fire Potion"},{"floor":13.0,"key":"LiquidBronze"},{"floor":16.0,"key":"FearPotion"},{"floor":21.0,"key":"PowerPotion"},{"floor":24.0,"key":"Poison Potion"},{"floor":30.0,"key":"Energy Potion"},{"floor":31.0,"key":"Explosive Potion"}],"is_trial":false,"path_per_floor":["M","?","$","?","M","E","R","E","T","$","?","M","M","M","R","B",null,"M","?","?","?","M","R","M","R","T","M","M","M","E","M","R","B"],"character_chosen":"IRONCLAD","items_purchased":["Finesse"],"campfire_rested":1,"item_purchase_floors":[10],"current_hp_per_floor":[75,75,75,59,65,36,36,10,10,10,10,16,14,14,38,21,65,57,56,47,35,45,45,61,61,61,61,51,61,61,58,58,0],"gold":442,"neow_bonus":"RANDOM_COMMON_RELIC","is_prod":false,"is_daily":false,"chose_seed":false,"campfire_upgraded":4,"win_rate":0,"timestamp":1556259415,"path_taken":["M","?","$","?","M","E","R","E","T","$","?","M","M","M","R","BOSS","M","?","?","?","M","R","M","R","T","M","M","M","E","M","R","BOSS"],"build_version":"2019-01-23","purchased_purges":1,"victory":false,"max_hp_per_floor":[80,80,80,80,80,80,80,80,80,80,80,80,80,80,80,80,80,80,56,61,61,61,61,61,61,61,61,61,61,61,61,61,61],"card_choices":[{"not_picked":["Shrug It Off","Intimidate"],"picked":"Cleave","floor":1.0},{"not_picked":["Iron Wave","Rampage"],"picked":"Impervious","floor":5.0},{"not_picked":["Rampage","Whirlwind"],"picked":"Inflame","floor":6.0},{"not_picked":["Whirlwind","Seeing Red"],"picked":"Uppercut","floor":8.0},{"not_picked":["True Grit","Sword Boomerang","Dropkick"],"picked":"SKIP","floor":12.0},{"not_picked":["Clash","Wild Strike","Berserk"],"picked":"SKIP","floor":13.0},{"not_picked":["Flex","Perfected Strike","Sword Boomerang"],"picked":"SKIP","floor":14.0},{"not_picked":["Clash","Rampage","Disarm"],"picked":"SKIP","floor":18.0},{"not_picked":["Anger+1","Pommel Strike"],"picked":"Flex+1","floor":21.0},{"not_picked":["Armaments","Flame Barrier","Body Slam"],"picked":"SKIP","floor":22.0},{"not_picked":["Hemokinesis","Body Slam"],"picked":"Heavy Blade","floor":24.0},{"not_picked":["Body Slam+1","Heavy Blade","Dark Embrace"],"picked":"SKIP","floor":27.0},{"not_picked":["Clash+1","Searing Blow","Perfected Strike"],"picked":"SKIP","floor":28.0},{"not_picked":["Wild Strike","Ghostly Armor","Sword Boomerang"],"picked":"SKIP","floor":29.0},{"not_picked":["True Grit","Second Wind+1"],"picked":"Iron Wave","floor":30.0},{"not_picked":["Wild Strike","Power Through+1","Sword Boomerang"],"picked":"SKIP","floor":31.0}],"player_experience":538371,"relics_obtained":[{"floor":6.0,"key":"The Courier"},{"floor":8.0,"key":"War Paint"},{"floor":9.0,"key":"Self Forming Clay"},{"floor":21.0,"key":"Red Mask"},{"floor":26.0,"key":"Mummified Hand"},{"floor":30.0,"key":"Shuriken"}],"event_choices":[{"damage_healed":0.0,"max_hp_gain":0.0,"max_hp_loss":0.0,"gold_gain":0.0,"event_name":"Big Fish","player_choice":"Box","floor":2.0,"gold_loss":0.0,"damage_taken":0.0,"relics_obtained":["Nunchaku"],"cards_obtained":["Regret"]},{"damage_healed":0.0,"max_hp_gain":0.0,"max_hp_loss":0.0,"gold_gain":0.0,"event_name":"Shining Light","player_choice":"Entered Light","floor":4.0,"gold_loss":0.0,"damage_taken":16.0,"cards_upgraded":["Defend_R","Defend_R"]},{"damage_healed":0.0,"max_hp_gain":0.0,"max_hp_loss":0.0,"gold_gain":0.0,"event_name":"Living Wall","player_choice":"Grow","floor":11.0,"gold_loss":0.0,"damage_taken":0.0,"cards_upgraded":["Uppercut"]},{"damage_healed":0.0,"max_hp_gain":0.0,"max_hp_loss":24.0,"gold_gain":0.0,"event_name":"Vampires","player_choice":"Became a vampire","floor":19.0,"gold_loss":0.0,"damage_taken":0.0,"cards_obtained":["Bite","Bite","Bite","Bite","Bite"]},{"damage_healed":0.0,"max_hp_gain":5.0,"max_hp_loss":0.0,"gold_gain":0.0,"event_name":"Forgotten Altar","player_choice":"Shed Blood","floor":20.0,"gold_loss":0.0,"damage_taken":14.0},{"damage_healed":0.0,"max_hp_gain":0.0,"max_hp_loss":0.0,"gold_gain":0.0,"event_name":"Masked Bandits","player_choice":"Fought Bandits","floor":21.0,"gold_loss":0.0,"damage_taken":0.0}],"is_beta":false,"boss_relics":[{"not_picked":["Black Blood","Empty Cage"],"picked":"Runic Dome"}],"items_purged_floors":[3],"is_endless":false,"potions_floor_spawned":[12,13,16,21,24,28,30,31],"killed_by":"Champ","ascension_level":11}