{"gold_per_floor":[114,124,135,210,228,228,228,241,289,289],"floor_reached":10,"playtime":271,"items_purged":[],"score":99,"play_id":"417863bc-327e-4fc4-ba93-6adcbbbb9dc6","local_time":"20190427002503","is_ascension_mode":true,"campfire_choices":[{"data":"Cleave","floor":6,"key":"SMITH"}],"neow_cost":"NONE","seed_source_timestamp":117242135455769,"circlet_count":0,"master_deck":["AscendersBane","Strike_R","Strike_R","Strike_R","Strike_R","Strike_R","Defend_R","Defend_R","Defend_R","Defend_R","Bash","Cleave+1","Ghostly Armor"],"relics":["Burning Blood","Boot"],"potions_floor_usage":[8,10],"damage_taken":[{"damage":16,"enemies":"Small Slimes","floor":1,"turns":5},{"damage":10,"enemies":"Jaw Worm","floor":2,"turns":6},{"damage":1,"enemies":"Cultist","floor":3,"turns":3},{"damage":11,"enemies":"3 Louse","floor":5,"turns":3},{"damage":19,"enemies":"Exordium Thugs","floor":8,"turns":4},{"damage":30,"enemies":"Lagavulin","floor":10,"turns":3}],"seed_played":"-5293208084457294944","potions_obtained":[{"floor":0,"key":"Dexterity Potion"},{"floor":0,"key":"Block Potion"},{"floor":0,"key":"SteroidPotion"}],"is_trial":false,"path_per_floor":["M","M","M","?","M","R","?","M","T","E"],"character_chosen":"IRONCLAD","items_purchased":[],"campfire_rested":0,"item_purchase_floors":[],"current_hp_per_floor":[62,58,63,52,47,47,39,26,26,0],"gold":289,"neow_bonus":"THREE_SMALL_POTIONS","is_prod":false,"is_daily":false,"chose_seed":false,"campfire_upgraded":1,"win_rate":0,"timestamp":1556346303,"path_taken":["M","M","M","?","M","R","?","M","T","E"],"build_version":"2019-01-23","purchased_purges":0,"victory":false,"max_hp_per_floor":[80,80,80,80,80,80,80,80,80,80],"card_choices":[{"not_picked":["Shrug It Off","Spot Weakness","Anger"],"picked":"SKIP","floor":1},{"not_picked":["Power Through","Clothesline"],"picked":"Cleave","floor":2},{"not_picked":["Thunderclap","Flex"],"picked":"Ghostly Armor","floor":3},{"not_picked":["Brutality","Rage","Blood for Blood"],"picked":"SKIP","floor":5},{"not_picked":["Havoc","Heavy Blade","Wild Strike"],"picked":"SKIP","floor":8}],"player_experience":545202,"relics_obtained":[{"floor":9,"key":"Boot"}],"event_choices":[{"damage_healed":0,"gold_gain":75,"player_choice":"Gather Gold","damage_taken":11,"max_hp_gain":0,"max_hp_loss":0,"event_name":"World of Goop","floor":4,"gold_loss":0},{"damage_healed":0,"gold_gain":0,"player_choice":"Damaged","damage_taken":8,"max_hp_gain":0,"max_hp_loss":0,"event_name":"Wheel of Change","floor":7,"gold_loss":0}],"is_beta":false,"boss_relics":[],"items_purged_floors":[],"is_endless":false,"potions_floor_spawned":[2,5],"killed_by":"Lagavulin","ascension_level":13}