{"path_per_floor":["M","?","?","$","T","E","R","M","T","?","M","R","M","E","R","B",null,"M","$","M","M","?","R","E","M","T","R","M","M","R","M","R","B",null,"M","?","?","M","M","R","E","R","T","M","R","M","R","?","R","B"],"character_chosen":"IRONCLAD","items_purchased":["Paper Frog","Inflame"],"gold_per_floor":[118,118,118,43,68,109,109,128,182,212,233,233,258,302,302,432,432,446,14,28,47,137,137,177,202,280,280,293,311,311,330,330,453,453,476,532,532,551,575,575,608,608,635,656,656,679,679,679,679,679],"floor_reached":51,"campfire_rested":2,"playtime":2923,"item_purchase_floors":[19,19],"current_hp_per_floor":[80,60,42,42,42,16,40,46,46,46,51,51,57,68,68,12,80,80,80,68,65,33,33,17,9,19,46,51,57,57,44,44,41,90,81,80,80,90,83,83,49,49,49,55,55,64,64,93,93,65],"items_purged":["Strike_R","Strike_R"],"gold":679,"score":732,"play_id":"002554f8-2b05-4b4c-ad33-b8fc24b9f599","local_time":"20180527215041","is_prod":false,"is_daily":false,"chose_seed":false,"is_ascension_mode":false,"campfire_upgraded":10,"win_rate":0,"timestamp":1527421841,"campfire_choices":[{"floor":7,"key":"REST"},{"data":"Shockwave","floor":12,"key":"SMITH"},{"data":"Pommel Strike","floor":15,"key":"SMITH"},{"data":"Limit Break","floor":23,"key":"SMITH"},{"floor":27,"key":"REST"},{"data":"Shrug It Off","floor":30,"key":"SMITH"},{"data":"Inflame","floor":32,"key":"SMITH"},{"data":"Barricade","floor":40,"key":"SMITH"},{"data":"Shrug It Off","floor":42,"key":"SMITH"},{"data":"Pommel Strike","floor":45,"key":"SMITH"},{"data":"Bash","floor":47,"key":"SMITH"},{"data":"Blind","floor":49,"key":"SMITH"}],"path_taken":["M","?","?","$","?","E","R","?","T","?","M","R","M","E","R","BOSS","M","$","M","M","?","R","E","M","T","R","M","M","R","M","R","BOSS","M","?","?","M","M","R","E","R","T","M","R","M","R","?","R","BOSS"],"build_version":"2018-05-24","seed_source_timestamp":32287931784070,"purchased_purges":2,"victory":true,"master_deck":["Strike_R","Strike_R","Defend_R","Defend_R","Defend_R","Defend_R","Bash+1","Cleave","Shockwave+1","Headbutt","Pommel Strike+1","Limit Break+1","Inflame+1","Blind+1","Swift Strike","Entrench+1","Whirlwind+1","Shrug It Off+1","Pommel Strike+1","Barricade+1","Shrug It Off+1","Shrug It Off+1","Warcry+1","Inflame+1","Writhe"],"max_hp_per_floor":[80,80,80,80,80,80,80,80,80,80,80,80,80,80,80,80,80,80,80,80,80,80,80,80,80,90,90,90,90,90,90,90,90,90,90,90,90,90,90,90,90,90,90,90,90,90,90,96,96,96],"relics":["Burning Blood","Orichalcum","Golden Idol","Centennial Puzzle","Vajra","Darkstone Periapt","Ancient Tea Set","Lantern","Velvet Choker","Paper Frog","Bird Faced Urn","Pear","Sozu","Champion Belt","Mercury Hourglass","Bag of Marbles"],"card_choices":[{"not_picked":["Blood for Blood","Pommel Strike"],"picked":"Cleave","floor":1},{"not_picked":["Berserk","Perfected Strike"],"picked":"Shockwave","floor":6},{"not_picked":["Rupture","Blood for Blood","Iron Wave"],"picked":"SKIP","floor":8},{"not_picked":["Havoc","Cleave"],"picked":"Headbutt","floor":11},{"not_picked":["Havoc","Clothesline"],"picked":"Pommel Strike","floor":13},{"not_picked":["Anger","Second Wind","Hemokinesis"],"picked":"SKIP","floor":14},{"not_picked":["Fiend Fire","Reaper"],"picked":"Limit Break","floor":16},{"not_picked":["Warcry+1","Metallicize+1","Seeing Red"],"picked":"SKIP","floor":18},{"not_picked":["Burning Pact","Headbutt+1","Clash"],"picked":"SKIP","floor":20},{"not_picked":["Combust","Iron Wave","Burning Pact"],"picked":"SKIP","floor":21},{"not_picked":["Havoc+1","Armaments"],"picked":"Entrench+1","floor":24},{"not_picked":["Thunderclap","Havoc"],"picked":"Whirlwind+1","floor":25},{"not_picked":["Armaments","Clothesline"],"picked":"Shrug It Off","floor":28},{"not_picked":["Corruption","Flex","Bloodletting"],"picked":"SKIP","floor":29},{"not_picked":["Bludgeon","Spot Weakness"],"picked":"Pommel Strike","floor":31},{"not_picked":["Immolate","Offering"],"picked":"Barricade","floor":33},{"not_picked":["Combust","Evolve+1"],"picked":"Shrug It Off","floor":35},{"not_picked":["Armaments","Dual Wield","Twin Strike"],"picked":"SKIP","floor":38},{"not_picked":["Anger","Fire Breathing+1"],"picked":"Shrug It Off+1","floor":39},{"not_picked":["Dropkick","Brutality"],"picked":"Warcry+1","floor":41},{"not_picked":["Carnage+1","Spot Weakness"],"picked":"Inflame+1","floor":44},{"not_picked":["Armaments","Pommel Strike","Whirlwind"],"picked":"SKIP","floor":46}],"player_experience":81693,"potions_floor_usage":[14,24,25,50,50],"damage_taken":[{"damage":0,"enemies":"2 Louse","floor":1,"turns":3},{"damage":32,"enemies":"Lagavulin","floor":6,"turns":6},{"damage":0,"enemies":"Small Slimes","floor":8,"turns":2},{"damage":1,"enemies":"Cultist","floor":11,"turns":3},{"damage":0,"enemies":"Exordium Wildlife","floor":13,"turns":2},{"damage":3,"enemies":"Gremlin Nob","floor":14,"turns":4},{"damage":62,"enemies":"Hexaghost","floor":16,"turns":11},{"damage":3,"enemies":"Shell Parasite","floor":18,"turns":4},{"damage":18,"enemies":"Spheric Guardian","floor":20,"turns":4},{"damage":9,"enemies":"Centurion and Healer","floor":21,"turns":4},{"damage":22,"enemies":"Slavers","floor":24,"turns":3},{"damage":16,"enemies":"Sentry and Sphere","floor":25,"turns":5},{"damage":1,"enemies":"Cultist and Chosen","floor":28,"turns":3},{"damage":2,"enemies":"Centurion and Healer","floor":29,"turns":3},{"damage":21,"enemies":"Sentry and Sphere","floor":31,"turns":4},{"damage":11,"enemies":"Champ","floor":33,"turns":6},{"damage":15,"enemies":"3 Shapes","floor":35,"turns":2},{"damage":9,"enemies":"Mysterious Sphere","floor":36,"turns":4},{"damage":0,"enemies":"Orb Walker","floor":38,"turns":5},{"damage":13,"enemies":"4 Shapes","floor":39,"turns":2},{"damage":44,"enemies":"Nemesis","floor":41,"turns":7},{"damage":0,"enemies":"3 Darklings","floor":44,"turns":1},{"damage":1,"enemies":"Sphere and 2 Shapes","floor":46,"turns":3},{"damage":40,"enemies":"Donu and Deca","floor":50,"turns":7}],"relics_obtained":[{"floor":5,"key":"Vajra"},{"floor":6,"key":"Darkstone Periapt"},{"floor":9,"key":"Ancient Tea Set"},{"floor":14,"key":"Lantern"},{"floor":24,"key":"Bird Faced Urn"},{"floor":26,"key":"Pear"},{"floor":36,"key":"Champion Belt"},{"floor":41,"key":"Mercury Hourglass"},{"floor":43,"key":"Bag of Marbles"}],"event_choices":[{"event_name":"Golden Idol","player_choice":"Take Damage","floor":2,"damage_taken":0},{"event_name":"Scrap Ooze","player_choice":"success","floor":3,"damage_taken":18},{"event_name":"Dead Adventurer","player_choice":"Searched \u00271\u0027 times","floor":10,"damage_taken":0},{"event_name":"Knowing Skull","player_choice":"CARD CARD GOLD ","floor":22,"damage_taken":0},{"event_name":"Knowing Skull","player_choice":"CARD CARD GOLD ","floor":22,"damage_taken":0},{"event_name":"Mysterious Sphere","player_choice":"Fight","floor":36,"damage_taken":0},{"event_name":"Winding Halls","player_choice":"Writhe","floor":48,"damage_taken":0}],"boss_relics":[{"not_picked":["Black Blood","Runic Dome"],"picked":"Velvet Choker"},{"not_picked":["Runic Pyramid","Black Star"],"picked":"Sozu"}],"items_purged_floors":[4,19],"potions_floor_spawned":[11,13,14,16,20,24,28,29,33,36,39,46],"seed_played":"-4288835262053161954","ascension_level":0,"potions_obtained":[{"floor":11,"key":"Ancient Potion"},{"floor":13,"key":"BloodPotion"},{"floor":14,"key":"Explosive Potion"},{"floor":16,"key":"Explosive Potion"},{"floor":24,"key":"Weak Potion"},{"floor":28,"key":"Strength Potion"}],"is_trial":false}