{"gold_per_floor":[118,118,118,43,43,43,69,87,117,129,149,224,224,234,234,312,362,382,402,215,215],"floor_reached":21,"playtime":848,"items_purged":["Regret","Strike_G"],"score":408,"play_id":"b2ef6418-45fe-4e8b-94f9-8d2c1729488a","local_time":"20190331113007","is_ascension_mode":true,"campfire_choices":[{"data":"Survivor","floor":6,"key":"SMITH"},{"data":"Backflip","floor":13,"key":"SMITH"},{"data":"Noxious Fumes","floor":15,"key":"SMITH"}],"neow_cost":"NONE","seed_source_timestamp":224281275547776,"circlet_count":0,"master_deck":["AscendersBane","Defend_G","Defend_G","Defend_G","Defend_G","Defend_G+1","Strike_G","Strike_G","Strike_G","Strike_G+1","Survivor+1","Neutralize+1","Flying Knee+1","Backflip+1","Endless Agony+1","Dagger Spray+1","Escape Plan","Noxious Fumes+1","Deadly Poison","Deflect+1","Footwork"],"relics":["Ring of the Snake","NeowsBlessing","Pantograph","Molten Egg 2","Tiny Chest","Tiny House"],"potions_floor_usage":[18,19,19],"damage_taken":[{"damage":0,"enemies":"Jaw Worm","floor":1,"turns":1},{"damage":0,"enemies":"3 Sentries","floor":7,"turns":1},{"damage":0,"enemies":"2 Louse","floor":8,"turns":1},{"damage":0,"enemies":"Cultist","floor":10,"turns":3},{"damage":10,"enemies":"Large Slime","floor":11,"turns":7},{"damage":1,"enemies":"Blue Slaver","floor":14,"turns":3},{"damage":18,"enemies":"The Guardian","floor":16,"turns":11},{"damage":6,"enemies":"Chosen","floor":18,"turns":5},{"damage":12,"enemies":"Shell Parasite","floor":19,"turns":6}],"seed_played":"-7117214845321692370","potions_obtained":[{"floor":8,"key":"Block Potion"},{"floor":17,"key":"Block Potion"},{"floor":18,"key":"Regen Potion"}],"is_trial":false,"path_per_floor":["M","?","?","$","?","R","E","M","T","M","M","?","R","M","R","B",null,"M","M","$","?"],"character_chosen":"THE_SILENT","items_purchased":["Footwork"],"campfire_rested":0,"item_purchase_floors":[20],"current_hp_per_floor":[59,39,39,39,39,39,39,39,39,39,29,18,18,17,17,24,61,55,58,58,37],"gold":215,"neow_bonus":"THREE_ENEMY_KILL","is_prod":false,"is_daily":false,"chose_seed":false,"campfire_upgraded":3,"win_rate":0,"timestamp":1554053407,"path_taken":["M","?","?","$","?","R","E","?","T","?","M","?","R","M","R","BOSS","M","M","$","?"],"build_version":"2019-01-23","purchased_purges":2,"victory":false,"max_hp_per_floor":[66,66,66,66,66,66,66,66,66,66,66,66,66,66,66,66,71,71,71,71,71],"card_choices":[{"not_picked":["Sucker Punch","Crippling Poison"],"picked":"Flying Knee","floor":1},{"not_picked":["Bane","Distraction"],"picked":"Backflip","floor":7},{"not_picked":["Tactician","Blade Dance"],"picked":"Endless Agony+1","floor":8},{"not_picked":["Prepared","Dagger Throw+1"],"picked":"Dagger Spray+1","floor":10},{"not_picked":["Finisher+1","Poisoned Stab+1"],"picked":"Escape Plan","floor":11},{"not_picked":["Crippling Poison","Backstab+1"],"picked":"Noxious Fumes","floor":14},{"not_picked":["Poisoned Stab+1","Dagger Throw+1"],"picked":"Deadly Poison","floor":17},{"not_picked":["Finisher+1","All Out Attack+1"],"picked":"Deflect+1","floor":18},{"not_picked":["Poisoned Stab+1","Cloak And Dagger","Acrobatics"],"picked":"SKIP","floor":19}],"player_experience":387174,"relics_obtained":[{"floor":7,"key":"Molten Egg 2"},{"floor":9,"key":"Tiny Chest"}],"event_choices":[{"damage_healed":0,"gold_gain":0,"player_choice":"Entered Light","damage_taken":20,"max_hp_gain":0,"max_hp_loss":0,"event_name":"Shining Light","floor":2,"gold_loss":0,"cards_upgraded":["Neutralize","Strike_G"]},{"damage_healed":0,"gold_gain":0,"player_choice":"Box","damage_taken":0,"relics_obtained":["Pantograph"],"max_hp_gain":0,"max_hp_loss":0,"event_name":"Big Fish","floor":3,"gold_loss":0,"cards_obtained":["Regret"]},{"damage_healed":0,"gold_gain":0,"player_choice":"Grow","damage_taken":0,"max_hp_gain":0,"max_hp_loss":0,"event_name":"Living Wall","floor":5,"gold_loss":0,"cards_upgraded":["Flying Knee"]},{"damage_healed":0,"gold_gain":75,"player_choice":"Gather Gold","damage_taken":11,"max_hp_gain":0,"max_hp_loss":0,"event_name":"World of Goop","floor":12,"gold_loss":0},{"damage_healed":0,"gold_gain":0,"player_choice":"Obtained Book","damage_taken":21,"max_hp_gain":0,"max_hp_loss":0,"event_name":"Cursed Tome","floor":21,"gold_loss":0}],"is_beta":false,"boss_relics":[{"not_picked":["Eternal Feather","Philosopher\u0027s Stone"],"picked":"Tiny House"}],"items_purged_floors":[4,20],"is_endless":false,"potions_floor_spawned":[8,18],"ascension_level":20}