{"gold_per_floor":[113,113,113,163,179,179,193,225,225,225,225,245,395,63,63,63],"floor_reached":16,"playtime":394,"items_purged":["Doubt"],"score":172,"play_id":"788b8a3f-bc85-487a-b4a9-e0640f87be6f","local_time":"20190524141834","is_ascension_mode":true,"campfire_choices":[{"data":"Heavy Blade","floor":6,"key":"SMITH"},{"data":"Uppercut","floor":11,"key":"SMITH"},{"data":"Bash","floor":15,"key":"SMITH"}],"neow_cost":"TEN_PERCENT_HP_LOSS","seed_source_timestamp":275006981793264,"circlet_count":0,"master_deck":["AscendersBane","Strike_R","Strike_R","Strike_R","Strike_R","Strike_R","Defend_R","Defend_R","Defend_R","Bash+1","Bandage Up+1","Finesse","Ghostly Armor","Heavy Blade+1","Uppercut+1"],"special_seed":0,"relics":["Burning Blood","Mango","Bottled Flame","Golden Idol","Paper Frog"],"potions_floor_usage":[],"damage_taken":[{"damage":8.0,"enemies":"Jaw Worm","floor":1.0,"turns":5.0},{"damage":5,"enemies":"Small Slimes","floor":5,"turns":3},{"damage":10,"enemies":"2 Louse","floor":7,"turns":3},{"damage":37,"enemies":"Gremlin Nob","floor":8,"turns":5},{"damage":18,"enemies":"Lots of Slimes","floor":12,"turns":6},{"damage":53,"enemies":"Hexaghost","floor":16,"turns":10}],"seed_played":"-8440990178954381919","potions_obtained":[{"floor":5,"key":"Energy Potion"},{"floor":7,"key":"Ancient Potion"}],"is_trial":false,"path_per_floor":["M","?","?","?","M","R","M","E","T","?","R","M","?","$","R","B"],"character_chosen":"IRONCLAD","items_purchased":["Paper Frog"],"campfire_rested":0,"item_purchase_floors":[14],"current_hp_per_floor":[68,68,61,55,62,62,64,53,53,53,53,47,47,47,47,0],"gold":63,"neow_bonus":"RANDOM_COLORLESS_2","is_prod":false,"is_daily":false,"chose_seed":false,"campfire_upgraded":3,"win_rate":0,"timestamp":1558729114,"path_taken":["M","?","?","?","M","R","?","E","T","?","R","M","?","$","R","BOSS"],"build_version":"2019-01-23","purchased_purges":1,"victory":false,"max_hp_per_floor":[68,68,68,68,68,68,68,82,82,74,74,74,74,74,74,74],"card_choices":[{"not_picked":["Clash","Burning Pact"],"picked":"Ghostly Armor","floor":1.0},{"not_picked":["Clash","Power Through"],"picked":"Heavy Blade","floor":5},{"not_picked":["Pommel Strike","Wild Strike"],"picked":"Uppercut","floor":7},{"not_picked":["Bludgeon","Combust","Bloodletting"],"picked":"SKIP","floor":8},{"not_picked":["Spot Weakness","Ghostly Armor","Twin Strike"],"picked":"SKIP","floor":12}],"player_experience":582625,"relics_obtained":[{"floor":8,"key":"Mango"},{"floor":9,"key":"Bottled Flame"}],"event_choices":[{"damage_healed":0.0,"max_hp_gain":0.0,"max_hp_loss":0.0,"gold_gain":0.0,"event_name":"Living Wall","player_choice":"Grow","floor":2.0,"gold_loss":0.0,"damage_taken":0.0,"cards_upgraded":["Bandage Up"]},{"cards_removed":["Defend_R"],"damage_healed":0.0,"max_hp_gain":0.0,"max_hp_loss":0.0,"gold_gain":0.0,"event_name":"Golden Wing","player_choice":"Card Removal","floor":3.0,"gold_loss":0.0,"damage_taken":7.0},{"damage_healed":0,"gold_gain":50,"player_choice":"Touch","damage_taken":6,"max_hp_gain":0,"max_hp_loss":0,"event_name":"FaceTrader","floor":4,"gold_loss":0},{"damage_healed":0,"gold_gain":0,"player_choice":"Lose Max HP","damage_taken":0,"relics_obtained":["Golden Idol"],"max_hp_gain":0,"max_hp_loss":8,"event_name":"Golden Idol","floor":10,"gold_loss":0},{"damage_healed":0,"gold_gain":150,"player_choice":"AGREE","damage_taken":0,"max_hp_gain":0,"max_hp_loss":0,"event_name":"Liars Game","floor":13,"gold_loss":0,"cards_obtained":["Doubt"]}],"is_beta":false,"boss_relics":[],"items_purged_floors":[14],"is_endless":false,"potions_floor_spawned":[5,7],"killed_by":"Hexaghost","ascension_level":15}