{"path_per_floor":["M","M","?","M","M","E","R","E","T","?","R","M","R","M","R"],"character_chosen":"IRONCLAD","items_purchased":[],"gold_per_floor":[113,125,125,144,159,185,185,219,300,300,300,314,314,325,325,325],"floor_reached":16,"campfire_rested":1,"playtime":604,"item_purchase_floors":[],"current_hp_per_floor":[80,80,80,80,80,37,37,21,21,5,29,31,31,36,36,0],"items_purged":[],"gold":325,"score":118,"play_id":"f7df0a3e-3c09-4edb-b4a7-ecf5d14a9395","local_time":"20180601173252","is_prod":false,"is_daily":false,"chose_seed":false,"is_ascension_mode":true,"campfire_upgraded":3,"win_rate":0,"timestamp":1527838372,"campfire_choices":[{"data":"Pommel Strike","floor":7,"key":"SMITH"},{"floor":11,"key":"REST"},{"data":"Twin Strike","floor":13,"key":"SMITH"},{"data":"Bash","floor":15,"key":"SMITH"}],"path_taken":["M","M","?","M","M","E","R","E","T","?","R","M","R","M","R","BOSS"],"build_version":"2018-05-30v2","seed_source_timestamp":29898553342557,"purchased_purges":0,"victory":false,"master_deck":["Strike_R","Strike_R","Strike_R","Strike_R+1","Defend_R","Defend_R","Defend_R","Defend_R+1","Bash+1","Power Through+1","Pommel Strike+1","Twin Strike+1"],"max_hp_per_floor":[80,80,80,80,80,80,80,80,80,80,80,80,80,80,80,80],"relics":["Burning Blood","Potion Belt","Unceasing Top","Smiling Mask"],"card_choices":[{"not_picked":["Anger","Pummel","Ghostly Armor"],"picked":"SKIP","floor":1},{"not_picked":["Dropkick","Sword Boomerang","Warcry"],"picked":"SKIP","floor":2},{"not_picked":["Body Slam","Sentinel","Dropkick"],"picked":"SKIP","floor":4},{"not_picked":["Intimidate","Power Through","Clash"],"picked":"SKIP","floor":5},{"not_picked":["Clothesline","Shrug It Off"],"picked":"Pommel Strike","floor":6},{"not_picked":["Searing Blow","Sword Boomerang","Blood for Blood"],"picked":"SKIP","floor":8},{"not_picked":["Armaments","Feel No Pain"],"picked":"Twin Strike","floor":12},{"not_picked":["Blood for Blood","Body Slam","Searing Blow"],"picked":"SKIP","floor":14}],"player_experience":42158,"potions_floor_usage":[],"damage_taken":[{"damage":1,"enemies":"Cultist","floor":1,"turns":3},{"damage":5,"enemies":"Small Slimes","floor":2,"turns":4},{"damage":0,"enemies":"Jaw Worm","floor":4,"turns":3},{"damage":0,"enemies":"Looter","floor":5,"turns":4},{"damage":49,"enemies":"Lagavulin","floor":6,"turns":8},{"damage":22,"enemies":"Gremlin Nob","floor":8,"turns":5},{"damage":4,"enemies":"Blue Slaver","floor":12,"turns":5},{"damage":1,"enemies":"3 Louse","floor":14,"turns":4},{"damage":40,"enemies":"Hexaghost","floor":16,"turns":9}],"relics_obtained":[{"floor":6,"key":"Potion Belt"},{"floor":8,"key":"Unceasing Top"},{"floor":9,"key":"Smiling Mask"}],"event_choices":[{"event_name":"Living Wall","player_choice":"Change","floor":3,"damage_taken":0},{"event_name":"Shining Light","player_choice":"Entered Light","floor":10,"damage_taken":0}],"boss_relics":[],"items_purged_floors":[],"potions_floor_spawned":[2,4,5],"seed_played":"-702644297547395513","killed_by":"Hexaghost","ascension_level":1,"potions_obtained":[{"floor":2,"key":"FearPotion"},{"floor":4,"key":"Explosive Potion"},{"floor":5,"key":"Strength Potion"}],"is_trial":false}