{"gold_per_floor":[109,124,139,159,159,198,220,246,258,270,305,63,63,73,73,173,173,160,160,160,175,175,208,208,133,159,159,12,22,35,45,45,45],"floor_reached":33,"playtime":1480,"items_purged":["Strike_B"],"score":325,"play_id":"355cc688-d5dd-4a91-892b-23c07e2db5bd","local_time":"20190605120749","is_ascension_mode":true,"campfire_choices":[{"floor":10.0,"key":"REST"},{"floor":15,"key":"REST"},{"data":"Defragment","floor":24,"key":"SMITH"},{"data":"Defragment","floor":27,"key":"SMITH"},{"floor":32,"key":"REST"}],"neow_cost":"NONE","seed_source_timestamp":404537199871090,"circlet_count":0,"master_deck":["Strike_B","Strike_B","Defend_B","Defend_B","Defend_B","Defend_B","Zap","Dualcast","Ball Lightning","Coolheaded","Defragment+1","Auto Shields","Ball Lightning","Conserve Battery","Echo Form","Compile Driver","BootSequence","Defragment+1","Core Surge","Go for the Eyes"],"special_seed":0,"relics":["Cracked Core","MawBank","DataDisk","Omamori","Mummified Hand","Nuclear Battery","Happy Flower","Vajra","Bronze Scales"],"potions_floor_usage":[16,16,18,23,30,33,33],"damage_taken":[{"damage":11.0,"enemies":"Small Slimes","floor":1.0,"turns":5.0},{"damage":8.0,"enemies":"Jaw Worm","floor":2.0,"turns":4.0},{"damage":1.0,"enemies":"Cultist","floor":3.0,"turns":3.0},{"damage":3.0,"enemies":"3 Louse","floor":4.0,"turns":3.0},{"damage":12.0,"enemies":"Gremlin Nob","floor":6.0,"turns":3.0},{"damage":0.0,"enemies":"Large Slime","floor":7.0,"turns":4.0},{"damage":21.0,"enemies":"Lots of Slimes","floor":8.0,"turns":4.0},{"damage":14.0,"enemies":"3 Louse","floor":11.0,"turns":4.0},{"damage":10,"enemies":"Exordium Thugs","floor":14,"turns":4},{"damage":19,"enemies":"The Guardian","floor":16,"turns":14},{"damage":14,"enemies":"2 Thieves","floor":18,"turns":4},{"damage":0,"enemies":"Shell Parasite","floor":21,"turns":6},{"damage":14,"enemies":"Gremlin Leader","floor":23,"turns":7},{"damage":14,"enemies":"Centurion and Healer","floor":29,"turns":6},{"damage":10,"enemies":"Sentry and Sphere","floor":30,"turns":5},{"damage":14,"enemies":"Snake Plant","floor":31,"turns":2},{"damage":52,"enemies":"Champ","floor":33,"turns":8}],"seed_played":"7897601550023691029","potions_obtained":[{"floor":1.0,"key":"Block Potion"},{"floor":3.0,"key":"AttackPotion"},{"floor":8.0,"key":"Dexterity Potion"},{"floor":11,"key":"Block Potion"},{"floor":14,"key":"SkillPotion"},{"floor":16,"key":"AttackPotion"},{"floor":18,"key":"Regen Potion"},{"floor":23,"key":"Swift Potion"},{"floor":31,"key":"Strength Potion"}],"is_trial":false,"path_per_floor":["M","M","M","M","?","E","M","M","T","R","M","$","?","M","R","B",null,"M","?","?","M","?","E","R","$","T","R","$","M","M","M","R","B"],"character_chosen":"DEFECT","items_purchased":["Mummified Hand","Bronze Scales"],"campfire_rested":3,"item_purchase_floors":[12,28],"current_hp_per_floor":[64,56,55,52,45,33,33,12,12,34,20,20,20,10,32,13,75,61,61,61,61,61,47,47,47,47,47,47,33,23,9,31,0],"gold":45,"neow_bonus":"REMOVE_CARD","is_prod":false,"is_daily":false,"chose_seed":false,"campfire_upgraded":2,"win_rate":0,"timestamp":1559758069,"path_taken":["M","M","M","M","?","E","M","M","T","R","M","$","?","?","R","BOSS","M","?","?","?","?","E","R","$","T","R","?","M","M","M","R","BOSS"],"build_version":"2019-01-23","purchased_purges":1,"victory":false,"max_hp_per_floor":[75,75,75,75,75,75,75,75,75,75,75,75,75,75,75,75,75,75,75,75,75,75,75,75,75,75,75,75,75,75,75,75,75],"card_choices":[{"not_picked":["Genetic Algorithm","Steam","Gash"],"picked":"SKIP","floor":1.0},{"not_picked":["Barrage","Gash"],"picked":"Ball Lightning","floor":2.0},{"not_picked":["Consume","Steam"],"picked":"Coolheaded","floor":3.0},{"not_picked":["Genetic Algorithm","Hologram"],"picked":"Defragment","floor":4.0},{"not_picked":["Barrage","Coolheaded","FTL"],"picked":"SKIP","floor":6.0},{"not_picked":["Double Energy","Self Repair"],"picked":"Auto Shields","floor":7.0},{"not_picked":["Steam","Consume"],"picked":"Ball Lightning","floor":8.0},{"not_picked":["Genetic Algorithm","Leap"],"picked":"Conserve Battery","floor":11},{"not_picked":["Redo","Ball Lightning","Tempest"],"picked":"SKIP","floor":14},{"not_picked":["Reboot","Electrodynamics"],"picked":"Echo Form","floor":16},{"not_picked":["Gash","Scrape"],"picked":"Compile Driver","floor":18},{"not_picked":["Streamline+1","Barrage","Cold Snap+1"],"picked":"SKIP","floor":21},{"not_picked":["Redo","Defragment"],"picked":"Core Surge","floor":23},{"not_picked":["Cold Snap","Gash+1"],"picked":"Go for the Eyes","floor":29},{"not_picked":["Static Discharge","Force Field+1","Streamline"],"picked":"SKIP","floor":30},{"not_picked":["Double Energy+1","Darkness","Coolheaded"],"picked":"SKIP","floor":31}],"player_experience":674148,"relics_obtained":[{"floor":6.0,"key":"DataDisk"},{"floor":9.0,"key":"Omamori"},{"floor":23,"key":"Happy Flower"},{"floor":26,"key":"Vajra"}],"event_choices":[{"damage_healed":0.0,"max_hp_gain":0.0,"max_hp_loss":0.0,"gold_gain":0.0,"event_name":"Scrap Ooze","player_choice":"Success","floor":5.0,"gold_loss":0.0,"damage_taken":7.0,"relics_obtained":["MawBank"]},{"damage_healed":0,"gold_gain":0,"player_choice":"Cursed","damage_taken":0,"max_hp_gain":0,"max_hp_loss":0,"event_name":"Wheel of Change","floor":13,"gold_loss":0,"cards_obtained":["Decay"]},{"damage_healed":0,"gold_gain":0,"player_choice":"Read","damage_taken":0,"max_hp_gain":0,"max_hp_loss":0,"event_name":"The Library","floor":19,"gold_loss":0,"cards_obtained":["BootSequence"]},{"damage_healed":0,"gold_gain":0,"player_choice":"Ignored","damage_taken":0,"max_hp_gain":0,"max_hp_loss":0,"event_name":"N\u0027loth","floor":20,"gold_loss":0},{"damage_healed":0,"gold_gain":0,"player_choice":"Copied","damage_taken":0,"max_hp_gain":0,"max_hp_loss":0,"event_name":"Duplicator","floor":22,"gold_loss":0,"cards_obtained":["Defragment"]}],"is_beta":false,"boss_relics":[{"not_picked":["Snecko Eye","Pandora\u0027s Box"],"picked":"Nuclear Battery"}],"items_purged_floors":[25],"is_endless":false,"potions_floor_spawned":[1,3,8,11,14,16,18,23,31],"killed_by":"Champ","ascension_level":4}