{"gold_per_floor":[112,34,34,34,49,49,77,90,90,70,90,90,124,124],"floor_reached":14,"playtime":434,"items_purged":[],"score":191,"play_id":"c60bf791-f8b8-4af5-b56b-3a008de76bfb","local_time":"20190330222840","is_ascension_mode":true,"campfire_choices":[{"data":"Noxious Fumes","floor":6,"key":"SMITH"},{"data":"Dash","floor":12,"key":"SMITH"}],"neow_cost":"NONE","seed_source_timestamp":177808869825200,"circlet_count":0,"master_deck":["AscendersBane","Defend_G","Defend_G","Defend_G","Defend_G","Defend_G","Strike_G","Strike_G","Strike_G","Survivor","Neutralize+1","Dagger Spray","Noxious Fumes+1","Dash+1","Noxious Fumes","Footwork"],"relics":["Ring of the Snake","Bottled Tornado","Matryoshka","Darkstone Periapt"],"potions_floor_usage":[7,13,13],"damage_taken":[{"damage":0,"enemies":"Cultist","floor":1,"turns":4},{"damage":1,"enemies":"Small Slimes","floor":5,"turns":4},{"damage":19,"enemies":"3 Sentries","floor":7,"turns":7},{"damage":0,"enemies":"2 Louse","floor":8,"turns":3},{"damage":10,"enemies":"Exordium Thugs","floor":11,"turns":4},{"damage":20,"enemies":"Gremlin Nob","floor":13,"turns":5},{"damage":7,"enemies":"Lots of Slimes","floor":14,"turns":1}],"seed_played":"-1067230754615337113","potions_obtained":[{"floor":5,"key":"Explosive Potion"},{"floor":7,"key":"AttackPotion"},{"floor":8,"key":"PowerPotion"}],"is_trial":false,"path_per_floor":["M","$","?","?","M","R","E","M","T","?","M","R","E","M"],"character_chosen":"THE_SILENT","items_purchased":["Noxious Fumes"],"campfire_rested":0,"item_purchase_floors":[2],"current_hp_per_floor":[59,59,52,52,51,51,32,32,32,32,22,22,2,0],"gold":124,"neow_bonus":"UPGRADE_CARD","is_prod":false,"is_daily":false,"chose_seed":false,"campfire_upgraded":2,"win_rate":0,"timestamp":1554006520,"path_taken":["M","$","?","?","?","R","E","M","T","?","M","R","E","M"],"build_version":"2019-01-23","purchased_purges":0,"victory":false,"max_hp_per_floor":[66,66,66,66,66,66,66,66,66,66,66,66,66,66],"card_choices":[{"not_picked":["Bane","Finisher"],"picked":"Dagger Spray","floor":1},{"not_picked":["Distraction","Flying Knee","Bane"],"picked":"SKIP","floor":5},{"not_picked":["Leg Sweep","Outmaneuver"],"picked":"Dash","floor":7},{"not_picked":["PiercingWail","Expertise","Flying Knee"],"picked":"SKIP","floor":8},{"not_picked":["Flying Knee","Cloak And Dagger"],"picked":"Noxious Fumes","floor":11},{"not_picked":["Die Die Die","Bouncing Flask"],"picked":"Footwork","floor":13}],"player_experience":370521,"relics_obtained":[{"floor":7,"key":"Bottled Tornado"},{"floor":9,"key":"Matryoshka"},{"floor":13,"key":"Darkstone Periapt"}],"event_choices":[{"cards_removed":["Strike_G"],"damage_healed":0,"gold_gain":0,"player_choice":"Card Removal","damage_taken":7,"max_hp_gain":0,"max_hp_loss":0,"event_name":"Golden Wing","floor":3,"gold_loss":0},{"cards_removed":["Strike_G"],"damage_healed":0,"gold_gain":0,"player_choice":"Purged","damage_taken":0,"max_hp_gain":0,"max_hp_loss":0,"event_name":"Purifier","floor":4,"gold_loss":0},{"damage_healed":0,"gold_gain":0,"player_choice":"Bought 1 Potion","damage_taken":0,"max_hp_gain":0,"max_hp_loss":0,"event_name":"The Woman in Blue","floor":10,"gold_loss":0}],"is_beta":false,"boss_relics":[],"items_purged_floors":[],"is_endless":false,"potions_floor_spawned":[5,7,8],"killed_by":"Lots of Slimes","ascension_level":19}