{"gold_per_floor":[114,129,147,158,177,193,193,208,234,252,252,270,127,127,127,226,226,246,246,42,42,37,37,48,61,115,115,115,115,128,147,147,250,250,263,279,279,292,312,312],"floor_reached":40,"playtime":2116,"items_purged":[],"score":388,"play_id":"72dea190-d2a0-473b-8825-aa12882912e5","local_time":"20181106183310","is_ascension_mode":false,"campfire_choices":[{"data":"Chaos","floor":7,"key":"SMITH"},{"floor":11,"key":"RECALL"},{"floor":15,"key":"REST"},{"floor":23,"key":"REST"},{"data":"Creative AI","floor":28,"key":"SMITH"},{"floor":32,"key":"REST"}],"neow_cost":"NONE","seed_source_timestamp":2505981308862,"circlet_count":0,"master_deck":["Strike_B","Strike_B","Defend_B","Defend_B","Defend_B","Defend_B","Zap","Dualcast","Panacea","Coolheaded","Beam Cell","Gash","Chaos+1","Sweeping Beam","Conserve Battery","Go for the Eyes","Loop","Self Repair","Seek","Creative AI+1","Leap","Conserve Battery+1","Barrage+1","Writhe","Coolheaded","BootSequence+1","Amplify","Go for the Eyes+1","Defragment","Loop+1","Meteor Strike"],"relics":["Cracked Core","DataDisk","Art of War","Empty Cage","Enchiridion","Runic Capacitor","Letter Opener","Cursed Key"],"potions_floor_usage":[12,16,16,22,31],"damage_taken":[{"damage":1,"enemies":"Cultist","floor":1,"turns":3},{"damage":0,"enemies":"Jaw Worm","floor":2,"turns":4},{"damage":0,"enemies":"Small Slimes","floor":3,"turns":3},{"damage":12,"enemies":"Blue Slaver","floor":4,"turns":3},{"damage":3,"enemies":"Large Slime","floor":5,"turns":5},{"damage":6,"enemies":"Looter","floor":6,"turns":3},{"damage":12,"enemies":"3 Louse","floor":8,"turns":3},{"damage":0,"enemies":"Exordium Thugs","floor":10,"turns":4},{"damage":1,"enemies":"Lots of Slimes","floor":12,"turns":3},{"damage":43,"enemies":"Hexaghost","floor":16,"turns":12},{"damage":16,"enemies":"Shell Parasite","floor":18,"turns":7},{"damage":24,"enemies":"2 Thieves","floor":22,"turns":5},{"damage":12,"enemies":"Shelled Parasite and Fungi","floor":24,"turns":6},{"damage":10,"enemies":"Centurion and Healer","floor":25,"turns":7},{"damage":12,"enemies":"3 Cultists","floor":30,"turns":4},{"damage":11,"enemies":"Chosen and Byrds","floor":31,"turns":7},{"damage":34,"enemies":"Automaton","floor":33,"turns":8},{"damage":15,"enemies":"3 Darklings","floor":35,"turns":3},{"damage":0,"enemies":"Orb Walker","floor":36,"turns":4},{"damage":22,"enemies":"3 Darklings","floor":38,"turns":6},{"damage":3,"enemies":"Transient","floor":39,"turns":5},{"damage":63,"enemies":"Reptomancer","floor":40,"turns":2}],"seed_played":"4839208455076014988","potions_obtained":[{"floor":4,"key":"SkillPotion"},{"floor":5,"key":"EssenceOfSteel"},{"floor":6,"key":"SteroidPotion"},{"floor":10,"key":"Fire Potion"},{"floor":18,"key":"Swift Potion"},{"floor":30,"key":"Weak Potion"},{"floor":33,"key":"Dexterity Potion"},{"floor":35,"key":"Poison Potion"},{"floor":39,"key":"Fire Potion"}],"is_trial":false,"path_per_floor":["M","M","M","M","M","M","R","M","T","M","R","M","$","?","R","B",null,"M","?","$","?","M","R","M","M","T","?","R","?","M","M","R","B",null,"M","M","$","M","M","E"],"character_chosen":"DEFECT","items_purchased":["Seek","Runic Capacitor"],"campfire_rested":3,"item_purchase_floors":[13,20],"current_hp_per_floor":[74,74,74,62,59,53,53,41,41,41,41,40,40,22,44,8,75,66,50,50,50,26,48,43,40,40,40,40,40,35,24,46,19,75,67,67,67,45,49,0],"gold":312,"neow_bonus":"RANDOM_COLORLESS","is_prod":false,"is_daily":false,"chose_seed":false,"campfire_upgraded":2,"win_rate":0,"timestamp":1541489590,"path_taken":["M","M","M","M","M","M","R","?","T","M","R","M","?","?","R","BOSS","M","?","$","?","M","R","M","M","T","?","R","?","M","M","R","BOSS","M","M","$","M","M","E"],"build_version":"2018-11-02","purchased_purges":0,"victory":false,"max_hp_per_floor":[75,75,75,75,75,75,75,75,75,75,75,75,75,75,75,75,75,75,75,75,75,75,75,75,75,75,75,75,75,75,75,75,75,75,75,75,75,75,75,75],"card_choices":[{"not_picked":["Glacier","Steam Power"],"picked":"Coolheaded","floor":1},{"not_picked":["Rebound","Reinforced Body"],"picked":"Beam Cell","floor":2},{"not_picked":["Hologram","Beam Cell"],"picked":"Gash","floor":3},{"not_picked":["Cold Snap","Lockon"],"picked":"Chaos","floor":4},{"not_picked":["Meteor Strike","Barrage"],"picked":"Sweeping Beam","floor":5},{"not_picked":["Recycle","Leap"],"picked":"Conserve Battery","floor":6},{"not_picked":["Sweeping Beam","Double Energy"],"picked":"Go for the Eyes","floor":8},{"not_picked":["Compile Driver","Redo"],"picked":"Loop","floor":10},{"not_picked":["Streamline","Cold Snap"],"picked":"Self Repair","floor":12},{"not_picked":["Hyperbeam","Reboot"],"picked":"Creative AI","floor":16},{"not_picked":["Steam","FTL"],"picked":"Leap","floor":18},{"not_picked":["Recycle+1","Beam Cell"],"picked":"Conserve Battery+1","floor":22},{"not_picked":["Leap","Steam Power"],"picked":"Barrage+1","floor":24},{"not_picked":["Turbo","Doom and Gloom","Recycle"],"picked":"SKIP","floor":25},{"not_picked":["Storm","Compile Driver"],"picked":"Coolheaded","floor":30},{"not_picked":["Barrage","Beam Cell"],"picked":"BootSequence+1","floor":31},{"not_picked":["Seek","Machine Learning"],"picked":"Amplify","floor":33},{"not_picked":["Barrage","Cold Snap"],"picked":"Go for the Eyes+1","floor":35},{"not_picked":["Stack+1","Self Repair+1"],"picked":"Defragment","floor":36},{"not_picked":["Coolheaded","Gash+1"],"picked":"Loop+1","floor":38},{"not_picked":["Coolheaded+1","Leap"],"picked":"Meteor Strike","floor":39}],"player_experience":183690,"relics_obtained":[{"floor":9,"key":"DataDisk"},{"floor":19,"key":"Enchiridion"}],"event_choices":[{"damage_healed":0,"gold_gain":0,"player_choice":"Success","damage_taken":18,"relics_obtained":["Art of War"],"max_hp_gain":0,"max_hp_loss":0,"event_name":"Scrap Ooze","floor":14,"gold_loss":0},{"damage_healed":0,"gold_gain":0,"player_choice":"Obtained Book","damage_taken":16,"max_hp_gain":0,"max_hp_loss":0,"event_name":"Cursed Tome","floor":19,"gold_loss":0},{"damage_healed":0,"gold_gain":0,"player_choice":"Ignored","damage_taken":0,"max_hp_gain":0,"max_hp_loss":0,"event_name":"Beggar","floor":21,"gold_loss":0},{"damage_healed":0,"gold_gain":0,"player_choice":"Ignored","damage_taken":0,"max_hp_gain":0,"max_hp_loss":0,"event_name":"Vampires","floor":27,"gold_loss":0},{"damage_healed":0,"gold_gain":0,"player_choice":"Opened","damage_taken":0,"relics_obtained":["Letter Opener"],"max_hp_gain":0,"max_hp_loss":0,"event_name":"The Mausoleum","floor":29,"gold_loss":0,"cards_obtained":["Writhe"]}],"is_beta":true,"boss_relics":[{"not_picked":["Calling Bell","Pandora\u0027s Box"],"picked":"Empty Cage"},{"not_picked":["Inserter","Sozu"],"picked":"Cursed Key"}],"items_purged_floors":[],"is_endless":false,"potions_floor_spawned":[4,5,6,10,18,30,33,35,39],"killed_by":"Reptomancer","ascension_level":0}