{"gold_per_floor":[359,42,42,54,54,89,104,104,104,133,150,163,163,189,189,293,293,308,161,174,6,6,34,34,47,47,47,47,61,61,61,61,166,166,179,198,211,311,9,9,34,34,34,86,386,411,424,100,100,100],"floor_reached":51,"playtime":2190,"items_purged":["Clumsy","Strike_R"],"score":1245,"play_id":"10be2fa0-695c-49dd-882c-4f3a84775219","local_time":"20190426114317","is_ascension_mode":true,"campfire_choices":[{"data":"Twin Strike","floor":8.0,"key":"SMITH"},{"data":"Cleave","floor":13.0,"key":"SMITH"},{"data":"Dark Shackles","floor":15.0,"key":"SMITH"},{"data":"Heavy Blade","floor":28,"key":"SMITH"},{"data":"Flame Barrier","floor":30,"key":"SMITH"},{"floor":32,"key":"REST"},{"data":"Inflame","floor":40,"key":"SMITH"},{"data":"Ghostly Armor","floor":49,"key":"SMITH"}],"neow_cost":"CURSE","seed_source_timestamp":69479972233663,"circlet_count":0,"master_deck":["AscendersBane","Strike_R+1","Strike_R+1","Defend_R+1","Defend_R+1","Defend_R+1","Defend_R+1","Bash","Dark Shackles+1","Twin Strike+1","Cleave+1","Immolate","Heavy Blade+1","Inflame+1","Havoc+1","Flame Barrier+1","Ghostly Armor+1","Impervious","Cleave+1","Carnage+1"],"special_seed":0,"relics":["Burning Blood","Vajra","Dead Branch","Letter Opener","Prayer Wheel","Regal Pillow","Blood Vial","Sozu","Bag of Preparation","Blue Candle","Pen Nib","Molten Egg 2","Nilry\u0027s Codex","Busted Crown","FossilizedHelix","Ice Cream","Red Skull","Mummified Hand","Ginger","Oddly Smooth Stone","Du-Vu Doll"],"potions_floor_usage":[],"damage_taken":[{"damage":14.0,"enemies":"2 Louse","floor":1.0,"turns":4.0},{"damage":10.0,"enemies":"Small Slimes","floor":4.0,"turns":3.0},{"damage":27.0,"enemies":"Lagavulin","floor":6.0,"turns":8.0},{"damage":0.0,"enemies":"Cultist","floor":7.0,"turns":3.0},{"damage":10.0,"enemies":"3 Sentries","floor":10.0,"turns":7.0},{"damage":3.0,"enemies":"Blue Slaver","floor":11.0,"turns":3.0},{"damage":0.0,"enemies":"Exordium Wildlife","floor":12.0,"turns":2.0},{"damage":33.0,"enemies":"Slime Boss","floor":16.0,"turns":9.0},{"damage":13.0,"enemies":"3 Byrds","floor":18.0,"turns":4.0},{"damage":11.0,"enemies":"Shell Parasite","floor":20.0,"turns":4.0},{"damage":15.0,"enemies":"Slavers","floor":23.0,"turns":2.0},{"damage":18,"enemies":"Shelled Parasite and Fungi","floor":25,"turns":4},{"damage":8,"enemies":"Snake Plant","floor":29,"turns":4},{"damage":50,"enemies":"Automaton","floor":33,"turns":8},{"damage":0,"enemies":"Orb Walker","floor":35,"turns":3},{"damage":12,"enemies":"3 Shapes","floor":36,"turns":3},{"damage":0,"enemies":"3 Darklings","floor":37,"turns":2},{"damage":0,"enemies":"Mind Bloom Boss Battle","floor":38,"turns":7},{"damage":0,"enemies":"Reptomancer","floor":41,"turns":6},{"damage":0,"enemies":"2 Orb Walkers","floor":44,"turns":4},{"damage":7,"enemies":"Nemesis","floor":46,"turns":7},{"damage":0,"enemies":"Transient","floor":47,"turns":5},{"damage":36,"enemies":"Awakened One","floor":50,"turns":10}],"seed_played":"-1127264486314769429","potions_obtained":[{"floor":1.0,"key":"Explosive Potion"},{"floor":6.0,"key":"Block Potion"},{"floor":16.0,"key":"Fire Potion"}],"is_trial":false,"path_per_floor":["M","$","?","M","?","E","M","R","T","E","M","M","R","T","R","B",null,"M","$","M","$","?","E","T","M","T","?","R","M","R","?","R","B",null,"M","M","M","?","$","R","E","?","T","?","?","E","M","$","R","B",null],"character_chosen":"IRONCLAD","items_purchased":["Vajra","Dark Shackles","Bag of Preparation","Inflame","Ice Cream","Du-Vu Doll","Carnage+1"],"campfire_rested":1,"item_purchase_floors":[2,2,19,21,39,48,48],"current_hp_per_floor":[64,64,46,42,42,21,27,27,27,23,26,32,32,32,32,7,62,57,57,54,54,54,47,47,37,37,37,37,37,37,21,60,18,65,73,69,77,80,80,80,80,80,80,80,80,79,80,80,80,50],"gold":100,"neow_bonus":"TWO_FIFTY_GOLD","is_prod":false,"is_daily":false,"chose_seed":false,"campfire_upgraded":7,"win_rate":0,"timestamp":1556300597,"path_taken":["M","$","?","M","?","E","M","R","T","E","?","M","R","?","R","BOSS","M","$","M","$","?","E","?","M","T","?","R","?","R","?","R","BOSS","M","M","M","?","$","R","E","?","T","?","?","E","M","$","R","BOSS"],"build_version":"2019-01-23","purchased_purges":2,"victory":true,"max_hp_per_floor":[80,80,80,80,80,80,80,80,80,80,80,80,80,80,80,80,80,80,80,80,80,80,80,80,80,80,80,80,80,80,80,80,80,80,80,80,80,80,80,80,80,80,80,80,80,80,80,80,80,80],"card_choices":[{"not_picked":["Warcry","Combust","Armaments"],"picked":"SKIP","floor":1.0},{"not_picked":["Pommel Strike","Second Wind"],"picked":"Twin Strike","floor":4.0},{"not_picked":["Hemokinesis","Dropkick","Evolve"],"picked":"SKIP","floor":6.0},{"not_picked":["Battle Trance","Hemokinesis","Second Wind"],"picked":"SKIP","floor":7.0},{"not_picked":["Twin Strike","Entrench","Battle Trance"],"picked":"SKIP","floor":10.0},{"not_picked":["Headbutt","Body Slam"],"picked":"Cleave","floor":11.0},{"not_picked":["True Grit","Shockwave","Pommel Strike"],"picked":"SKIP","floor":11.0},{"not_picked":["Headbutt","Battle Trance","Disarm"],"picked":"SKIP","floor":12.0},{"not_picked":["Combust","Sword Boomerang","Power Through"],"picked":"SKIP","floor":12.0},{"not_picked":["Berserk","Bludgeon"],"picked":"Immolate","floor":16.0},{"not_picked":["Headbutt","Blood for Blood","Sword Boomerang"],"picked":"SKIP","floor":18.0},{"not_picked":["Headbutt","Hemokinesis","Sentinel+1"],"picked":"SKIP","floor":18.0},{"not_picked":["Sentinel","Rage"],"picked":"Heavy Blade","floor":20.0},{"not_picked":["Sword Boomerang","Burning Pact","Battle Trance"],"picked":"SKIP","floor":20.0},{"not_picked":["Second Wind","Sword Boomerang","Double Tap"],"picked":"SKIP","floor":23.0},{"not_picked":["Searing Blow","Cleave"],"picked":"Havoc+1","floor":25},{"not_picked":["Wild Strike+1","Rage","Headbutt"],"picked":"SKIP","floor":25},{"not_picked":["Second Wind","Wild Strike+1"],"picked":"Flame Barrier","floor":29},{"not_picked":["Thunderclap+1","Rupture"],"picked":"Ghostly Armor","floor":29},{"not_picked":["Limit Break","Feed+1"],"picked":"Impervious","floor":33},{"not_picked":["Power Through"],"picked":"SKIP","floor":35},{"not_picked":["Anger+1"],"picked":"SKIP","floor":35},{"not_picked":[],"picked":"Cleave+1","floor":36},{"not_picked":["Wild Strike+1"],"picked":"SKIP","floor":36},{"not_picked":["Sentinel"],"picked":"SKIP","floor":37},{"not_picked":["Cleave+1"],"picked":"SKIP","floor":37},{"not_picked":["Flex"],"picked":"SKIP","floor":41},{"not_picked":["Pummel+1"],"picked":"SKIP","floor":46},{"not_picked":["Thunderclap+1"],"picked":"SKIP","floor":47},{"not_picked":["Perfected Strike+1"],"picked":"SKIP","floor":47}],"player_experience":542323,"relics_obtained":[{"floor":6.0,"key":"Letter Opener"},{"floor":9.0,"key":"Prayer Wheel"},{"floor":10.0,"key":"Regal Pillow"},{"floor":14.0,"key":"Blood Vial"},{"floor":23.0,"key":"Blue Candle"},{"floor":24.0,"key":"Pen Nib"},{"floor":26,"key":"Molten Egg 2"},{"floor":31,"key":"Nilry\u0027s Codex"},{"floor":38,"key":"FossilizedHelix"},{"floor":41,"key":"Red Skull"},{"floor":43,"key":"Mummified Hand"},{"floor":44,"key":"Ginger"},{"floor":46,"key":"Oddly Smooth Stone"}],"event_choices":[{"damage_healed":0.0,"max_hp_gain":0.0,"max_hp_loss":0.0,"gold_gain":0.0,"event_name":"Scrap Ooze","player_choice":"Success","floor":3.0,"gold_loss":0.0,"damage_taken":18.0,"relics_obtained":["Dead Branch"]},{"cards_removed":["Strike_R"],"damage_healed":0.0,"max_hp_gain":0.0,"max_hp_loss":0.0,"gold_gain":0.0,"event_name":"Purifier","player_choice":"Purged","floor":5.0,"gold_loss":0.0,"damage_taken":0.0},{"damage_healed":0,"gold_gain":0,"player_choice":"Simplicity","damage_taken":0,"max_hp_gain":0,"max_hp_loss":0,"event_name":"Back to Basics","floor":27,"gold_loss":0,"cards_upgraded":["Strike_R","Strike_R","Strike_R","Defend_R","Defend_R","Defend_R","Defend_R"]},{"damage_healed":0,"gold_gain":0,"player_choice":"Obtained Book","damage_taken":16,"max_hp_gain":0,"max_hp_loss":0,"event_name":"Cursed Tome","floor":31,"gold_loss":0},{"damage_healed":0,"gold_gain":0,"player_choice":"Fight","damage_taken":0,"max_hp_gain":0,"max_hp_loss":0,"event_name":"MindBloom","floor":38,"gold_loss":0},{"cards_removed":["Strike_R"],"damage_healed":0,"gold_gain":0,"player_choice":"Removed Attack","damage_taken":0,"max_hp_gain":0,"max_hp_loss":0,"event_name":"Falling","floor":42,"gold_loss":0},{"damage_healed":0,"gold_gain":0,"player_choice":"Fight","damage_taken":0,"max_hp_gain":0,"max_hp_loss":0,"event_name":"Mysterious Sphere","floor":44,"gold_loss":0},{"damage_healed":0,"gold_gain":300,"player_choice":"Gold","damage_taken":0,"max_hp_gain":0,"max_hp_loss":0,"event_name":"Wheel of Change","floor":45,"gold_loss":0}],"is_beta":false,"boss_relics":[{"not_picked":["Runic Dome","Runic Cube"],"picked":"Sozu"},{"not_picked":["Empty Cage","Velvet Choker"],"picked":"Busted Crown"}],"items_purged_floors":[2,21],"is_endless":false,"potions_floor_spawned":[1,6,16,18,23,33,36,41,44,46,47],"ascension_level":12}