{"gold_per_floor":[167,167,185,202,202,202,215,250,275,275,275],"floor_reached":11,"playtime":343,"items_purged":[],"score":146,"play_id":"15f988f3-472d-4f17-9f9e-3c8cf9c55432","local_time":"20190404235345","is_ascension_mode":true,"campfire_choices":[{"data":"Deadly Poison","floor":6,"key":"SMITH"},{"floor":10,"key":"REST"}],"neow_cost":"NONE","seed_source_timestamp":615006215403887,"circlet_count":0,"master_deck":["AscendersBane","Defend_G+1","Defend_G","Defend_G","Defend_G","Defend_G","Strike_G","Strike_G","Strike_G","Strike_G","Strike_G+1","Survivor","Neutralize+1","Quick Slash","Dagger Spray+1","Deadly Poison+1","Well Laid Plans","Poisoned Stab"],"relics":["Tiny House","Ancient Tea Set","Potion Belt"],"potions_floor_usage":[7,8,11],"damage_taken":[{"damage":9,"enemies":"Cultist","floor":1,"turns":4},{"damage":1,"enemies":"Jaw Worm","floor":3,"turns":3},{"damage":7,"enemies":"Small Slimes","floor":4,"turns":2},{"damage":5,"enemies":"Gremlin Gang","floor":7,"turns":2},{"damage":13,"enemies":"3 Sentries","floor":8,"turns":8},{"damage":41,"enemies":"Gremlin Nob","floor":11,"turns":4}],"seed_played":"-8000299448174762571","potions_obtained":[{"floor":0,"key":"Block Potion"},{"floor":4,"key":"Explosive Potion"},{"floor":7,"key":"Dexterity Potion"}],"is_trial":false,"path_per_floor":["M","?","M","M","?","R","M","E","T","R","E"],"character_chosen":"THE_SILENT","items_purchased":[],"campfire_rested":1,"item_purchase_floors":[],"current_hp_per_floor":[55,55,54,47,26,26,21,8,8,29,0],"gold":275,"neow_bonus":"BOSS_RELIC","is_prod":false,"is_daily":false,"chose_seed":false,"campfire_upgraded":1,"win_rate":0,"timestamp":1554443625,"path_taken":["M","?","M","M","?","R","M","E","T","R","E"],"build_version":"2019-01-23","purchased_purges":0,"victory":false,"max_hp_per_floor":[71,71,71,71,71,71,71,71,71,71,71],"card_choices":[{"not_picked":["Backflip","Escape Plan"],"picked":"Quick Slash","floor":0},{"not_picked":["Sucker Punch","Catalyst"],"picked":"Dagger Spray","floor":1},{"not_picked":["Heel Hook","Corpse Explosion"],"picked":"Deadly Poison","floor":3},{"not_picked":["Bane","Masterful Stab","Prepared"],"picked":"SKIP","floor":4},{"not_picked":["Bane","Deadly Poison"],"picked":"Well Laid Plans","floor":7},{"not_picked":["Reflex","Prepared"],"picked":"Poisoned Stab","floor":8}],"player_experience":449863,"relics_obtained":[{"floor":8,"key":"Ancient Tea Set"},{"floor":9,"key":"Potion Belt"}],"event_choices":[{"damage_healed":0,"gold_gain":0,"player_choice":"Grow","damage_taken":0,"max_hp_gain":0,"max_hp_loss":0,"event_name":"Living Wall","floor":2,"gold_loss":0,"cards_upgraded":["Dagger Spray"]},{"damage_healed":0,"gold_gain":0,"player_choice":"Entered Light","damage_taken":21,"max_hp_gain":0,"max_hp_loss":0,"event_name":"Shining Light","floor":5,"gold_loss":0,"cards_upgraded":["Defend_G","Strike_G"]}],"is_beta":false,"boss_relics":[],"items_purged_floors":[],"is_endless":false,"potions_floor_spawned":[4,7],"killed_by":"Gremlin Nob","ascension_level":20}