{"gold_per_floor":[117,117,28,43,43,43,53,53,76,76,86,86,118,134,134,207,207,217,61,61,79,42,42],"floor_reached":23,"playtime":1449,"items_purged":["Strike_B"],"score":350,"play_id":"d0ec8265-c031-43ba-843c-b871df9e9ead","local_time":"20190606141206","is_ascension_mode":true,"campfire_choices":[{"data":"Blind","floor":6,"key":"SMITH"},{"data":"Zap","floor":8,"key":"SMITH"},{"data":"Cold Snap","floor":12,"key":"SMITH"},{"data":"Defragment","floor":15,"key":"SMITH"}],"neow_cost":"NONE","seed_source_timestamp":427994727440300,"circlet_count":0,"master_deck":["AscendersBane","Strike_B+1","Strike_B+1","Defend_B","Defend_B","Defend_B","Defend_B","Zap+1","Dualcast","Ball Lightning","Blind+1","Cold Snap+1","Stack","Defragment+1","Machine Learning","Self Repair","Defragment","Coolheaded+1","Storm"],"relics":["Cracked Core","NeowsBlessing","Gambling Chip","Whetstone","Pear","Nuclear Battery"],"potions_floor_usage":[13,16,21],"damage_taken":[{"damage":0,"enemies":"2 Louse","floor":1,"turns":1},{"damage":0,"enemies":"Cultist","floor":4,"turns":1},{"damage":0,"enemies":"Small Slimes","floor":7,"turns":1},{"damage":15,"enemies":"3 Louse","floor":11,"turns":2},{"damage":21,"enemies":"3 Sentries","floor":13,"turns":7},{"damage":2,"enemies":"Red Slaver","floor":14,"turns":4},{"damage":10,"enemies":"Slime Boss","floor":16,"turns":9},{"damage":12,"enemies":"Shell Parasite","floor":18,"turns":5},{"damage":16,"enemies":"3 Byrds","floor":21,"turns":2},{"damage":47,"enemies":"Gremlin Leader","floor":23,"turns":6}],"seed_played":"-953748682079673697","potions_obtained":[{"floor":1,"key":"Explosive Potion"},{"floor":7,"key":"EssenceOfSteel"},{"floor":10,"key":"GamblersBrew"},{"floor":11,"key":"FocusPotion"},{"floor":13,"key":"LiquidBronze"}],"is_trial":false,"path_per_floor":["M","?","$","M","?","R","M","R","T","?","M","R","E","M","R","B",null,"M","$","?","M","$","E"],"character_chosen":"DEFECT","items_purchased":["Blind","Defragment","Storm"],"campfire_rested":0,"item_purchase_floors":[3,19,22],"current_hp_per_floor":[64,64,64,64,64,64,64,64,64,64,49,49,38,36,36,26,67,55,55,55,46,46,0],"gold":42,"neow_bonus":"THREE_ENEMY_KILL","is_prod":false,"is_daily":false,"chose_seed":false,"campfire_upgraded":4,"win_rate":0,"timestamp":1559851926,"path_taken":["M","?","$","?","?","R","M","R","T","?","M","R","E","M","R","BOSS","M","$","?","M","$","E"],"build_version":"2019-01-23","purchased_purges":1,"victory":false,"max_hp_per_floor":[71,71,71,71,71,71,71,71,71,71,71,71,81,81,81,81,81,81,81,81,81,81,81],"card_choices":[{"not_picked":["Skim","Static Discharge"],"picked":"Ball Lightning","floor":1},{"not_picked":["Auto Shields","Hello World","Recycle"],"picked":"SKIP","floor":4},{"not_picked":["Go for the Eyes","Storm"],"picked":"Cold Snap","floor":7},{"not_picked":["Tempest","Hologram"],"picked":"Stack","floor":11},{"not_picked":["Compile Driver","Melter"],"picked":"Defragment","floor":13},{"not_picked":["Blizzard","Leap","Redo"],"picked":"SKIP","floor":14},{"not_picked":["Reboot","All For One"],"picked":"Machine Learning","floor":16},{"not_picked":["Glacier","Auto Shields"],"picked":"Self Repair","floor":18},{"not_picked":["Tempest","Hello World"],"picked":"Coolheaded+1","floor":21}],"player_experience":851639,"relics_obtained":[{"floor":9,"key":"Whetstone"},{"floor":13,"key":"Pear"}],"event_choices":[{"damage_healed":0,"gold_gain":0,"player_choice":"Gave Potion","damage_taken":0,"relics_obtained":["Gambling Chip"],"max_hp_gain":0,"max_hp_loss":0,"event_name":"WeMeetAgain","floor":2,"gold_loss":0},{"damage_healed":0,"gold_gain":0,"player_choice":"Leave","damage_taken":0,"max_hp_gain":0,"max_hp_loss":0,"event_name":"The Cleric","floor":5,"gold_loss":0},{"damage_healed":0,"gold_gain":0,"player_choice":"Got Potions","damage_taken":0,"max_hp_gain":0,"max_hp_loss":0,"event_name":"Lab","floor":10,"gold_loss":0},{"cards_removed":["Strike_B"],"damage_healed":0,"gold_gain":0,"player_choice":"Offered Basic","damage_taken":0,"max_hp_gain":0,"max_hp_loss":0,"event_name":"Bonfire Elementals","floor":20,"gold_loss":0}],"is_beta":false,"boss_relics":[{"not_picked":["Calling Bell","White Beast Statue"],"picked":"Nuclear Battery"}],"items_purged_floors":[19],"is_endless":false,"potions_floor_spawned":[1,7,11,13],"killed_by":"Gremlin Leader","ascension_level":17}