{"gold_per_floor":[119,131,144,124,124,124,143,143,194,194,125,150,82,92,92,196,196,208,208,222,239,259,259,259,275,321,321,334,360,372,287,287,391,391,408,408,418,432,432,432,463,463,511,211,265,265,265,285,285,285],"floor_reached":50,"playtime":2131,"items_purged":[],"score":542,"play_id":"1b4a8055-73ab-4ca1-b86d-9221004d0823","local_time":"20181123175117","is_ascension_mode":false,"campfire_choices":[{"data":"Zap","floor":6,"key":"SMITH"},{"data":"Dualcast","floor":8,"key":"SMITH"},{"data":"Melter","floor":10,"key":"SMITH"},{"data":"Defragment","floor":15,"key":"SMITH"},{"data":"Reboot","floor":23,"key":"SMITH"},{"data":"Beam Cell","floor":24,"key":"SMITH"},{"floor":27,"key":"RECALL"},{"floor":32,"key":"REST"},{"data":"Mind Blast","floor":40,"key":"SMITH"},{"floor":42,"key":"REST"},{"floor":46,"key":"DIG"},{"floor":49,"key":"DIG"}],"neow_cost":"PERCENT_DAMAGE","seed_source_timestamp":3567719161479,"circlet_count":0,"master_deck":["Strike_B","Strike_B","Strike_B","Defend_B","Defend_B","Defend_B","Defend_B","Zap+1","Dualcast+1","Steam","Melter+1","Cold Snap","Coolheaded","Reboot+1","Barrage","Defragment+1","All For One","Beam Cell+1","Beam Cell","Stack","Gash","Gash","Seek","Defragment","Cold Snap","Rebound+1","Mind Blast+1","Hologram+1","Parasite","Go for the Eyes","Conserve Battery+1","Chill"],"relics":["Cracked Core","WingedGreaves","Regal Pillow","Philosopher\u0027s Stone","Nloth\u0027s Gift","Centennial Puzzle","Letter Opener","Sozu","Bottled Tornado","Vajra","Shovel","Mango","Anchor","Bronze Scales"],"potions_floor_usage":[12,16,16,25,29],"damage_taken":[{"damage":6,"enemies":"Jaw Worm","floor":1,"turns":3},{"damage":1,"enemies":"Cultist","floor":2,"turns":4},{"damage":0,"enemies":"2 Louse","floor":3,"turns":2},{"damage":3,"enemies":"Large Slime","floor":7,"turns":6},{"damage":6,"enemies":"Gremlin Nob","floor":12,"turns":3},{"damage":10,"enemies":"Looter","floor":14,"turns":2},{"damage":12,"enemies":"Slime Boss","floor":16,"turns":10},{"damage":0,"enemies":"Chosen","floor":18,"turns":3},{"damage":20,"enemies":"3 Byrds","floor":20,"turns":5},{"damage":0,"enemies":"Sentry and Sphere","floor":21,"turns":3},{"damage":7,"enemies":"Centurion and Healer","floor":22,"turns":4},{"damage":1,"enemies":"Snecko","floor":25,"turns":4},{"damage":0,"enemies":"Chosen and Byrds","floor":28,"turns":4},{"damage":15,"enemies":"Slavers","floor":29,"turns":4},{"damage":8,"enemies":"Cultist and Chosen","floor":30,"turns":4},{"damage":0,"enemies":"Collector","floor":33,"turns":9},{"damage":3,"enemies":"3 Darklings","floor":35,"turns":4},{"damage":8,"enemies":"3 Shapes","floor":37,"turns":4},{"damage":19,"enemies":"Writhing Mass","floor":38,"turns":6},{"damage":34,"enemies":"Nemesis","floor":41,"turns":7},{"damage":19,"enemies":"2 Orb Walkers","floor":45,"turns":4},{"damage":1,"enemies":"Jaw Worm Horde","floor":48,"turns":2},{"damage":42,"enemies":"Time Eater","floor":50,"turns":4}],"seed_played":"-3639782242641142277","potions_obtained":[{"floor":2,"key":"SkillPotion"},{"floor":3,"key":"SkillPotion"},{"floor":4,"key":"FocusPotion"},{"floor":16,"key":"Ancient Potion"},{"floor":20,"key":"AttackPotion"},{"floor":22,"key":"GamblersBrew"},{"floor":25,"key":"Dexterity Potion"},{"floor":28,"key":"SteroidPotion"},{"floor":29,"key":"Dexterity Potion"}],"is_trial":false,"path_per_floor":["M","M","M","?","$","R","M","R","T","R","$","E","$","M","R","B",null,"M","?","M","M","M","R","R","M","T","R","M","E","M","?","R","B",null,"M","?","M","M","?","R","E","R","T","$","?","R","?","M","R","B"],"character_chosen":"DEFECT","items_purchased":["Reboot","Defragment","Shovel"],"campfire_rested":2,"item_purchase_floors":[11,13,44],"current_hp_per_floor":[48,47,47,47,47,47,44,44,44,44,44,38,38,28,28,16,75,75,75,55,55,48,48,48,47,47,47,47,32,24,24,61,61,75,72,72,64,45,45,45,11,48,48,48,43,43,43,42,42,0],"gold":285,"neow_bonus":"ONE_RARE_RELIC","is_prod":false,"is_daily":false,"chose_seed":false,"campfire_upgraded":7,"win_rate":0,"timestamp":1542955877,"path_taken":["M","M","M","?","$","R","?","R","T","R","$","E","?","?","R","BOSS","M","?","M","M","M","R","R","M","T","R","M","E","?","?","R","BOSS","M","?","M","M","?","R","E","R","T","$","?","R","?","?","R","BOSS"],"build_version":"2018-11-15","purchased_purges":0,"victory":false,"max_hp_per_floor":[75,75,75,75,75,75,75,75,75,75,75,75,75,75,75,75,75,75,75,75,75,75,75,75,75,75,75,75,75,75,75,75,75,75,75,75,75,75,75,75,75,75,75,75,89,89,89,89,89,89],"card_choices":[{"not_picked":["Barrage","Stack"],"picked":"Steam","floor":1},{"not_picked":["Turbo","Compile Driver"],"picked":"Melter","floor":2},{"not_picked":["Darkness","Skim"],"picked":"Cold Snap","floor":3},{"not_picked":["Hyperbeam","Steam"],"picked":"Coolheaded","floor":7},{"not_picked":["Compile Driver","Hologram"],"picked":"Barrage","floor":12},{"not_picked":["Reprogram","Barrage","Compile Driver"],"picked":"SKIP","floor":14},{"not_picked":["Thunder Strike","Reboot"],"picked":"All For One","floor":16},{"not_picked":["Streamline","Rebound"],"picked":"Beam Cell","floor":18},{"not_picked":["Barrage","Doom and Gloom"],"picked":"Beam Cell","floor":20},{"not_picked":["Heatsinks+1","Rip and Tear+1"],"picked":"Stack","floor":21},{"not_picked":["Steam Power","Beam Cell"],"picked":"Gash","floor":22},{"not_picked":["Melter","BootSequence"],"picked":"Gash","floor":25},{"not_picked":["Sunder","Redo"],"picked":"Seek","floor":28},{"not_picked":["Stack","Turbo"],"picked":"Defragment","floor":29},{"not_picked":["Core Surge","Genetic Algorithm"],"picked":"Cold Snap","floor":30},{"not_picked":["Hello World","Coolheaded+1"],"picked":"Rebound+1","floor":35},{"not_picked":["Enlightenment","Violence"],"picked":"Mind Blast","floor":36},{"not_picked":["Rebound","Barrage"],"picked":"Hologram+1","floor":37},{"not_picked":["Beam Cell","Compile Driver+1"],"picked":"Go for the Eyes","floor":38},{"not_picked":["Barrage+1","Hyperbeam","Stack+1"],"picked":"SKIP","floor":41},{"not_picked":["All For One","Steam+1"],"picked":"Conserve Battery+1","floor":45},{"not_picked":["Undo+1","Reinforced Body+1"],"picked":"Chill","floor":48}],"player_experience":214995,"relics_obtained":[{"floor":9,"key":"Oddly Smooth Stone"},{"floor":12,"key":"Regal Pillow"},{"floor":29,"key":"Centennial Puzzle"},{"floor":41,"key":"Bottled Tornado"},{"floor":43,"key":"Vajra"},{"floor":45,"key":"Mango"},{"floor":46,"key":"Anchor"},{"floor":49,"key":"Bronze Scales"}],"event_choices":[{"damage_healed":0,"gold_gain":0,"player_choice":"Bought 1 Potion","damage_taken":0,"max_hp_gain":0,"max_hp_loss":0,"event_name":"The Woman in Blue","floor":4,"gold_loss":0},{"damage_healed":0,"gold_gain":0,"player_choice":"Traded Relic","damage_taken":0,"relics_obtained":["Nloth\u0027s Gift"],"max_hp_gain":0,"max_hp_loss":0,"event_name":"N\u0027loth","floor":19,"relics_lost":["Oddly Smooth Stone"],"gold_loss":0},{"damage_healed":0,"gold_gain":0,"player_choice":"Obtained Relic","damage_taken":0,"relics_obtained":["Letter Opener"],"max_hp_gain":0,"max_hp_loss":0,"event_name":"Addict","floor":31,"gold_loss":85},{"damage_healed":0,"gold_gain":0,"player_choice":"Memory 1","damage_taken":0,"max_hp_gain":0,"max_hp_loss":0,"event_name":"SensoryStone","floor":36,"gold_loss":0},{"cards_removed":["Strike_B"],"damage_healed":0,"gold_gain":0,"player_choice":"Removed Attack","damage_taken":0,"max_hp_gain":0,"max_hp_loss":0,"event_name":"Falling","floor":39,"gold_loss":0},{"damage_healed":0,"gold_gain":0,"player_choice":"Fight","damage_taken":0,"max_hp_gain":0,"max_hp_loss":0,"event_name":"Mysterious Sphere","floor":45,"gold_loss":0},{"damage_healed":0,"gold_gain":0,"player_choice":"Got Potions","damage_taken":0,"max_hp_gain":0,"max_hp_loss":0,"event_name":"Lab","floor":47,"gold_loss":0}],"is_beta":true,"boss_relics":[{"not_picked":["Snecko Eye","Runic Pyramid"],"picked":"Philosopher\u0027s Stone"},{"not_picked":["Empty Cage","Busted Crown"],"picked":"Sozu"}],"items_purged_floors":[],"is_endless":false,"potions_floor_spawned":[2,3,16,20,22,25,28,29,35,45],"killed_by":"Time Eater","ascension_level":0}