{"gold_per_floor":[112,132,147,162,182,182,208,283,307,332,332,345,345,357,357,357],"floor_reached":16,"playtime":690,"items_purged":[],"score":114,"play_id":"f85c4d5c-0695-485b-b1cd-d180faaef26f","local_time":"20181108211927","is_ascension_mode":false,"campfire_choices":[{"data":"Echo Form","floor":6,"key":"SMITH"},{"floor":13,"key":"REST"},{"floor":15,"key":"RECALL"}],"neow_cost":"NONE","seed_source_timestamp":26815686250048,"circlet_count":0,"master_deck":["Strike_B","Strike_B","Strike_B","Strike_B","Defend_B","Defend_B","Defend_B","Defend_B","Zap","Dualcast","Echo Form+1","Streamline","Steam","Leap","Sweeping Beam","Coolheaded","Conserve Battery","Aggregate","Chaos","Cold Snap"],"relics":["Cracked Core","Question Card","Lantern","Anchor"],"potions_floor_usage":[16],"damage_taken":[{"damage":2,"enemies":"Jaw Worm","floor":1,"turns":4},{"damage":8,"enemies":"2 Louse","floor":2,"turns":2},{"damage":0,"enemies":"Cultist","floor":3,"turns":3},{"damage":1,"enemies":"Looter","floor":4,"turns":3},{"damage":11,"enemies":"Large Slime","floor":5,"turns":4},{"damage":6,"enemies":"Lagavulin","floor":7,"turns":10},{"damage":20,"enemies":"Gremlin Nob","floor":10,"turns":5},{"damage":0,"enemies":"2 Fungi Beasts","floor":12,"turns":4},{"damage":1,"enemies":"Exordium Thugs","floor":14,"turns":6},{"damage":40,"enemies":"Hexaghost","floor":16,"turns":11}],"seed_played":"9203115293318612465","potions_obtained":[{"floor":1,"key":"SteroidPotion"},{"floor":2,"key":"LiquidBronze"},{"floor":5,"key":"Swift Potion"},{"floor":10,"key":"Strength Potion"}],"is_trial":false,"path_per_floor":["M","M","M","M","M","R","E","?","T","E","?","M","R","M","R","B"],"character_chosen":"DEFECT","items_purchased":[],"campfire_rested":1,"item_purchase_floors":[],"current_hp_per_floor":[73,65,65,64,53,53,47,36,36,16,16,16,38,37,37,0],"gold":357,"neow_bonus":"ONE_RANDOM_RARE_CARD","is_prod":false,"is_daily":false,"chose_seed":false,"campfire_upgraded":1,"win_rate":0,"timestamp":1541672367,"path_taken":["M","M","M","M","M","R","E","?","T","E","?","M","R","?","R","BOSS"],"build_version":"2018-11-07","purchased_purges":0,"victory":false,"max_hp_per_floor":[75,75,75,75,75,75,75,75,75,75,75,75,75,75,75,75],"card_choices":[{"not_picked":["Doom and Gloom","Compile Driver"],"picked":"Streamline","floor":1},{"not_picked":["Redo","Self Repair"],"picked":"Steam","floor":2},{"not_picked":["Streamline","Redo"],"picked":"Leap","floor":3},{"not_picked":["Barrage","Auto Shields"],"picked":"Sweeping Beam","floor":4},{"not_picked":["Beam Cell","Reinforced Body"],"picked":"Coolheaded","floor":5},{"not_picked":["Chill","Streamline"],"picked":"Conserve Battery","floor":7},{"not_picked":["Chill","Hologram","Hello World"],"picked":"Aggregate","floor":10},{"not_picked":["Loop","Streamline","Glacier"],"picked":"Chaos","floor":12},{"not_picked":["Turbo","Amplify","Barrage"],"picked":"Cold Snap","floor":14}],"player_experience":200228,"relics_obtained":[{"floor":7,"key":"Question Card"},{"floor":9,"key":"Lantern"},{"floor":10,"key":"Anchor"}],"event_choices":[{"damage_healed":0,"gold_gain":75,"player_choice":"Gather Gold","damage_taken":11,"max_hp_gain":0,"max_hp_loss":0,"event_name":"World of Goop","floor":8,"gold_loss":0},{"damage_healed":0,"gold_gain":0,"player_choice":"Got Potions","damage_taken":0,"max_hp_gain":0,"max_hp_loss":0,"event_name":"Lab","floor":11,"gold_loss":0}],"is_beta":true,"boss_relics":[],"items_purged_floors":[],"is_endless":false,"potions_floor_spawned":[1,2,5,10,14],"killed_by":"Hexaghost","ascension_level":0}