{"gold_per_floor":[112,123,134,146,159,192,192,192],"floor_reached":8,"playtime":250,"items_purged":[],"score":60,"play_id":"9653415b-0f23-47b9-ab1d-2611e604677f","local_time":"20181112184222","is_ascension_mode":false,"campfire_choices":[],"neow_cost":"NONE","seed_source_timestamp":6896978810901,"circlet_count":0,"master_deck":["Strike_R","Strike_R","Strike_R","Strike_R","Defend_R","Defend_R","Defend_R","Defend_R","Bash","Thunderclap","Evolve","Infernal Blade","Rampage","Inflame","Feed","Whirlwind"],"relics":["Burning Blood","Dream Catcher","Turnip"],"potions_floor_usage":[],"damage_taken":[{"damage":2,"enemies":"2 Louse","floor":1,"turns":3},{"damage":6,"enemies":"Cultist","floor":2,"turns":3},{"damage":5,"enemies":"Jaw Worm","floor":3,"turns":5},{"damage":18,"enemies":"3 Louse","floor":4,"turns":4},{"damage":11,"enemies":"Blue Slaver","floor":5,"turns":4},{"damage":44,"enemies":"Lagavulin","floor":6,"turns":6},{"damage":26,"enemies":"Exordium Thugs","floor":8,"turns":2}],"seed_played":"-6045551872536455447","potions_obtained":[{"floor":2,"key":"Swift Potion"},{"floor":4,"key":"SteroidPotion"},{"floor":6,"key":"GamblersBrew"}],"is_trial":false,"path_per_floor":["M","M","M","M","M","E","?","M"],"character_chosen":"IRONCLAD","items_purchased":[],"campfire_rested":0,"item_purchase_floors":[],"current_hp_per_floor":[80,80,80,68,63,25,25,0],"gold":192,"neow_bonus":"RANDOM_COMMON_RELIC","is_prod":false,"is_daily":false,"chose_seed":false,"campfire_upgraded":0,"win_rate":0,"timestamp":1542008542,"path_taken":["M","M","M","M","M","E","?","M"],"build_version":"2018-11-08","purchased_purges":0,"victory":false,"max_hp_per_floor":[80,80,80,80,80,80,80,80],"card_choices":[{"not_picked":["True Grit","Body Slam"],"picked":"Thunderclap","floor":1},{"not_picked":["Heavy Blade","Iron Wave"],"picked":"Evolve","floor":2},{"not_picked":["True Grit","Clash"],"picked":"Infernal Blade","floor":3},{"not_picked":["Clothesline","Heavy Blade"],"picked":"Rampage","floor":4},{"not_picked":["Dropkick","Carnage"],"picked":"Inflame","floor":5},{"not_picked":["Heavy Blade","Fire Breathing"],"picked":"Feed","floor":6}],"player_experience":202280,"relics_obtained":[{"floor":6,"key":"Turnip"}],"event_choices":[{"damage_healed":0,"gold_gain":0,"cards_transformed":["Strike_R"],"player_choice":"Transformed","damage_taken":0,"max_hp_gain":0,"max_hp_loss":0,"event_name":"Transmorgrifier","floor":7,"gold_loss":0,"cards_obtained":["Whirlwind"]}],"is_beta":true,"boss_relics":[],"items_purged_floors":[],"is_endless":false,"potions_floor_spawned":[2,4,6],"killed_by":"Exordium Thugs","ascension_level":0}