{"gold_per_floor":[112,128,144,155,166,166,192,192,216,250,250,270,270,270,270,372,372,384,394,394,35,46,46,77,87,114,114,128,144,170,181,181,181],"floor_reached":33,"playtime":1900,"items_purged":["Pain"],"score":351,"play_id":"52f31722-9f83-4b65-9933-a4ab5dc0c4ce","local_time":"20190605142225","is_ascension_mode":true,"campfire_choices":[{"data":"Zap","floor":6.0,"key":"SMITH"},{"data":"Coolheaded","floor":8.0,"key":"SMITH"},{"floor":13.0,"key":"REST"},{"floor":15.0,"key":"REST"},{"data":"Sweeping Beam","floor":23.0,"key":"SMITH"},{"floor":27.0,"key":"REST"},{"floor":32,"key":"REST"}],"neow_cost":"NONE","seed_source_timestamp":412154832097851,"circlet_count":0,"master_deck":["Strike_B+1","Strike_B","Strike_B","Strike_B","Defend_B+1","Defend_B","Defend_B","Defend_B","Zap+1","Dualcast+1","Melter","Coolheaded+1","Sweeping Beam+1","Leap","Go for the Eyes+1","Undo+1","Capacitor","Melter+1"],"special_seed":0,"relics":["Cracked Core","Oddly Smooth Stone","Darkstone Periapt","Vajra","War Paint","Busted Crown","WarpedTongs","Symbiotic Virus","Bag of Marbles","Dream Catcher","Red Mask"],"potions_floor_usage":[],"damage_taken":[{"damage":0.0,"enemies":"Jaw Worm","floor":1.0,"turns":4.0},{"damage":0.0,"enemies":"Cultist","floor":2.0,"turns":3.0},{"damage":0.0,"enemies":"Small Slimes","floor":3.0,"turns":4.0},{"damage":3.0,"enemies":"Blue Slaver","floor":4.0,"turns":4.0},{"damage":0.0,"enemies":"2 Fungi Beasts","floor":5.0,"turns":4.0},{"damage":34.0,"enemies":"Gremlin Nob","floor":7.0,"turns":4.0},{"damage":22.0,"enemies":"Lagavulin","floor":10.0,"turns":7.0},{"damage":1.0,"enemies":"Gremlin Gang","floor":12.0,"turns":2.0},{"damage":22.0,"enemies":"Hexaghost","floor":16.0,"turns":9.0},{"damage":7.0,"enemies":"3 Byrds","floor":18.0,"turns":5.0},{"damage":0.0,"enemies":"Chosen","floor":19.0,"turns":4.0},{"damage":12.0,"enemies":"3 Cultists","floor":22.0,"turns":6.0},{"damage":38.0,"enemies":"Gremlin Leader","floor":24.0,"turns":8.0},{"damage":11.0,"enemies":"Snake Plant","floor":25.0,"turns":4.0},{"damage":0.0,"enemies":"Centurion and Healer","floor":28.0,"turns":5.0},{"damage":8.0,"enemies":"Sentry and Sphere","floor":29.0,"turns":4.0},{"damage":0.0,"enemies":"Masked Bandits","floor":30.0,"turns":2.0},{"damage":7.0,"enemies":"Shelled Parasite and Fungi","floor":31.0,"turns":4.0},{"damage":45,"enemies":"Automaton","floor":33,"turns":6}],"seed_played":"2292210395797362472","potions_obtained":[{"floor":1.0,"key":"Energy Potion"},{"floor":2.0,"key":"Poison Potion"},{"floor":4.0,"key":"SpeedPotion"},{"floor":10.0,"key":"LiquidBronze"},{"floor":18.0,"key":"FearPotion"},{"floor":24.0,"key":"Regen Potion"},{"floor":28.0,"key":"Energy Potion"},{"floor":29.0,"key":"Poison Potion"}],"is_trial":false,"path_per_floor":["M","M","M","M","M","R","E","R","T","E","?","M","R","?","R","B",null,"M","M","?","$","M","R","E","M","T","R","M","M","?","M","R","B"],"character_chosen":"DEFECT","items_purchased":["Symbiotic Virus","Capacitor"],"campfire_rested":4,"item_purchase_floors":[21,21],"current_hp_per_floor":[75,75,75,72,72,72,38,38,38,16,16,15,37,22,44,22,62,55,55,61,61,49,49,11,12,12,36,36,28,28,21,45,0],"gold":181,"neow_bonus":"RANDOM_COMMON_RELIC","is_prod":false,"is_daily":false,"chose_seed":false,"campfire_upgraded":3,"win_rate":0,"timestamp":1559766145,"path_taken":["M","M","M","M","M","R","E","R","T","E","?","M","R","?","R","BOSS","M","M","?","$","M","R","E","?","T","R","M","M","?","M","R","BOSS"],"build_version":"2019-01-23","purchased_purges":1,"victory":false,"max_hp_per_floor":[75,75,75,75,75,75,75,75,75,75,75,75,75,75,75,75,75,75,75,81,81,81,81,81,81,81,81,81,81,81,81,81,81],"card_choices":[{"not_picked":["Chill","Reprogram"],"picked":"Melter","floor":1.0},{"not_picked":["Stack","Barrage","Reinforced Body"],"picked":"SKIP","floor":2.0},{"not_picked":["Gash","Storm","Consume"],"picked":"SKIP","floor":3.0},{"not_picked":["Streamline","Rebound"],"picked":"Coolheaded","floor":4.0},{"not_picked":["Redo","Rebound"],"picked":"Sweeping Beam","floor":5.0},{"not_picked":["Stack","Gash"],"picked":"Leap","floor":7.0},{"not_picked":["Hologram","Beam Cell","Aggregate"],"picked":"SKIP","floor":10.0},{"not_picked":["Rebound","Loop"],"picked":"Go for the Eyes","floor":12.0},{"not_picked":["Tempest"],"picked":"SKIP","floor":18.0},{"not_picked":[],"picked":"Undo+1","floor":19.0},{"not_picked":["Recycle+1"],"picked":"SKIP","floor":22.0},{"not_picked":["Streamline"],"picked":"SKIP","floor":24.0},{"not_picked":["Lockon"],"picked":"SKIP","floor":25.0},{"not_picked":["Sweeping Beam+1"],"picked":"SKIP","floor":28.0},{"not_picked":[],"picked":"Melter+1","floor":29.0},{"not_picked":["Steam Power"],"picked":"SKIP","floor":31.0}],"player_experience":680962,"relics_obtained":[{"floor":7.0,"key":"Darkstone Periapt"},{"floor":9.0,"key":"Vajra"},{"floor":10.0,"key":"War Paint"},{"floor":24.0,"key":"Bag of Marbles"},{"floor":26.0,"key":"Dream Catcher"},{"floor":30.0,"key":"Red Mask"}],"event_choices":[{"damage_healed":0.0,"max_hp_gain":0.0,"max_hp_loss":0.0,"gold_gain":0.0,"event_name":"Liars Game","player_choice":"Ignored","floor":11.0,"gold_loss":0.0,"damage_taken":0.0},{"damage_healed":0.0,"max_hp_gain":0.0,"max_hp_loss":0.0,"gold_gain":0.0,"event_name":"Shining Light","player_choice":"Entered Light","floor":14.0,"gold_loss":0.0,"damage_taken":15.0,"cards_upgraded":["Strike_B","Go for the Eyes"]},{"damage_healed":0.0,"max_hp_gain":0.0,"max_hp_loss":0.0,"gold_gain":0.0,"event_name":"Accursed Blacksmith","player_choice":"Rummage","floor":20.0,"gold_loss":0.0,"damage_taken":0.0,"relics_obtained":["WarpedTongs"],"cards_obtained":["Pain"]},{"damage_healed":0.0,"max_hp_gain":0.0,"max_hp_loss":0.0,"gold_gain":0.0,"event_name":"Masked Bandits","player_choice":"Fought Bandits","floor":30.0,"gold_loss":0.0,"damage_taken":0.0}],"is_beta":false,"boss_relics":[{"not_picked":["Calling Bell","Philosopher\u0027s Stone"],"picked":"Busted Crown"}],"items_purged_floors":[21],"is_endless":false,"potions_floor_spawned":[1,2,4,10,12,18,19,24,28,29],"killed_by":"Automaton","ascension_level":5}