{"gold_per_floor":[111,111,128,303,322,322,352,427,508,79,79,79,79,79],"floor_reached":14,"playtime":267,"items_purged":[],"score":142,"play_id":"d9cd8111-c7f6-4914-827d-49c0a746d6dd","local_time":"20190517004033","is_ascension_mode":true,"campfire_choices":[{"data":"Inflame","floor":6.0,"key":"SMITH"},{"floor":13.0,"key":"DIG"}],"neow_cost":"NONE","seed_source_timestamp":1216367473099093,"circlet_count":0,"master_deck":["AscendersBane","Strike_R","Strike_R","Strike_R","Strike_R","Strike_R","Defend_R","Defend_R","Defend_R","Defend_R","Bash","Flame Barrier","Inflame+1","Doubt","Whirlwind"],"special_seed":0,"relics":["Burning Blood","NeowsBlessing","Lantern","Shovel","Tiny Chest","Bag of Marbles","Sling","Golden Idol","Singing Bowl","Dodecahedron"],"potions_floor_usage":[14,14],"damage_taken":[{"damage":0.0,"enemies":"2 Louse","floor":1.0,"turns":1.0},{"damage":0.0,"enemies":"Jaw Worm","floor":3.0,"turns":1.0},{"damage":0.0,"enemies":"Small Slimes","floor":5.0,"turns":1.0},{"damage":64.0,"enemies":"Lagavulin","floor":7.0,"turns":9.0},{"damage":25,"enemies":"3 Sentries","floor":14,"turns":4}],"seed_played":"-6301952684149083691","potions_obtained":[{"floor":1.0,"key":"Swift Potion"},{"floor":5.0,"key":"BloodPotion"}],"is_trial":false,"path_per_floor":["M","?","M","?","M","R","E","?","T","$","?","T","R","E"],"character_chosen":"IRONCLAD","items_purchased":["Bag of Marbles","Whirlwind","Sling"],"campfire_rested":0,"item_purchase_floors":[10,10,10],"current_hp_per_floor":[78,75,80,80,80,80,22,11,11,11,11,11,11,0],"gold":79,"neow_bonus":"THREE_ENEMY_KILL","is_prod":false,"is_daily":false,"chose_seed":false,"campfire_upgraded":1,"win_rate":0,"timestamp":1558075233,"path_taken":["M","?","M","?","?","R","E","?","T","$","?","?","R","E"],"build_version":"2019-01-23","purchased_purges":0,"victory":false,"max_hp_per_floor":[80,80,80,80,80,80,80,80,80,80,74,74,74,74],"card_choices":[{"not_picked":["Rupture","Thunderclap"],"picked":"Flame Barrier","floor":1.0},{"not_picked":["Shrug It Off","Sever Soul"],"picked":"Inflame","floor":3.0},{"not_picked":["Second Wind","Headbutt","True Grit"],"picked":"SKIP","floor":5.0},{"not_picked":["Warcry","Blood for Blood","Flex"],"picked":"SKIP","floor":7.0}],"player_experience":558056,"relics_obtained":[{"floor":7.0,"key":"Shovel"},{"floor":9.0,"key":"Tiny Chest"},{"floor":12.0,"key":"Singing Bowl"},{"floor":13.0,"key":"Dodecahedron"}],"event_choices":[{"damage_healed":0.0,"max_hp_gain":0.0,"max_hp_loss":0.0,"gold_gain":0.0,"event_name":"Scrap Ooze","player_choice":"Success","floor":2.0,"gold_loss":0.0,"damage_taken":3.0,"relics_obtained":["Lantern"]},{"damage_healed":0.0,"max_hp_gain":0.0,"max_hp_loss":0.0,"gold_gain":175.0,"event_name":"Liars Game","player_choice":"AGREE","floor":4.0,"gold_loss":0.0,"damage_taken":0.0,"cards_obtained":["Doubt"]},{"damage_healed":0.0,"max_hp_gain":0.0,"max_hp_loss":0.0,"gold_gain":75.0,"event_name":"World of Goop","player_choice":"Gather Gold","floor":8.0,"gold_loss":0.0,"damage_taken":11.0},{"damage_healed":0.0,"max_hp_gain":0.0,"max_hp_loss":6.0,"gold_gain":0.0,"event_name":"Golden Idol","player_choice":"Lose Max HP","floor":11.0,"gold_loss":0.0,"damage_taken":0.0,"relics_obtained":["Golden Idol"]}],"is_beta":false,"boss_relics":[],"items_purged_floors":[],"is_endless":false,"potions_floor_spawned":[1,5],"killed_by":"3 Sentries","ascension_level":13}