{"gold_per_floor":[11,27,27,41,59,59,76,104,128,128,158,178,178,192,192,294,294,310,321,321,337,262,291,291,291,291,291,95,114,114,129,129,229,229,240,254,354,374,393,412,412,412],"floor_reached":42,"playtime":31039,"items_purged":["Strike_B"],"score":691,"play_id":"f4a5aa73-0ab5-4c95-a258-f854e8b94877","local_time":"20190608003126","is_ascension_mode":true,"campfire_choices":[{"data":"Zap","floor":6,"key":"SMITH"},{"floor":10,"key":"REST"},{"data":"Dualcast","floor":13,"key":"SMITH"},{"floor":15,"key":"REST"},{"data":"Rainbow","floor":24,"key":"SMITH"},{"floor":32,"key":"REST"},{"floor":41,"key":"REST"}],"neow_cost":"NO_GOLD","seed_source_timestamp":761846048581828,"circlet_count":0,"master_deck":["AscendersBane","Strike_B","Strike_B","Defend_B","Defend_B","Defend_B","Defend_B","Zap+1","Dualcast+1","Genetic Algorithm","Melter","Ball Lightning","BootSequence","Chill","Electrodynamics","Cold Snap","Cold Snap","Rainbow+1","White Noise+1","Genetic Algorithm","Sweeping Beam","Coolheaded","FTL","Buffer","Turbo+1","Parasite","Fusion"],"relics":["Cracked Core","Nunchaku","Pen Nib","Anchor","Blood Vial","Odd Mushroom","Runic Pyramid","Potion Belt","Enchiridion","Pantograph","ClockworkSouvenir","Busted Crown"],"potions_floor_usage":[7,8,16,16,23,33,33,42],"damage_taken":[{"damage":0,"enemies":"Cultist","floor":1,"turns":3},{"damage":0,"enemies":"2 Louse","floor":2,"turns":2},{"damage":11,"enemies":"Jaw Worm","floor":4,"turns":3},{"damage":0,"enemies":"3 Louse","floor":5,"turns":4},{"damage":17,"enemies":"Exordium Thugs","floor":7,"turns":4},{"damage":16,"enemies":"Gremlin Nob","floor":8,"turns":4},{"damage":10,"enemies":"3 Sentries","floor":11,"turns":8},{"damage":0,"enemies":"The Mushroom Lair","floor":12,"turns":2},{"damage":0,"enemies":"Exordium Wildlife","floor":14,"turns":3},{"damage":10,"enemies":"Slime Boss","floor":16,"turns":8},{"damage":0,"enemies":"Shell Parasite","floor":18,"turns":5},{"damage":0,"enemies":"Spheric Guardian","floor":19,"turns":4},{"damage":0,"enemies":"Snecko","floor":21,"turns":5},{"damage":24,"enemies":"Book of Stabbing","floor":23,"turns":7},{"damage":0,"enemies":"Centurion and Healer","floor":29,"turns":6},{"damage":0,"enemies":"Snake Plant","floor":31,"turns":5},{"damage":15,"enemies":"Collector","floor":33,"turns":9},{"damage":0,"enemies":"Orb Walker","floor":35,"turns":4},{"damage":21,"enemies":"3 Darklings","floor":36,"turns":5},{"damage":0,"enemies":"Maw","floor":38,"turns":8},{"damage":27,"enemies":"Writhing Mass","floor":39,"turns":8},{"damage":9,"enemies":"3 Darklings","floor":40,"turns":3},{"damage":58,"enemies":"Giant Head","floor":42,"turns":10}],"seed_played":"3430423867124683734","potions_obtained":[{"floor":4,"key":"Fire Potion"},{"floor":5,"key":"SpeedPotion"},{"floor":8,"key":"FearPotion"},{"floor":11,"key":"Swift Potion"},{"floor":16,"key":"FocusPotion"},{"floor":19,"key":"Dexterity Potion"},{"floor":23,"key":"Block Potion"},{"floor":31,"key":"Block Potion"},{"floor":36,"key":"EssenceOfSteel"},{"floor":39,"key":"Explosive Potion"}],"is_trial":false,"path_per_floor":["$","?","?","?","M","?","M","?"],"character_chosen":"DEFECT","items_purchased":["ClockworkSouvenir"],"campfire_rested":4,"item_purchase_floors":[28],"current_hp_per_floor":[68,68,68,57,57,57,40,24,24,46,36,38,38,40,62,54,70,72,74,74,75,75,51,51,35,35,35,35,37,37,39,61,60,71,73,54,54,56,31,24,46,0],"gold":412,"neow_bonus":"ONE_RARE_RELIC","is_prod":false,"is_daily":false,"chose_seed":false,"campfire_upgraded":3,"win_rate":0,"timestamp":1559982686,"path_taken":["M","M","?","M","M","R","M","E","T","R","E","?","R","M","R","BOSS","M","M","$","M","$","E","R","?","T","?","$","?","?","?","R","BOSS","M","M","?","M","M","M","R","E"],"build_version":"2019-01-23","purchased_purges":1,"victory":false,"max_hp_per_floor":[75,75,75,75,75,75,75,75,75,75,75,75,75,75,75,75,75,75,75,75,75,75,75,75,75,75,75,75,75,75,75,75,75,75,75,75,75,75,75,75,75,75],"card_choices":[{"not_picked":["Turbo","Darkness"],"picked":"Genetic Algorithm","floor":1},{"not_picked":["Redo","Skim"],"picked":"Melter","floor":2},{"not_picked":["Streamline","Turbo"],"picked":"Ball Lightning","floor":4},{"not_picked":["Redo","Scrape","Reinforced Body"],"picked":"SKIP","floor":5},{"not_picked":["Gash","Recycle"],"picked":"BootSequence","floor":7},{"not_picked":["Blizzard","Sweeping Beam"],"picked":"Chill","floor":8},{"not_picked":["Turbo","Auto Shields"],"picked":"Electrodynamics","floor":11},{"not_picked":["Compile Driver","Coolheaded"],"picked":"Cold Snap","floor":12},{"not_picked":["Rip and Tear","Storm"],"picked":"Cold Snap","floor":14},{"not_picked":["Core Surge","Machine Learning"],"picked":"Rainbow","floor":16},{"not_picked":["Beam Cell","Stack","Sweeping Beam"],"picked":"SKIP","floor":18},{"not_picked":["Gash","Go for the Eyes"],"picked":"White Noise","floor":19},{"not_picked":["Barrage","Recycle"],"picked":"Genetic Algorithm","floor":21},{"not_picked":["Steam","Streamline","Sunder"],"picked":"SKIP","floor":23},{"not_picked":["Recycle","Scrape"],"picked":"Coolheaded","floor":29},{"not_picked":["Skim","Static Discharge"],"picked":"FTL","floor":31},{"not_picked":["Seek","Machine Learning"],"picked":"Buffer","floor":33},{"not_picked":["Lockon"],"picked":"SKIP","floor":35},{"not_picked":[],"picked":"Turbo+1","floor":36},{"not_picked":["Cold Snap"],"picked":"SKIP","floor":38},{"not_picked":[],"picked":"Fusion","floor":39},{"not_picked":["Streamline"],"picked":"SKIP","floor":40}],"player_experience":314257,"relics_obtained":[{"floor":8,"key":"Pen Nib"},{"floor":9,"key":"Anchor"},{"floor":11,"key":"Blood Vial"},{"floor":12,"key":"Odd Mushroom"},{"floor":23,"key":"Potion Belt"},{"floor":25,"key":"Enchiridion"},{"floor":26,"key":"Pantograph"}],"event_choices":[{"damage_healed":0,"gold_gain":0,"player_choice":"Fought Mushrooms","damage_taken":0,"max_hp_gain":0,"max_hp_loss":0,"event_name":"Mushrooms","floor":12,"gold_loss":0},{"damage_healed":0,"gold_gain":0,"player_choice":"Obtained Book","damage_taken":16,"max_hp_gain":0,"max_hp_loss":0,"event_name":"Cursed Tome","floor":25,"gold_loss":0},{"damage_healed":0,"gold_gain":0,"cards_transformed":["Strike_B"],"player_choice":"Transformed","damage_taken":0,"max_hp_gain":0,"max_hp_loss":0,"event_name":"Transmorgrifier","floor":27,"gold_loss":0,"cards_obtained":["Sweeping Beam"]},{"damage_healed":0,"gold_gain":0,"player_choice":"Upgraded","damage_taken":0,"max_hp_gain":0,"max_hp_loss":0,"event_name":"Upgrade Shrine","floor":30,"gold_loss":0,"cards_upgraded":["White Noise"]},{"damage_healed":0,"gold_gain":100,"player_choice":"Pray","damage_taken":0,"max_hp_gain":0,"max_hp_loss":0,"event_name":"Golden Shrine","floor":37,"gold_loss":0}],"is_beta":false,"boss_relics":[{"not_picked":["Cursed Key","Nuclear Battery"],"picked":"Runic Pyramid"},{"not_picked":["Eternal Feather","Calling Bell"],"picked":"Busted Crown"}],"items_purged_floors":[22],"is_endless":false,"potions_floor_spawned":[4,5,8,11,16,19,21,23,31,36,39],"killed_by":"Giant Head","ascension_level":12}