{"gold_per_floor":[13,29,29,29,29,29,53,97,97,97,97,130,55,69,69,195,195,213,232,232,253,178,178,222,240,240,190,203,203,217,248,248,378,378,399,399,423,144,162,162,206,229,229,244,244,279,279,302,302,302],"floor_reached":51,"playtime":19271,"items_purged":["Pain","Undo","Dualcast"],"score":1082,"play_id":"8c357c95-afe6-4e7f-a164-cc0f27ca7f0a","local_time":"20190606135138","is_ascension_mode":true,"campfire_choices":[{"data":"Zap","floor":6,"key":"SMITH"},{"floor":10,"key":"REST"},{"data":"White Noise","floor":15,"key":"SMITH"},{"data":"1","floor":23,"key":"LIFT"},{"data":"2","floor":29,"key":"LIFT"},{"floor":32,"key":"REST"},{"data":"3","floor":40,"key":"LIFT"},{"data":"Turbo","floor":45,"key":"SMITH"},{"data":"Seek","floor":47,"key":"SMITH"},{"data":"Biased Cognition","floor":49,"key":"SMITH"}],"neow_cost":"NO_GOLD","seed_source_timestamp":648429282118602,"circlet_count":0,"master_deck":["Zap+1","Biased Cognition+1","Scrape","White Noise+1","Steam","Seek+1","Ball Lightning","Machine Learning","Ball Lightning","Steam","Glacier","FTL","Cold Snap+1","Machine Learning","Steam Power","Gash+1","Turbo+1","Reboot","Self Repair+1","Cold Snap+1","Self Repair","Biased Cognition","Coolheaded+1","Turbo+1","Steam","Conserve Battery+1","Gash+1"],"relics":["Cracked Core","Golden Idol","Thread and Needle","Symbiotic Virus","WarpedTongs","Girya","Runic Pyramid","Du-Vu Doll","Smiling Mask","Letter Opener","Pandora\u0027s Box","ClockworkSouvenir","Mango","Whetstone","Boot"],"potions_floor_usage":[8,16,31,33,33,50,50],"damage_taken":[{"damage":2,"enemies":"Jaw Worm","floor":1,"turns":3},{"damage":0,"enemies":"2 Louse","floor":2,"turns":4},{"damage":1,"enemies":"Cultist","floor":7,"turns":3},{"damage":6,"enemies":"Lagavulin","floor":8,"turns":5},{"damage":5,"enemies":"3 Sentries","floor":12,"turns":6},{"damage":4,"enemies":"Blue Slaver","floor":14,"turns":3},{"damage":0,"enemies":"The Guardian","floor":16,"turns":8},{"damage":2,"enemies":"3 Byrds","floor":18,"turns":3},{"damage":9,"enemies":"Shell Parasite","floor":19,"turns":4},{"damage":11,"enemies":"Centurion and Healer","floor":21,"turns":5},{"damage":0,"enemies":"Book of Stabbing","floor":24,"turns":7},{"damage":0,"enemies":"Cultist and Chosen","floor":25,"turns":4},{"damage":0,"enemies":"3 Cultists","floor":28,"turns":4},{"damage":0,"enemies":"Snecko","floor":30,"turns":3},{"damage":2,"enemies":"Slavers","floor":31,"turns":5},{"damage":26,"enemies":"Collector","floor":33,"turns":10},{"damage":0,"enemies":"Orb Walker","floor":35,"turns":3},{"damage":3,"enemies":"3 Shapes","floor":37,"turns":5},{"damage":0,"enemies":"Transient","floor":39,"turns":5},{"damage":11,"enemies":"Nemesis","floor":41,"turns":5},{"damage":0,"enemies":"Maw","floor":42,"turns":6},{"damage":0,"enemies":"Sphere and 2 Shapes","floor":44,"turns":2},{"damage":0,"enemies":"Giant Head","floor":46,"turns":7},{"damage":0,"enemies":"4 Shapes","floor":48,"turns":4},{"damage":14,"enemies":"Awakened One","floor":50,"turns":9}],"seed_played":"-8609656656092911797","potions_obtained":[{"floor":1,"key":"EssenceOfSteel"},{"floor":12,"key":"PowerPotion"},{"floor":16,"key":"Block Potion"},{"floor":21,"key":"LiquidBronze"},{"floor":24,"key":"Dexterity Potion"},{"floor":28,"key":"SkillPotion"},{"floor":37,"key":"Fire Potion"},{"floor":42,"key":"PowerPotion"},{"floor":44,"key":"GamblersBrew"}],"is_trial":false,"path_per_floor":["?","?","?","M","?","M","?","?","?"],"character_chosen":"DEFECT","items_purchased":["ClockworkSouvenir","Self Repair"],"campfire_rested":2,"item_purchase_floors":[38,38],"current_hp_per_floor":[66,66,48,41,41,41,40,34,34,56,56,51,51,47,47,47,68,66,57,57,46,46,46,46,46,46,46,46,46,46,44,66,40,66,66,66,73,73,75,75,89,89,89,89,89,89,89,89,89,89],"gold":302,"neow_bonus":"THREE_RARE_CARDS","is_prod":false,"is_daily":false,"chose_seed":false,"campfire_upgraded":5,"win_rate":0,"timestamp":1559857898,"path_taken":["M","M","?","?","?","R","?","E","T","R","?","E","$","M","R","BOSS","M","?","?","M","?","R","E","M","T","$","M","R","M","E","R","BOSS","M","?","M","$","M","R","E","M","T","M","R","E","R","M","R","BOSS"],"build_version":"2019-01-23","purchased_purges":3,"victory":true,"max_hp_per_floor":[75,75,75,75,75,75,75,75,75,75,75,75,75,75,75,75,75,75,75,75,75,75,75,75,75,75,75,75,75,75,75,75,75,75,75,75,75,75,75,75,89,89,89,89,89,89,89,89,89,89],"card_choices":[{"not_picked":["All For One","Thunder Strike"],"picked":"Biased Cognition","floor":0},{"not_picked":["Reinforced Body","Beam Cell"],"picked":"Undo","floor":1},{"not_picked":["Gash","Stack"],"picked":"Scrape","floor":2},{"not_picked":["Barrage","Gash"],"picked":"White Noise","floor":7},{"not_picked":["Hologram","Sweeping Beam"],"picked":"Steam","floor":8},{"not_picked":["Reinforced Body","Darkness"],"picked":"Seek","floor":12},{"not_picked":["Barrage","Gash"],"picked":"Ball Lightning","floor":14},{"not_picked":["Meteor Strike","Hyperbeam"],"picked":"Machine Learning","floor":16},{"not_picked":["Scrape","Melter"],"picked":"Ball Lightning","floor":18},{"not_picked":["Compile Driver","Turbo"],"picked":"Steam","floor":19},{"not_picked":["Go for the Eyes+1","Hologram"],"picked":"Glacier","floor":21},{"not_picked":["Turbo","Ball Lightning"],"picked":"FTL","floor":24},{"not_picked":["Stack+1","Sweeping Beam+1","Ball Lightning"],"picked":"SKIP","floor":25},{"not_picked":["Hyperbeam","Blizzard","Beam Cell"],"picked":"SKIP","floor":28},{"not_picked":["Streamline","Heatsinks+1"],"picked":"Cold Snap","floor":30},{"not_picked":["Leap","Stack","Reprogram"],"picked":"SKIP","floor":31},{"not_picked":["Meteor Strike","Hyperbeam"],"picked":"Machine Learning","floor":33},{"not_picked":["Turbo","Hologram"],"picked":"Self Repair+1","floor":35},{"not_picked":["Coolheaded","Redo"],"picked":"Cold Snap+1","floor":37},{"not_picked":["Rip and Tear","Streamline+1"],"picked":"Biased Cognition","floor":39},{"not_picked":["Streamline","FTL"],"picked":"Coolheaded+1","floor":41},{"not_picked":["Beam Cell","Steam"],"picked":"Turbo+1","floor":42},{"not_picked":["Stack","Coolheaded"],"picked":"Steam","floor":44},{"not_picked":["Coolheaded","FTL+1"],"picked":"Conserve Battery+1","floor":46},{"not_picked":["Conserve Battery","Coolheaded+1"],"picked":"Gash+1","floor":48}],"player_experience":245332,"relics_obtained":[{"floor":8,"key":"Thread and Needle"},{"floor":9,"key":"Symbiotic Virus"},{"floor":12,"key":"Girya"},{"floor":24,"key":"Du-Vu Doll"},{"floor":26,"key":"Smiling Mask"},{"floor":31,"key":"Letter Opener"},{"floor":41,"key":"Mango"},{"floor":43,"key":"Whetstone"},{"floor":46,"key":"Boot"}],"event_choices":[{"damage_healed":0,"gold_gain":0,"player_choice":"Take Damage","damage_taken":18,"relics_obtained":["Golden Idol"],"max_hp_gain":0,"max_hp_loss":0,"event_name":"Golden Idol","floor":3,"gold_loss":0},{"cards_removed":["Strike_B"],"damage_healed":0,"gold_gain":0,"player_choice":"Card Removal","damage_taken":7,"max_hp_gain":0,"max_hp_loss":0,"event_name":"Golden Wing","floor":4,"gold_loss":0},{"cards_removed":["Strike_B"],"damage_healed":0,"gold_gain":0,"player_choice":"Forget","damage_taken":0,"max_hp_gain":0,"max_hp_loss":0,"event_name":"Living Wall","floor":5,"gold_loss":0},{"damage_healed":0,"gold_gain":0,"player_choice":"Rummage","damage_taken":0,"relics_obtained":["WarpedTongs"],"max_hp_gain":0,"max_hp_loss":0,"event_name":"Accursed Blacksmith","floor":11,"gold_loss":0,"cards_obtained":["Pain"]},{"damage_healed":0,"gold_gain":0,"player_choice":"Simplicity","damage_taken":0,"max_hp_gain":0,"max_hp_loss":0,"event_name":"Back to Basics","floor":20,"gold_loss":0,"cards_upgraded":["Strike_B","Strike_B","Defend_B","Defend_B","Defend_B","Defend_B"]},{"cards_removed":["Strike_B"],"damage_healed":0,"gold_gain":0,"player_choice":"Gave Gold","damage_taken":0,"max_hp_gain":0,"max_hp_loss":0,"event_name":"Beggar","floor":22,"gold_loss":75},{"cards_removed":["Darkness"],"damage_healed":0,"gold_gain":0,"player_choice":"Purged","damage_taken":0,"max_hp_gain":0,"max_hp_loss":0,"event_name":"Purifier","floor":36,"gold_loss":0}],"is_beta":false,"boss_relics":[{"not_picked":["Empty Cage","White Beast Statue"],"picked":"Runic Pyramid"},{"not_picked":["Black Star","Orrery"],"picked":"Pandora\u0027s Box"}],"items_purged_floors":[13,27,38],"is_endless":false,"potions_floor_spawned":[1,12,16,21,24,28,30,37,42,44,48],"ascension_level":6}