{"gold_per_floor":[114,130,130,143,143,168,209,133,186,198,226,238,270,297,309,442,454,480,617,652,22,46,46,9,34,88,103,123,188,211,234,234,357,357,371,371,5,338,353,380,380,399,399,231,231,245,245,255,255,255],"floor_reached":50,"playtime":7129,"items_purged":["Defend_B","Strike_B"],"score":575,"play_id":"2341fabe-1b4d-4c55-9ca4-c90c664ff024","local_time":"20190602130807","is_ascension_mode":false,"campfire_choices":[{"floor":12,"key":"REST"},{"floor":15,"key":"REST"},{"floor":23,"key":"REST"},{"floor":32,"key":"REST"},{"floor":41,"key":"REST"},{"floor":47,"key":"RECALL"},{"floor":49,"key":"REST"}],"neow_cost":"NONE","seed_source_timestamp":312297146739735,"circlet_count":0,"master_deck":["Defend_B","Defend_B","Zap","Dualcast","Darkness","Ball Lightning","Compile Driver","BootSequence","Cold Snap","Core Surge","Ball Lightning+1","Steam","Leap","Seek","Coolheaded+1","Stack","Static Discharge","White Noise","Auto Shields","Self Repair","Cold Snap","Melter","Reinforced Body+1","Leap","Redo","Core Surge+1","Gash+1","Tempest+1","Fusion+1","Gash","Capacitor","Bandage Up","Turbo","Storm+1","Hologram","Gash","Defragment","Hello World+1","Loop+1"],"relics":["Cracked Core","Dodecahedron","MawBank","Fusion Hammer","StoneCalendar","Darkstone Periapt","Toolbox","Omamori","Pear","Smiling Mask","Tiny Chest","Astrolabe","Whetstone","Blood Vial","Question Card"],"potions_floor_usage":[7,19,19,29,33,33,33,50,50],"damage_taken":[{"damage":4,"enemies":"2 Louse","floor":1,"turns":4},{"damage":1,"enemies":"Jaw Worm","floor":2,"turns":3},{"damage":1,"enemies":"Cultist","floor":4,"turns":3},{"damage":7,"enemies":"3 Louse","floor":6,"turns":3},{"damage":22,"enemies":"3 Sentries","floor":7,"turns":7},{"damage":0,"enemies":"2 Fungi Beasts","floor":11,"turns":3},{"damage":4,"enemies":"Gremlin Gang","floor":13,"turns":3},{"damage":2,"enemies":"Large Slime","floor":14,"turns":4},{"damage":16,"enemies":"Slime Boss","floor":16,"turns":10},{"damage":4,"enemies":"2 Thieves","floor":18,"turns":4},{"damage":1,"enemies":"Colosseum Slavers","floor":19,"turns":3},{"damage":21,"enemies":"Colosseum Nobs","floor":19,"turns":4},{"damage":6,"enemies":"Shell Parasite","floor":20,"turns":5},{"damage":13,"enemies":"Snake Plant","floor":22,"turns":4},{"damage":0,"enemies":"Snecko","floor":25,"turns":3},{"damage":13,"enemies":"Sentry and Sphere","floor":27,"turns":6},{"damage":0,"enemies":"Chosen and Byrds","floor":28,"turns":5},{"damage":34,"enemies":"Slavers","floor":29,"turns":6},{"damage":4,"enemies":"Snecko","floor":30,"turns":5},{"damage":5,"enemies":"Snake Plant","floor":31,"turns":5},{"damage":32,"enemies":"Collector","floor":33,"turns":9},{"damage":8,"enemies":"3 Shapes","floor":35,"turns":4},{"damage":6,"enemies":"3 Darklings","floor":39,"turns":6},{"damage":82,"enemies":"Nemesis","floor":40,"turns":9},{"damage":23,"enemies":"4 Shapes","floor":42,"turns":5},{"damage":8,"enemies":"Maw","floor":46,"turns":7},{"damage":50,"enemies":"Transient","floor":48,"turns":5},{"damage":74,"enemies":"Donu and Deca","floor":50,"turns":6}],"seed_played":"1907009096805725420","potions_obtained":[{"floor":1,"key":"GamblersBrew"},{"floor":2,"key":"Block Potion"},{"floor":4,"key":"Ancient Potion"},{"floor":7,"key":"Block Potion"},{"floor":18,"key":"Weak Potion"},{"floor":27,"key":"Strength Potion"},{"floor":28,"key":"Fire Potion"},{"floor":29,"key":"SpeedPotion"},{"floor":31,"key":"Strength Potion"},{"floor":33,"key":"LiquidBronze"},{"floor":39,"key":"PowerPotion"},{"floor":42,"key":"FocusPotion"},{"floor":48,"key":"GamblersBrew"}],"is_trial":false,"path_per_floor":["?","?","T","?","?","?","?"],"character_chosen":"DEFECT","items_purchased":["Core Surge","Toolbox","Omamori","Pear","Static Discharge","Auto Shields","Capacitor","Whetstone","Bandage Up","Gash","Defragment"],"campfire_rested":6,"item_purchase_floors":[8,21,21,21,21,24,37,37,37,44,44],"current_hp_per_floor":[78,77,57,56,49,42,20,20,20,20,20,44,40,38,62,46,82,78,56,50,60,47,74,74,74,74,68,78,51,54,56,83,51,92,84,84,84,84,92,21,48,38,38,38,61,59,59,27,54,0],"gold":255,"neow_bonus":"TEN_PERCENT_HP_BONUS","is_prod":false,"is_daily":false,"chose_seed":false,"campfire_upgraded":0,"win_rate":0,"timestamp":1559509687,"path_taken":["M","M","?","M","?","M","E","$","T","?","M","R","M","M","R","BOSS","M","?","M","$","M","R","$","M","T","M","M","E","M","M","R","BOSS","M","?","$","?","M","E","R","M","T","$","?","M","R","M","R","BOSS"],"build_version":"2019-01-23","purchased_purges":2,"victory":false,"max_hp_per_floor":[82,82,82,82,82,82,82,82,82,82,82,82,82,82,82,82,82,82,82,82,92,92,92,92,92,92,92,92,92,92,92,92,92,92,92,92,92,92,92,92,92,92,92,92,92,92,92,92,92,92],"card_choices":[{"not_picked":["Streamline","Tempest"],"picked":"Darkness","floor":1},{"not_picked":["Redo","Tempest"],"picked":"Ball Lightning","floor":2},{"not_picked":["Blizzard","Conserve Battery"],"picked":"Compile Driver","floor":4},{"not_picked":["Glacier","Steam"],"picked":"BootSequence","floor":6},{"not_picked":["Stack","Compile Driver"],"picked":"Cold Snap","floor":7},{"not_picked":["Sweeping Beam","Barrage"],"picked":"Ball Lightning","floor":11},{"not_picked":["Cold Snap","Heatsinks"],"picked":"Steam","floor":13},{"not_picked":["Chaos","Hello World"],"picked":"Leap","floor":14},{"not_picked":["Echo Form","All For One"],"picked":"Seek","floor":16},{"not_picked":["Hologram","Turbo"],"picked":"Compile Driver","floor":18},{"not_picked":["Redo","Reprogram"],"picked":"Coolheaded+1","floor":19},{"not_picked":["Coolheaded","Rebound"],"picked":"Stack","floor":20},{"not_picked":["Stack","Redo"],"picked":"White Noise","floor":22},{"not_picked":["Cold Snap","Force Field"],"picked":"Self Repair","floor":25},{"not_picked":["Hologram","Stack"],"picked":"Cold Snap","floor":27},{"not_picked":["Streamline","Seek"],"picked":"Melter","floor":28},{"not_picked":["Recycle","Force Field"],"picked":"Reinforced Body+1","floor":29},{"not_picked":["Hologram","Compile Driver"],"picked":"Leap","floor":30},{"not_picked":["Leap","Hologram"],"picked":"Redo","floor":31},{"not_picked":["Thunder Strike","Creative AI"],"picked":"Core Surge","floor":33},{"not_picked":["Static Discharge","Rebound+1"],"picked":"Gash","floor":35},{"not_picked":["Sunder+1","Skim"],"picked":"Turbo","floor":39},{"not_picked":["Tempest","Consume"],"picked":"Storm+1","floor":40},{"not_picked":["Sunder","Sweeping Beam"],"picked":"Hologram","floor":42},{"not_picked":["Steam","Compile Driver+1","Fusion"],"picked":"Hello World+1","floor":46},{"not_picked":["Reprogram","Streamline+1","Compile Driver"],"picked":"Loop+1","floor":48}],"player_experience":75500,"relics_obtained":[{"floor":7,"key":"Dodecahedron"},{"floor":9,"key":"MawBank"},{"floor":19,"key":"StoneCalendar"},{"floor":19,"key":"Darkstone Periapt"},{"floor":26,"key":"Smiling Mask"},{"floor":29,"key":"Tiny Chest"},{"floor":40,"key":"Blood Vial"},{"floor":43,"key":"Question Card"}],"event_choices":[{"damage_healed":0,"gold_gain":0,"player_choice":"Take Damage","damage_taken":20,"relics_obtained":["Golden Idol"],"max_hp_gain":0,"max_hp_loss":0,"event_name":"Golden Idol","floor":3,"gold_loss":0},{"cards_removed":["Strike_B"],"damage_healed":0,"gold_gain":0,"player_choice":"Card Removal","damage_taken":7,"max_hp_gain":0,"max_hp_loss":0,"event_name":"Golden Wing","floor":5,"gold_loss":0},{"damage_healed":0,"gold_gain":0,"player_choice":"Fight","damage_taken":0,"max_hp_gain":0,"max_hp_loss":0,"event_name":"Colosseum","floor":19,"gold_loss":0},{"damage_healed":0,"gold_gain":0,"player_choice":"Fought Nobs","damage_taken":0,"max_hp_gain":0,"max_hp_loss":0,"event_name":"Colosseum","floor":19,"gold_loss":0},{"cards_removed":["Compile Driver"],"damage_healed":0,"gold_gain":0,"player_choice":"Removed Attack","damage_taken":0,"max_hp_gain":0,"max_hp_loss":0,"event_name":"Falling","floor":36,"gold_loss":0},{"damage_healed":0,"gold_gain":333,"player_choice":"Gave Idol","damage_taken":0,"max_hp_gain":0,"max_hp_loss":0,"event_name":"The Moai Head","floor":38,"relics_lost":["Golden Idol"],"gold_loss":0},{"damage_healed":23,"gold_gain":0,"player_choice":"Writhe","damage_taken":0,"max_hp_gain":0,"max_hp_loss":0,"event_name":"Winding Halls","floor":45,"gold_loss":0,"cards_obtained":["Writhe"]}],"is_beta":false,"boss_relics":[{"not_picked":["Tiny House","Runic Dome"],"picked":"Fusion Hammer"},{"not_picked":["Orrery","Runic Pyramid"],"picked":"Astrolabe"}],"items_purged_floors":[37,44],"is_endless":false,"potions_floor_spawned":[1,2,4,7,18,27,28,29,31,33,39,42,48],"killed_by":"Donu and Deca","ascension_level":0}