{"gold_per_floor":[115,115,115,190,206,236,336,361,361,395,408,373,385,401,401,501,501,519,479,357,369,380,408,421,453,453,453,479,492,553,579,579,674,674,686,736,749,799,849,878,898,923,923,772,784,813,376,439,439,439],"floor_reached":51,"playtime":2617,"items_purged":["Flex","Strike_R"],"score":1134,"play_id":"fe302221-4c7e-4cf6-90e9-d7aa3f5a6ff2","local_time":"20190414113616","is_ascension_mode":true,"campfire_choices":[{"data":"Whirlwind","floor":15,"key":"SMITH"},{"data":"Heavy Blade","floor":32,"key":"SMITH"},{"floor":49,"key":"REST"}],"neow_cost":"NONE","seed_source_timestamp":175576960317,"circlet_count":0,"master_deck":["Strike_R","Strike_R","Strike_R+1","Defend_R+1","Defend_R+1","Defend_R","Defend_R","Bash","Iron Wave","Whirlwind+1","Shrug It Off+1","Flex+1","Flex+1","Spot Weakness+1","Double Tap+1","Heavy Blade+1","Whirlwind+1","Sword Boomerang","Battle Trance+1","Armaments+1","Feed","Battle Trance+1","Madness+1","Madness+1","Limit Break+1","Seeing Red+1","Limit Break+1","Thunderclap"],"relics":["Burning Blood","NeowsBlessing","Lantern","Bird Faced Urn","Gambling Chip","Toxic Egg 2","Ice Cream","White Beast Statue","Regal Pillow","Pantograph","War Paint","SsserpentHead","Dodecahedron","PreservedInsect","Velvet Choker","Ornamental Fan","Strawberry","Torii","DollysMirror","Pear","Lee\u0027s Waffle","Centennial Puzzle"],"potions_floor_usage":[8,21,21,21,23,23,25,30,31,33,33,33,35,40,40,41,42,42,45,46,46,46,46,50,50,50],"damage_taken":[{"damage":0,"enemies":"Cultist","floor":1,"turns":1},{"damage":0,"enemies":"2 Louse","floor":5,"turns":1},{"damage":0,"enemies":"3 Sentries","floor":6,"turns":2},{"damage":31,"enemies":"Lagavulin","floor":8,"turns":7},{"damage":18,"enemies":"3 Sentries","floor":10,"turns":8},{"damage":0,"enemies":"Small Slimes","floor":11,"turns":1},{"damage":0,"enemies":"2 Fungi Beasts","floor":13,"turns":2},{"damage":5,"enemies":"Exordium Thugs","floor":14,"turns":4},{"damage":38,"enemies":"Hexaghost","floor":16,"turns":9},{"damage":5,"enemies":"Chosen","floor":18,"turns":4},{"damage":0,"enemies":"3 Byrds","floor":21,"turns":3},{"damage":0,"enemies":"3 Cultists","floor":22,"turns":1},{"damage":17,"enemies":"Gremlin Leader","floor":23,"turns":4},{"damage":10,"enemies":"Chosen and Byrds","floor":24,"turns":3},{"damage":0,"enemies":"Slavers","floor":25,"turns":1},{"damage":0,"enemies":"Gremlin Leader","floor":28,"turns":5},{"damage":0,"enemies":"Sentry and Sphere","floor":29,"turns":3},{"damage":4,"enemies":"Shelled Parasite and Fungi","floor":30,"turns":2},{"damage":16,"enemies":"Book of Stabbing","floor":31,"turns":4},{"damage":81,"enemies":"Collector","floor":33,"turns":8},{"damage":2,"enemies":"Orb Walker","floor":35,"turns":3},{"damage":7,"enemies":"3 Shapes","floor":37,"turns":5},{"damage":0,"enemies":"Nemesis","floor":40,"turns":3},{"damage":5,"enemies":"Transient","floor":41,"turns":5},{"damage":0,"enemies":"Reptomancer","floor":42,"turns":3},{"damage":0,"enemies":"3 Darklings","floor":45,"turns":2},{"damage":23,"enemies":"Giant Head","floor":46,"turns":7},{"damage":25,"enemies":"Maw","floor":48,"turns":3},{"damage":49,"enemies":"Time Eater","floor":50,"turns":5}],"seed_played":"8285568117482265896","potions_obtained":[{"floor":6,"key":"Poison Potion"},{"floor":8,"key":"EntropicBrew"},{"floor":11,"key":"Dexterity Potion"},{"floor":16,"key":"SpeedPotion"},{"floor":18,"key":"EssenceOfSteel"},{"floor":21,"key":"Strength Potion"},{"floor":23,"key":"Strength Potion"},{"floor":24,"key":"AttackPotion"},{"floor":25,"key":"Weak Potion"},{"floor":30,"key":"Explosive Potion"},{"floor":31,"key":"Swift Potion"},{"floor":33,"key":"SkillPotion"},{"floor":35,"key":"PowerPotion"},{"floor":37,"key":"EntropicBrew"},{"floor":41,"key":"Block Potion"},{"floor":42,"key":"Poison Potion"},{"floor":45,"key":"EntropicBrew"},{"floor":46,"key":"Regen Potion"},{"floor":48,"key":"PowerPotion"}],"is_trial":false,"path_per_floor":["M","?","?","?","M","E","?","E","T","E","M","?","M","M","R","B",null,"M","?","$","M","M","E","M","E","T","?","E","M","M","E","R","B",null,"M","?","M","?","?","E","M","E","T","$","M","E","$","M","R","B",null],"character_chosen":"IRONCLAD","items_purchased":["Heavy Blade","DollysMirror","Lee\u0027s Waffle","Centennial Puzzle"],"campfire_rested":1,"item_purchase_floors":[20,44,47,47],"current_hp_per_floor":[80,85,67,56,62,68,68,43,43,31,37,58,64,65,65,33,85,85,85,85,85,85,74,70,76,76,76,82,85,85,75,75,10,85,85,74,76,76,76,84,85,95,95,95,95,88,112,93,112,78],"gold":439,"neow_bonus":"THREE_ENEMY_KILL","is_prod":false,"is_daily":false,"chose_seed":false,"campfire_upgraded":2,"win_rate":0,"timestamp":1555205776,"path_taken":["M","?","?","?","M","E","?","E","T","E","?","?","M","M","R","BOSS","M","?","$","M","M","E","?","E","T","?","E","M","?","E","R","BOSS","M","?","M","?","?","E","M","E","T","?","M","E","$","?","R","BOSS"],"build_version":"2019-01-23","purchased_purges":2,"victory":true,"max_hp_per_floor":[80,85,85,85,85,85,85,85,85,85,85,85,85,85,85,85,85,85,85,85,85,85,85,85,85,85,85,85,85,85,85,85,85,85,85,85,88,88,88,88,88,95,95,95,95,105,112,112,112,112],"card_choices":[{"not_picked":["Hemokinesis","Wild Strike"],"picked":"Flex","floor":1},{"not_picked":["Rage","Body Slam"],"picked":"Iron Wave","floor":5},{"not_picked":["Armaments","Bludgeon"],"picked":"Whirlwind","floor":6},{"not_picked":["Dual Wield","Wild Strike"],"picked":"Shrug It Off","floor":8},{"not_picked":["Havoc+1","Dropkick"],"picked":"Flex+1","floor":10},{"not_picked":["Cleave","Shrug It Off+1"],"picked":"Flex+1","floor":11},{"not_picked":["Twin Strike","Dropkick","Clothesline"],"picked":"SKIP","floor":13},{"not_picked":["Cleave","Thunderclap"],"picked":"Spot Weakness+1","floor":14},{"not_picked":["Reaper","Bludgeon"],"picked":"Double Tap+1","floor":16},{"not_picked":["True Grit+1","Wild Strike","Havoc+1"],"picked":"SKIP","floor":18},{"not_picked":["Searing Blow","Sword Boomerang"],"picked":"Whirlwind+1","floor":21},{"not_picked":["Hemokinesis","Shrug It Off+1"],"picked":"Sword Boomerang","floor":22},{"not_picked":["Wild Strike","Clothesline+1","True Grit+1"],"picked":"SKIP","floor":23},{"not_picked":["Perfected Strike+1","Fiend Fire","Iron Wave"],"picked":"SKIP","floor":24},{"not_picked":["Thunderclap","Shockwave+1"],"picked":"Battle Trance+1","floor":25},{"not_picked":["Heavy Blade","Clothesline+1","Fire Breathing"],"picked":"SKIP","floor":28},{"not_picked":["Fire Breathing","Flame Barrier+1","Flex+1"],"picked":"SKIP","floor":29},{"not_picked":["Clothesline+1","Sentinel+1","Havoc+1"],"picked":"SKIP","floor":30},{"not_picked":["Wild Strike+1","Power Through+1"],"picked":"Armaments+1","floor":31},{"not_picked":["Exhume+1","Berserk"],"picked":"Feed","floor":33},{"not_picked":["Armaments+1","Twin Strike+1"],"picked":"Battle Trance+1","floor":35},{"not_picked":["Carnage+1","Perfected Strike"],"picked":"Limit Break+1","floor":37},{"not_picked":["Body Slam","Anger","Metallicize+1"],"picked":"SKIP","floor":40},{"not_picked":["Bloodletting+1","Clothesline+1","Shrug It Off+1"],"picked":"SKIP","floor":41},{"not_picked":["Wild Strike","Metallicize"],"picked":"Seeing Red+1","floor":42},{"not_picked":["Carnage","Corruption","Wild Strike+1"],"picked":"SKIP","floor":45},{"not_picked":["Iron Wave","True Grit+1"],"picked":"Thunderclap","floor":46},{"not_picked":["Second Wind+1","Iron Wave","Sword Boomerang"],"picked":"SKIP","floor":48}],"player_experience":129840,"relics_obtained":[{"floor":6,"key":"Bird Faced Urn"},{"floor":8,"key":"Gambling Chip"},{"floor":9,"key":"Toxic Egg 2"},{"floor":10,"key":"Ice Cream"},{"floor":23,"key":"Regal Pillow"},{"floor":25,"key":"Pantograph"},{"floor":26,"key":"War Paint"},{"floor":28,"key":"Dodecahedron"},{"floor":31,"key":"PreservedInsect"},{"floor":40,"key":"Ornamental Fan"},{"floor":42,"key":"Strawberry"},{"floor":43,"key":"Torii"},{"floor":46,"key":"Pear"}],"event_choices":[{"damage_healed":0,"gold_gain":0,"player_choice":"Donut","damage_taken":0,"max_hp_gain":5,"max_hp_loss":0,"event_name":"Big Fish","floor":2,"gold_loss":0},{"damage_healed":0,"gold_gain":0,"player_choice":"Success","damage_taken":18,"relics_obtained":["Lantern"],"max_hp_gain":0,"max_hp_loss":0,"event_name":"Scrap Ooze","floor":3,"gold_loss":0},{"damage_healed":0,"gold_gain":75,"player_choice":"Gather Gold","damage_taken":11,"max_hp_gain":0,"max_hp_loss":0,"event_name":"World of Goop","floor":4,"gold_loss":0},{"damage_healed":0,"gold_gain":100,"player_choice":"Pray","damage_taken":0,"max_hp_gain":0,"max_hp_loss":0,"event_name":"Golden Shrine","floor":7,"gold_loss":0},{"damage_healed":21,"gold_gain":0,"player_choice":"Healed","damage_taken":0,"max_hp_gain":0,"max_hp_loss":0,"event_name":"The Cleric","floor":12,"gold_loss":35},{"damage_healed":0,"gold_gain":0,"player_choice":"Upgraded Two","damage_taken":0,"max_hp_gain":0,"max_hp_loss":0,"event_name":"Designer","floor":19,"gold_loss":40,"cards_upgraded":["Shrug It Off","Strike_R"]},{"damage_healed":0,"gold_gain":0,"player_choice":"Trade","damage_taken":0,"relics_obtained":["SsserpentHead"],"max_hp_gain":0,"max_hp_loss":0,"event_name":"FaceTrader","floor":27,"gold_loss":0},{"damage_healed":0,"gold_gain":0,"player_choice":"Embrace Madness","damage_taken":11,"max_hp_gain":0,"max_hp_loss":0,"event_name":"Winding Halls","floor":36,"gold_loss":0,"cards_obtained":["Madness","Madness"]},{"damage_healed":0,"gold_gain":0,"player_choice":"Ignored","damage_taken":0,"max_hp_gain":0,"max_hp_loss":0,"event_name":"Tomb of Lord Red Mask","floor":38,"gold_loss":0},{"cards_removed":["Strike_R"],"damage_healed":0,"gold_gain":0,"player_choice":"Removed Attack","damage_taken":0,"max_hp_gain":0,"max_hp_loss":0,"event_name":"Falling","floor":39,"gold_loss":0}],"is_beta":false,"boss_relics":[{"not_picked":["Tiny House","Snecko Eye"],"picked":"White Beast Statue"},{"not_picked":["Runic Cube","Lizard Tail"],"picked":"Velvet Choker"}],"items_purged_floors":[20,47],"is_endless":false,"potions_floor_spawned":[6,8,11,16,18,21,22,23,24,25,28,29,30,31,33,35,37,40,41,42,45,46,48],"ascension_level":1}