{"gold_per_floor":[117,130,130,130,150,150,179,179,203,217,217,232,232,262,262,365,365,375,290,215,90,116,116,133,133],"floor_reached":25,"playtime":1020,"items_purged":["Strike_G"],"score":464,"play_id":"e47f5a07-9999-4919-9323-599f005f9993","local_time":"20190527181914","is_ascension_mode":true,"campfire_choices":[{"data":"Noxious Fumes","floor":6,"key":"SMITH"},{"data":"Storm of Steel","floor":8,"key":"SMITH"},{"data":"Catalyst","floor":11,"key":"SMITH"},{"floor":15,"key":"REST"},{"data":"Noxious Fumes","floor":23,"key":"SMITH"}],"neow_cost":"NONE","seed_source_timestamp":3519973169364632,"circlet_count":0,"master_deck":["AscendersBane","Defend_G","Defend_G","Defend_G","Defend_G","Strike_G","Strike_G","Strike_G+1","Survivor","Neutralize+1","Storm of Steel+1","Noxious Fumes+1","Expertise","PiercingWail","Catalyst+1","Corpse Explosion","Noxious Fumes+1","Backflip"],"special_seed":0,"relics":["Ring of the Serpent","Whetstone","Bronze Scales","Lantern","Happy Flower","Oddly Smooth Stone"],"potions_floor_usage":[7,7,12],"damage_taken":[{"damage":4,"enemies":"Small Slimes","floor":1,"turns":4},{"damage":1,"enemies":"2 Louse","floor":2,"turns":3},{"damage":4,"enemies":"Cultist","floor":5,"turns":3},{"damage":9,"enemies":"Gremlin Nob","floor":7,"turns":3},{"damage":6,"enemies":"Looter","floor":10,"turns":2},{"damage":16,"enemies":"Exordium Wildlife","floor":12,"turns":3},{"damage":19,"enemies":"3 Sentries","floor":14,"turns":6},{"damage":43,"enemies":"Hexaghost","floor":16,"turns":10},{"damage":5,"enemies":"Spheric Guardian","floor":18,"turns":5},{"damage":29,"enemies":"2 Thieves","floor":24,"turns":3},{"damage":24,"enemies":"Snecko","floor":25,"turns":3}],"seed_played":"-4507112922566184050","potions_obtained":[{"floor":1,"key":"SteroidPotion"},{"floor":5,"key":"PowerPotion"},{"floor":10,"key":"Explosive Potion"},{"floor":18,"key":"LiquidBronze"}],"is_trial":false,"path_per_floor":["M","M","?","?","M","R","E","R","T","M","R","M","?","E","R","B",null,"M","?","?","$","T","R","M","M"],"character_chosen":"THE_SILENT","items_purchased":["Backflip"],"campfire_rested":1,"item_purchase_floors":[21],"current_hp_per_floor":[59,58,58,58,54,54,45,45,45,39,39,23,46,27,48,5,54,49,49,49,49,49,49,20,0],"gold":133,"neow_bonus":"ONE_RANDOM_RARE_CARD","is_prod":false,"is_daily":false,"chose_seed":false,"campfire_upgraded":4,"win_rate":0,"timestamp":1558995554,"path_taken":["M","M","?","?","M","R","E","R","T","M","R","?","?","E","R","BOSS","M","?","?","$","?","R","M","M"],"build_version":"2019-01-23","purchased_purges":1,"victory":false,"max_hp_per_floor":[70,70,70,70,70,70,70,70,70,70,70,70,70,70,70,70,70,70,70,70,70,70,70,70,70],"card_choices":[{"not_picked":["Tactician","Deadly Poison","Concentrate"],"picked":"SKIP","floor":1},{"not_picked":["Dash","Acrobatics"],"picked":"Noxious Fumes","floor":2},{"not_picked":["Concentrate","Blade Dance","Backflip"],"picked":"SKIP","floor":5},{"not_picked":["Blade Dance","Escape Plan"],"picked":"PiercingWail","floor":7},{"not_picked":["Bouncing Flask","Dodge and Roll"],"picked":"Catalyst","floor":10},{"not_picked":["Acrobatics","Grand Finale","Deadly Poison"],"picked":"SKIP","floor":12},{"not_picked":["All Out Attack","Backflip","Bane"],"picked":"SKIP","floor":14},{"not_picked":["Night Terror","Unload"],"picked":"Corpse Explosion","floor":16},{"not_picked":["Poisoned Stab","Predator"],"picked":"Noxious Fumes","floor":18},{"not_picked":["Predator+1","Outmaneuver","Underhanded Strike"],"picked":"SKIP","floor":24}],"player_experience":162318,"relics_obtained":[{"floor":7,"key":"Whetstone"},{"floor":9,"key":"Bronze Scales"},{"floor":14,"key":"Lantern"},{"floor":22,"key":"Oddly Smooth Stone"}],"event_choices":[{"damage_healed":0,"gold_gain":0,"player_choice":"Ignored","damage_taken":0,"max_hp_gain":0,"max_hp_loss":0,"event_name":"Liars Game","floor":3,"gold_loss":0},{"damage_healed":0,"gold_gain":0,"cards_transformed":["Defend_G"],"player_choice":"Transformed","damage_taken":0,"max_hp_gain":0,"max_hp_loss":0,"event_name":"Transmorgrifier","floor":4,"gold_loss":0,"cards_obtained":["Expertise"]},{"damage_healed":23,"gold_gain":0,"player_choice":"Banana","damage_taken":0,"max_hp_gain":0,"max_hp_loss":0,"event_name":"Big Fish","floor":13,"gold_loss":0},{"damage_healed":0,"gold_gain":0,"player_choice":"Obtained Relic","damage_taken":0,"relics_obtained":["Happy Flower"],"max_hp_gain":0,"max_hp_loss":0,"event_name":"Addict","floor":19,"gold_loss":85},{"cards_removed":["Strike_G"],"damage_healed":0,"gold_gain":0,"player_choice":"Gave Gold","damage_taken":0,"max_hp_gain":0,"max_hp_loss":0,"event_name":"Beggar","floor":20,"gold_loss":75}],"is_beta":false,"boss_relics":[{"not_picked":["Astrolabe","Snecko Eye"],"picked":"Ring of the Serpent"}],"items_purged_floors":[21],"is_endless":false,"potions_floor_spawned":[1,5,10,18],"killed_by":"Snecko","ascension_level":10}