{"gold_per_floor":[118,137,212,17,17,17,47,58,111,111,143,154,154,7,7,112,112,131,143,143,161,14,39,39,53,53,67,67,101,101,22,22,120,120,135,149,371,82,100,100,135,148,226,74,84,111,111,111,111,111],"floor_reached":51,"playtime":2475,"items_purged":["Strike_R","Offering"],"score":1208,"play_id":"a41a8d5d-62ee-4606-9522-1c1d1590de91","local_time":"20180829205449","is_ascension_mode":true,"campfire_choices":[{"data":"Clothesline","floor":6.0,"key":"SMITH"},{"data":"Iron Wave","floor":10.0,"key":"SMITH"},{"data":"Heavy Blade","floor":13.0,"key":"SMITH"},{"data":"Bash","floor":15.0,"key":"SMITH"},{"data":"Heavy Blade","floor":28.0,"key":"SMITH"},{"data":"Iron Wave","floor":30.0,"key":"SMITH"},{"data":"Flame Barrier","floor":32.0,"key":"SMITH"},{"data":"Disarm","floor":40.0,"key":"SMITH"},{"data":"Pummel","floor":47,"key":"SMITH"},{"floor":49,"key":"REST"}],"neow_cost":"NONE","seed_source_timestamp":0,"circlet_count":0,"master_deck":["Strike_R","Strike_R","Strike_R","Strike_R","Defend_R+1","Defend_R","Defend_R","Bash+1","AscendersBane","Cleave","Clothesline+1","Demon Form+1","Iron Wave+1","Shrug It Off+1","Impervious","Heavy Blade+1","Reaper","Heavy Blade+1","Iron Wave+1","Immolate","Flame Barrier+1","Disarm+1","Pummel+1"],"special_seed":0,"relics":["Burning Blood","Orichalcum","Pen Nib","War Paint","Lantern","Bag of Preparation","Snecko Eye","Juzu Bracelet","Bronze Scales","Bottled Flame","Red Mask","Busted Crown","Bag of Marbles","Dead Branch","Blue Candle","Centennial Puzzle","Question Card"],"potions_floor_usage":[46,50,50],"damage_taken":[{"damage":4.0,"enemies":"Small Slimes","floor":1.0,"turns":3.0},{"damage":0.0,"enemies":"Cultist","floor":2.0,"turns":3.0},{"damage":22.0,"enemies":"Lagavulin","floor":7.0,"turns":6.0},{"damage":0.0,"enemies":"2 Louse","floor":8.0,"turns":2.0},{"damage":10.0,"enemies":"Gremlin Nob","floor":11.0,"turns":4.0},{"damage":4.0,"enemies":"Exordium Thugs","floor":12.0,"turns":4.0},{"damage":26.0,"enemies":"The Guardian","floor":16.0,"turns":7.0},{"damage":0.0,"enemies":"Shell Parasite","floor":18.0,"turns":3.0},{"damage":8.0,"enemies":"3 Byrds","floor":19.0,"turns":5.0},{"damage":0.0,"enemies":"Snake Plant","floor":21.0,"turns":3.0},{"damage":39.0,"enemies":"Book of Stabbing","floor":23.0,"turns":5.0},{"damage":8.0,"enemies":"3 Cultists","floor":25.0,"turns":5.0},{"damage":7.0,"enemies":"Centurion and Healer","floor":27.0,"turns":5.0},{"damage":28.0,"enemies":"Masked Bandits","floor":29.0,"turns":4.0},{"damage":14.0,"enemies":"Collector","floor":33.0,"turns":5.0},{"damage":0.0,"enemies":"3 Darklings","floor":35.0,"turns":3.0},{"damage":1.0,"enemies":"3 Shapes","floor":36.0,"turns":2.0},{"damage":1.0,"enemies":"Sphere and 2 Shapes","floor":39.0,"turns":3.0},{"damage":28.0,"enemies":"Nemesis","floor":41.0,"turns":7.0},{"damage":0.0,"enemies":"Transient","floor":42.0,"turns":5.0},{"damage":41,"enemies":"Spire Growth","floor":45,"turns":5},{"damage":1,"enemies":"2 Orb Walkers","floor":46,"turns":2},{"damage":9,"enemies":"Time Eater","floor":50,"turns":6}],"seed_played":"3233798722901374689","potions_obtained":[{"floor":11.0,"key":"FearPotion"},{"floor":16.0,"key":"SteroidPotion"},{"floor":19.0,"key":"Strength Potion"},{"floor":23.0,"key":"SteroidPotion"},{"floor":24.0,"key":"Fruit Juice"},{"floor":24.0,"key":"Swift Potion"},{"floor":33.0,"key":"Block Potion"},{"floor":41.0,"key":"Explosive Potion"},{"floor":42.0,"key":"Strength Potion"},{"floor":46,"key":"Strength Potion"}],"is_trial":false,"path_per_floor":["M","M","?","$","?","R","E","M","T","R","E","M","R","$","R","B",null,"M","M","?","M","$","E","?","M","T","M","R","?","R","$","R","B",null,"M","M","?","$","M","R","E","M","T","$","M","E","R","?","R","B"],"character_chosen":"IRONCLAD","items_purchased":["Demon Form","Block Potion","Bag of Preparation","Juzu Bracelet","Flame Barrier","Disarm","Bag of Marbles","Centennial Puzzle"],"campfire_rested":1,"item_purchase_floors":[4,4,14,22,31,38,38,44],"current_hp_per_floor":[74,80,72,72,72,72,56,62,62,62,58,60,60,60,60,40,70,80,80,72,78,78,49,54,77,77,85,85,70,70,70,70,62,79,85,85,85,85,85,85,68,85,85,85,58,63,63,63,85,85],"gold":111,"neow_bonus":"RANDOM_COMMON_RELIC","is_prod":false,"is_daily":false,"chose_seed":false,"campfire_upgraded":9,"win_rate":0,"timestamp":1535590489,"path_taken":["M","M","?","$","?","R","E","M","T","R","E","M","R","$","R","BOSS","M","M","?","M","$","E","?","M","T","M","R","?","R","$","R","BOSS","M","M","?","$","M","R","E","M","T","$","M","E","R","?","R","BOSS"],"build_version":"2018-08-23v2","purchased_purges":2,"victory":true,"max_hp_per_floor":[80,80,80,80,80,80,80,80,80,80,80,80,80,80,80,80,80,80,80,80,80,80,80,85,85,85,85,85,85,85,85,85,85,85,85,85,85,85,85,85,85,85,85,85,85,85,85,85,85,85],"card_choices":[{"not_picked":["Dropkick","True Grit"],"picked":"Cleave","floor":1.0},{"not_picked":["Sword Boomerang","Pommel Strike"],"picked":"Clothesline","floor":2.0},{"not_picked":["Twin Strike","Combust"],"picked":"Iron Wave","floor":7.0},{"not_picked":["Corruption","Twin Strike"],"picked":"Shrug It Off","floor":8.0},{"not_picked":["Fire Breathing","Clash"],"picked":"Impervious","floor":11.0},{"not_picked":["Feel No Pain","Burning Pact"],"picked":"Heavy Blade","floor":12.0},{"not_picked":["Demon Form","Exhume"],"picked":"Reaper","floor":16.0},{"not_picked":["Pommel Strike+1","Flex","Carnage"],"picked":"SKIP","floor":18.0},{"not_picked":["Searing Blow","Pommel Strike","Armaments"],"picked":"SKIP","floor":19.0},{"not_picked":["Twin Strike","Corruption"],"picked":"Heavy Blade","floor":21.0},{"not_picked":["Wild Strike","Demon Form"],"picked":"Iron Wave","floor":23.0},{"not_picked":["Heavy Blade","Evolve","Clothesline"],"picked":"SKIP","floor":25.0},{"not_picked":["Shrug It Off","Dropkick","Inflame"],"picked":"SKIP","floor":27.0},{"not_picked":["Whirlwind","Flex"],"picked":"Immolate","floor":29.0},{"not_picked":["Dark Embrace","Fiend Fire"],"picked":"Offering","floor":33.0},{"not_picked":["Cleave+1"],"picked":"SKIP","floor":35.0},{"not_picked":["Warcry"],"picked":"SKIP","floor":36.0},{"not_picked":["Armaments"],"picked":"SKIP","floor":39.0},{"not_picked":["Cleave"],"picked":"SKIP","floor":41.0},{"not_picked":[],"picked":"Pummel","floor":42.0},{"not_picked":["Cleave+1"],"picked":"SKIP","floor":45},{"not_picked":["Reckless Charge"],"picked":"SKIP","floor":46}],"player_experience":129016,"relics_obtained":[{"floor":7.0,"key":"Pen Nib"},{"floor":9.0,"key":"War Paint"},{"floor":11.0,"key":"Lantern"},{"floor":23.0,"key":"Bronze Scales"},{"floor":26.0,"key":"Bottled Flame"},{"floor":29.0,"key":"Red Mask"},{"floor":41.0,"key":"Dead Branch"},{"floor":43.0,"key":"Blue Candle"},{"floor":46,"key":"Question Card"}],"event_choices":[{"event_name":"FaceTrader","player_choice":"Touch","floor":3.0,"damage_taken":0.0},{"event_name":"Accursed Blacksmith","player_choice":"Forge","floor":5.0,"damage_taken":0.0},{"event_name":"Knowing Skull","player_choice":"","floor":20.0,"damage_taken":0.0},{"event_name":"The Lab","player_choice":"Got Potions","floor":24.0,"damage_taken":0.0},{"event_name":"Masked Bandits","player_choice":"Fought Bandits","floor":29.0,"damage_taken":0.0},{"event_name":"Tomb of Lord Red Mask","player_choice":"Wore Mask","floor":37.0,"damage_taken":0.0},{"event_name":"Falling","player_choice":"Removed Skill","floor":48,"damage_taken":0}],"is_beta":false,"boss_relics":[{"not_picked":["Black Star","Empty Cage"],"picked":"Snecko Eye"},{"not_picked":["Mark of Pain","Runic Pyramid"],"picked":"Busted Crown"}],"items_purged_floors":[4,38],"is_endless":false,"potions_floor_spawned":[11,16,19,23,27,29,33,36,41,42,46],"ascension_level":12}