{"gold_per_floor":[116,116,116,116,191,224,224,244,269,287,306,320,320,320,320,395,395,411,431,10,10,20,20,52,52,77,90,123,123,30,30],"floor_reached":31,"playtime":1271,"items_purged":["Strike_G"],"score":492,"play_id":"3ff06682-f0b6-4809-a1a9-61a78e6dbd1f","local_time":"20190512151821","is_ascension_mode":true,"campfire_choices":[{"data":"Burst","floor":7.0,"key":"SMITH"},{"data":"Caltrops","floor":13.0,"key":"SMITH"},{"data":"Blade Dance","floor":15.0,"key":"SMITH"},{"data":"Dash","floor":23.0,"key":"SMITH"},{"data":"Footwork","floor":25,"key":"SMITH"},{"data":"PiercingWail","floor":29,"key":"SMITH"}],"neow_cost":"NONE","seed_source_timestamp":652165470477462,"circlet_count":0,"master_deck":["AscendersBane","Defend_G","Defend_G","Defend_G","Defend_G","Defend_G","Strike_G","Strike_G","Strike_G","Survivor","Neutralize+1","Burst+1","Blade Dance+1","Backstab","Caltrops+1","Dagger Spray","Die Die Die","PiercingWail+1","Dagger Spray+1","Dash+1","Footwork+1","Backstab","Backflip","Panacea"],"special_seed":0,"relics":["Ring of the Snake","NeowsBlessing","Mercury Hourglass","Regal Pillow","Coffee Dripper","ClockworkSouvenir","Lantern","Darkstone Periapt","Oddly Smooth Stone","Potion Belt"],"potions_floor_usage":[24,27],"damage_taken":[{"damage":0.0,"enemies":"Jaw Worm","floor":1.0,"turns":1.0},{"damage":0.0,"enemies":"Lagavulin","floor":6.0,"turns":1.0},{"damage":0.0,"enemies":"Small Slimes","floor":8.0,"turns":1.0},{"damage":2.0,"enemies":"2 Louse","floor":10.0,"turns":3.0},{"damage":0.0,"enemies":"Lots of Slimes","floor":11.0,"turns":3.0},{"damage":0.0,"enemies":"Blue Slaver","floor":12.0,"turns":3.0},{"damage":27.0,"enemies":"Hexaghost","floor":16.0,"turns":10.0},{"damage":0.0,"enemies":"Spheric Guardian","floor":18.0,"turns":1.0},{"damage":6.0,"enemies":"Shell Parasite","floor":19.0,"turns":4.0},{"damage":2.0,"enemies":"3 Cultists","floor":22.0,"turns":3.0},{"damage":18,"enemies":"Book of Stabbing","floor":24,"turns":4},{"damage":17,"enemies":"Centurion and Healer","floor":27,"turns":4},{"damage":11,"enemies":"Slavers","floor":28,"turns":5},{"damage":15,"enemies":"Snake Plant","floor":31,"turns":2}],"seed_played":"3547021653839077698","potions_obtained":[{"floor":6.0,"key":"Ancient Potion"},{"floor":11.0,"key":"Explosive Potion"},{"floor":12.0,"key":"Block Potion"},{"floor":18.0,"key":"GamblersBrew"},{"floor":19.0,"key":"FearPotion"},{"floor":22.0,"key":"Explosive Potion"},{"floor":28,"key":"SpeedPotion"}],"is_trial":false,"path_per_floor":["M","$","?","?","?","E","R","M","T","M","M","M","R","?","R","B",null,"M","M","$","?","M","R","E","R","T","M","E","R","$","M"],"character_chosen":"THE_SILENT","items_purchased":["ClockworkSouvenir","Lantern","Panacea"],"campfire_rested":0,"item_purchase_floors":[20,20,30],"current_hp_per_floor":[63,63,68,61,50,50,50,50,50,48,48,48,48,48,48,21,62,62,56,56,56,54,54,36,36,36,19,8,8,8,0],"gold":30,"neow_bonus":"THREE_ENEMY_KILL","is_prod":false,"is_daily":false,"chose_seed":false,"campfire_upgraded":6,"win_rate":0,"timestamp":1557692301,"path_taken":["M","$","?","?","?","E","R","?","T","M","M","M","R","?","R","BOSS","M","M","$","?","M","R","E","R","T","?","E","R","$","M"],"build_version":"2019-01-23","purchased_purges":1,"victory":false,"max_hp_per_floor":[70,70,75,75,75,75,75,75,75,75,75,75,75,75,75,75,75,75,75,75,75,75,75,75,75,75,75,75,75,75,75],"card_choices":[{"not_picked":["Deflect","Masterful Stab","Tactician"],"picked":"SKIP","floor":1.0},{"not_picked":["Quick Slash","Sucker Punch"],"picked":"Burst","floor":6.0},{"not_picked":["Blur","Expertise"],"picked":"Blade Dance","floor":8.0},{"not_picked":["Skewer","Poisoned Stab"],"picked":"Backstab","floor":10.0},{"not_picked":["Cloak And Dagger","Flying Knee"],"picked":"Caltrops","floor":11.0},{"not_picked":["Deflect","Sucker Punch"],"picked":"Dagger Spray","floor":12.0},{"not_picked":["Bullet Time","Tools of the Trade"],"picked":"Die Die Die","floor":16.0},{"not_picked":["Acrobatics","Deadly Poison"],"picked":"PiercingWail","floor":18.0},{"not_picked":["Prepared+1","Deadly Poison"],"picked":"Dagger Spray+1","floor":19.0},{"not_picked":["Prepared","Expertise+1"],"picked":"Dash","floor":22.0},{"not_picked":["Blade Dance+1","Prepared"],"picked":"Footwork","floor":24},{"not_picked":["Dagger Spray","Well Laid Plans"],"picked":"Backstab","floor":27},{"not_picked":["Doppelganger","Bouncing Flask+1"],"picked":"Backflip","floor":28}],"player_experience":433146,"relics_obtained":[{"floor":6.0,"key":"Mercury Hourglass"},{"floor":9.0,"key":"Regal Pillow"},{"floor":24,"key":"Darkstone Periapt"},{"floor":26,"key":"Oddly Smooth Stone"},{"floor":28,"key":"Potion Belt"}],"event_choices":[{"damage_healed":0.0,"max_hp_gain":5.0,"max_hp_loss":0.0,"gold_gain":0.0,"event_name":"Big Fish","player_choice":"Donut","floor":3.0,"gold_loss":0.0,"damage_taken":0.0},{"cards_removed":["Strike_G"],"damage_healed":0.0,"max_hp_gain":0.0,"max_hp_loss":0.0,"gold_gain":0.0,"event_name":"Golden Wing","player_choice":"Card Removal","floor":4.0,"gold_loss":0.0,"damage_taken":7.0},{"damage_healed":0.0,"max_hp_gain":0.0,"max_hp_loss":0.0,"gold_gain":75.0,"event_name":"World of Goop","player_choice":"Gather Gold","floor":5.0,"gold_loss":0.0,"damage_taken":11.0},{"damage_healed":0.0,"max_hp_gain":0.0,"max_hp_loss":0.0,"gold_gain":0.0,"event_name":"Living Wall","player_choice":"Grow","floor":14.0,"gold_loss":0.0,"damage_taken":0.0,"cards_upgraded":["Neutralize"]},{"damage_healed":0.0,"max_hp_gain":0.0,"max_hp_loss":0.0,"gold_gain":0.0,"event_name":"N\u0027loth","player_choice":"Ignored","floor":21.0,"gold_loss":0.0,"damage_taken":0.0}],"is_beta":false,"boss_relics":[{"not_picked":["Orrery","Sozu"],"picked":"Coffee Dripper"}],"items_purged_floors":[20],"is_endless":false,"potions_floor_spawned":[6,11,12,18,19,22,28],"killed_by":"Snake Plant","ascension_level":13}