{"gold_per_floor":[118,118,133,147,160,160,172,203,203,203,218,236,251,251,251,348,348,361,377,377,29,53,53,53,67,93,93,109,109,120,120,120,219,219,234,234,249,249,261,261,261,261,287,287,320,282,282],"floor_reached":47,"playtime":2335,"items_purged":[],"score":503,"play_id":"2a1355fe-c480-47ad-a723-a858f71477e7","local_time":"20190428221609","is_ascension_mode":true,"campfire_choices":[{"data":"Zap","floor":6,"key":"SMITH"},{"floor":10,"key":"RECALL"},{"floor":15,"key":"REST"},{"floor":23,"key":"REST"},{"floor":29,"key":"REST"},{"data":"Defragment","floor":32,"key":"SMITH"},{"data":"Skim","floor":40,"key":"SMITH"},{"floor":42,"key":"REST"}],"neow_cost":"NONE","seed_source_timestamp":911261331726,"circlet_count":0,"master_deck":["Strike_B","Strike_B","Strike_B","Defend_B","Defend_B","Defend_B","Defend_B","Zap+1","Dualcast","Beam Cell","Sweeping Beam","Redo","Conserve Battery","Tempest","FTL","Defragment+1","Coolheaded","Static Discharge","Electrodynamics","Leap","Auto Shields","Conserve Battery+1","Sunder","Skim+1","Go for the Eyes","FTL+1","Go for the Eyes+1","Madness","Madness","Echo Form","Double Energy"],"relics":["FrozenCore","Art of War","Turnip","Unceasing Top","Bottled Tornado","Thread and Needle","Juzu Bracelet","Nilry\u0027s Codex","Sozu","Vajra","Pocketwatch"],"potions_floor_usage":[3,5,8,12,19,35],"damage_taken":[{"damage":0,"enemies":"Small Slimes","floor":1,"turns":3},{"damage":6,"enemies":"Cultist","floor":3,"turns":4},{"damage":8,"enemies":"2 Louse","floor":4,"turns":3},{"damage":8,"enemies":"Red Slaver","floor":5,"turns":3},{"damage":25,"enemies":"Exordium Thugs","floor":7,"turns":4},{"damage":6,"enemies":"Lagavulin","floor":8,"turns":5},{"damage":1,"enemies":"2 Fungi Beasts","floor":11,"turns":3},{"damage":5,"enemies":"Large Slime","floor":12,"turns":3},{"damage":4,"enemies":"Looter","floor":13,"turns":2},{"damage":32,"enemies":"Hexaghost","floor":16,"turns":8},{"damage":17,"enemies":"3 Byrds","floor":18,"turns":2},{"damage":28,"enemies":"2 Thieves","floor":19,"turns":4},{"damage":12,"enemies":"Colosseum Slavers","floor":24,"turns":5},{"damage":2,"enemies":"Centurion and Healer","floor":25,"turns":9},{"damage":13,"enemies":"Snake Plant","floor":28,"turns":4},{"damage":6,"enemies":"Snecko","floor":30,"turns":5},{"damage":28,"enemies":"Collector","floor":33,"turns":12},{"damage":16,"enemies":"3 Darklings","floor":35,"turns":4},{"damage":0,"enemies":"Orb Walker","floor":37,"turns":4},{"damage":21,"enemies":"Spire Growth","floor":39,"turns":6},{"damage":44,"enemies":"Giant Head","floor":45,"turns":10},{"damage":35,"enemies":"Reptomancer","floor":47,"turns":2}],"seed_played":"-4416627168464324467","potions_obtained":[{"floor":2,"key":"Dexterity Potion"},{"floor":2,"key":"FairyPotion"},{"floor":2,"key":"PowerPotion"},{"floor":3,"key":"Regen Potion"},{"floor":8,"key":"EssenceOfSteel"},{"floor":11,"key":"PowerPotion"},{"floor":12,"key":"Dexterity Potion"},{"floor":16,"key":"Swift Potion"},{"floor":30,"key":"SpeedPotion"},{"floor":33,"key":"Energy Potion"}],"is_trial":false,"path_per_floor":["M","?","M","M","M","R","M","E","T","R","M","M","M","?","R","B",null,"M","M","T","$","T","R","?","M","T","?","M","R","M","?","R","B",null,"M","?","M","?","M","R","?","R","T","?","E","$","E"],"character_chosen":"DEFECT","items_purchased":["Auto Shields","Thread and Needle","Double Energy"],"campfire_rested":4,"item_purchase_floors":[21,21,46],"current_hp_per_floor":[75,75,69,61,62,62,37,31,31,31,30,25,21,21,43,11,75,58,30,30,30,30,52,40,38,38,22,9,31,25,50,50,22,75,59,59,59,59,38,38,38,60,60,51,7,7,0],"gold":282,"neow_bonus":"RANDOM_COMMON_RELIC","is_prod":false,"is_daily":false,"chose_seed":false,"campfire_upgraded":3,"win_rate":0,"timestamp":1556453769,"path_taken":["M","?","M","M","M","R","M","E","T","R","M","?","M","?","R","BOSS","M","M","?","$","?","R","?","M","T","?","M","R","M","?","R","BOSS","M","?","M","?","M","R","?","R","T","?","E","$","E"],"build_version":"2019-01-23","purchased_purges":0,"victory":false,"max_hp_per_floor":[75,75,75,75,75,75,75,75,75,75,75,75,75,75,75,75,75,75,75,75,75,75,75,75,75,75,75,75,75,75,75,75,75,75,75,75,75,75,75,75,75,75,75,75,75,75,75],"card_choices":[{"not_picked":["Undo","Static Discharge"],"picked":"Beam Cell","floor":1},{"not_picked":["Cold Snap","Beam Cell"],"picked":"Sweeping Beam","floor":3},{"not_picked":["Stack","Beam Cell"],"picked":"Redo","floor":4},{"not_picked":["Chaos","Aggregate"],"picked":"Conserve Battery","floor":5},{"not_picked":["Rip and Tear","Conserve Battery"],"picked":"Tempest","floor":7},{"not_picked":["Hologram","Capacitor"],"picked":"FTL","floor":8},{"not_picked":["Stack","Ball Lightning"],"picked":"Defragment","floor":11},{"not_picked":["Steam","Sweeping Beam"],"picked":"Coolheaded","floor":12},{"not_picked":["Rainbow","Beam Cell","Loop"],"picked":"SKIP","floor":13},{"not_picked":["Machine Learning","Biased Cognition"],"picked":"Electrodynamics","floor":16},{"not_picked":["Steam Power+1","Hologram","Undo"],"picked":"SKIP","floor":18},{"not_picked":["Glacier","Conserve Battery"],"picked":"Leap","floor":19},{"not_picked":["BootSequence","Redo"],"picked":"Conserve Battery+1","floor":25},{"not_picked":["Stack","Force Field"],"picked":"Sunder","floor":28},{"not_picked":["Barrage","Rebound"],"picked":"Skim","floor":30},{"not_picked":["Compile Driver","Conserve Battery"],"picked":"Go for the Eyes","floor":35},{"not_picked":["Undo","Compile Driver+1"],"picked":"FTL+1","floor":37},{"not_picked":["Conserve Battery+1","Heatsinks+1"],"picked":"Go for the Eyes+1","floor":39},{"not_picked":["Conserve Battery+1","Reinforced Body"],"picked":"Echo Form","floor":45}],"player_experience":136958,"relics_obtained":[{"floor":8,"key":"Turnip"},{"floor":9,"key":"Unceasing Top"},{"floor":20,"key":"Bottled Tornado"},{"floor":26,"key":"Juzu Bracelet"},{"floor":27,"key":"Nilry\u0027s Codex"},{"floor":43,"key":"Vajra"},{"floor":45,"key":"Pocketwatch"}],"event_choices":[{"damage_healed":0,"gold_gain":0,"player_choice":"Got Potions","damage_taken":0,"max_hp_gain":0,"max_hp_loss":0,"event_name":"Lab","floor":2,"gold_loss":0},{"damage_healed":0,"gold_gain":0,"cards_transformed":["Strike_B"],"player_choice":"Transformed","damage_taken":0,"max_hp_gain":0,"max_hp_loss":0,"event_name":"Transmorgrifier","floor":14,"gold_loss":0,"cards_obtained":["Static Discharge"]},{"damage_healed":0,"gold_gain":0,"player_choice":"Fight","damage_taken":0,"max_hp_gain":0,"max_hp_loss":0,"event_name":"Colosseum","floor":24,"gold_loss":0},{"damage_healed":0,"gold_gain":0,"player_choice":"Fled From Nobs","damage_taken":0,"max_hp_gain":0,"max_hp_loss":0,"event_name":"Colosseum","floor":24,"gold_loss":0},{"damage_healed":0,"gold_gain":0,"player_choice":"Obtained Book","damage_taken":16,"max_hp_gain":0,"max_hp_loss":0,"event_name":"Cursed Tome","floor":27,"gold_loss":0},{"damage_healed":25,"gold_gain":0,"player_choice":"Heal","damage_taken":0,"max_hp_gain":0,"max_hp_loss":0,"event_name":"The Library","floor":31,"gold_loss":0},{"damage_healed":0,"gold_gain":0,"player_choice":"Ignored","damage_taken":0,"max_hp_gain":0,"max_hp_loss":0,"event_name":"SecretPortal","floor":36,"gold_loss":0},{"damage_healed":0,"gold_gain":0,"player_choice":"Bought 0 Potions","damage_taken":0,"max_hp_gain":0,"max_hp_loss":0,"event_name":"The Woman in Blue","floor":38,"gold_loss":0},{"damage_healed":0,"gold_gain":0,"player_choice":"Ignored","damage_taken":0,"max_hp_gain":0,"max_hp_loss":0,"event_name":"Tomb of Lord Red Mask","floor":41,"gold_loss":0},{"damage_healed":0,"gold_gain":0,"player_choice":"Embrace Madness","damage_taken":9,"max_hp_gain":0,"max_hp_loss":0,"event_name":"Winding Halls","floor":44,"gold_loss":0,"cards_obtained":["Madness","Madness"]}],"is_beta":false,"boss_relics":[{"not_picked":["White Beast Statue","Eternal Feather"],"picked":"FrozenCore"},{"not_picked":["Velvet Choker","Philosopher\u0027s Stone"],"picked":"Sozu"}],"items_purged_floors":[],"is_endless":false,"potions_floor_spawned":[3,8,11,12,16,18,24,30,33,35],"killed_by":"Reptomancer","ascension_level":2}