{"path_per_floor":["M","M","?","?","M","R","E","R","T","R","?","R","E","?","R","B",null,"M","$","M","?","$","E","R","?","T","M","E","M","?","M","R"],"character_chosen":"THE_SILENT","items_purchased":["Dramatic Entrance","Outmaneuver","Bag of Marbles"],"gold_per_floor":[112,127,127,127,138,138,172,172,198,198,198,198,231,231,231,350,350,373,203,216,252,74,144,144,144,144,159,203,221,221,239,239,239],"floor_reached":33,"campfire_rested":2,"playtime":2555,"item_purchase_floors":[19,22,22],"current_hp_per_floor":[70,70,56,61,61,61,22,22,29,53,53,53,65,65,65,36,82,82,82,81,75,75,74,74,74,74,72,46,37,37,20,45,0],"items_purged":["Defend_G"],"gold":239,"score":331,"play_id":"1d740167-767e-47dc-b32a-3d1f5792460c","local_time":"20180602115629","is_prod":false,"is_daily":false,"chose_seed":false,"is_ascension_mode":true,"campfire_upgraded":5,"win_rate":0,"timestamp":1527904589,"campfire_choices":[{"data":"Dash","floor":6,"key":"SMITH"},{"data":"Neutralize","floor":8,"key":"SMITH"},{"floor":10,"key":"REST"},{"data":"Survivor","floor":12,"key":"SMITH"},{"data":"Skewer","floor":15,"key":"SMITH"},{"data":"Tools of the Trade","floor":24,"key":"SMITH"},{"floor":32,"key":"REST"}],"path_taken":["M","M","?","?","M","R","E","R","T","R","?","R","E","?","R","BOSS","M","?","M","?","$","E","R","?","T","M","E","?","?","M","R","BOSS"],"build_version":"2018-05-31","seed_source_timestamp":9263639115753,"purchased_purges":1,"victory":false,"master_deck":["Defend_G","Defend_G+1","Defend_G","Defend_G+1","Strike_G+1","Strike_G","Strike_G","Strike_G","Survivor+1","Neutralize+1","Heel Hook","Acrobatics+1","Dash+1","Underhanded Strike","Injury","Skewer+1","Burst","Backflip+1","Dramatic Entrance","Acrobatics","Tools of the Trade+1","Outmaneuver+1","Prepared","Clumsy","Outmaneuver","Distraction"],"max_hp_per_floor":[70,70,70,75,75,75,75,75,82,82,82,82,82,82,82,82,82,82,82,82,82,82,82,82,82,82,82,82,84,84,86,86,86],"relics":["Ring of the Snake","War Paint","Strawberry","Golden Idol","Calipers","Cursed Key","Red Mask","Bag of Marbles","Tiny Chest","Bottled Lightning","Singing Bowl"],"card_choices":[{"not_picked":["PiercingWail","Blade Dance"],"picked":"Heel Hook","floor":1},{"not_picked":["Eviscerate","PiercingWail"],"picked":"Acrobatics","floor":2},{"not_picked":["Reflex","Heel Hook"],"picked":"Dash","floor":5},{"not_picked":["Bane","Corpse Explosion"],"picked":"Underhanded Strike","floor":7},{"not_picked":["Flechettes","Terror"],"picked":"Skewer","floor":13},{"not_picked":["Glass Knife","Bullet Time"],"picked":"Burst","floor":16},{"not_picked":["PiercingWail","Distraction"],"picked":"Backflip+1","floor":18},{"not_picked":["Accuracy","Choke"],"picked":"Acrobatics","floor":20},{"not_picked":["Slice","Catalyst"],"picked":"Tools of the Trade","floor":21},{"not_picked":["Acrobatics","Poisoned Stab"],"picked":"Prepared","floor":23},{"not_picked":["Sucker Punch","Eviscerate"],"picked":"Outmaneuver","floor":27},{"not_picked":["Outmaneuver","Caltrops"],"picked":"Distraction","floor":28},{"not_picked":["Deadly Poison","Riddle With Holes","Reflex"],"picked":"Singing Bowl","floor":29},{"not_picked":["Dagger Throw","Outmaneuver","Dagger Spray"],"picked":"Singing Bowl","floor":31}],"player_experience":90140,"potions_floor_usage":[13,16,23,28,33],"damage_taken":[{"damage":0,"enemies":"Small Slimes","floor":1,"turns":6},{"damage":0,"enemies":"2 Louse","floor":2,"turns":3},{"damage":0,"enemies":"Jaw Worm","floor":5,"turns":6},{"damage":39,"enemies":"Lagavulin","floor":7,"turns":9},{"damage":2,"enemies":"Gremlin Nob","floor":13,"turns":5},{"damage":29,"enemies":"The Guardian","floor":16,"turns":13},{"damage":0,"enemies":"3 Byrds","floor":18,"turns":6},{"damage":1,"enemies":"2 Thieves","floor":20,"turns":5},{"damage":6,"enemies":"Masked Bandits","floor":21,"turns":4},{"damage":1,"enemies":"Slavers","floor":23,"turns":8},{"damage":2,"enemies":"Cultist and Chosen","floor":27,"turns":5},{"damage":26,"enemies":"Gremlin Leader","floor":28,"turns":10},{"damage":11,"enemies":"Snecko","floor":29,"turns":6},{"damage":19,"enemies":"Sentry and Sphere","floor":31,"turns":6},{"damage":46,"enemies":"Collector","floor":33,"turns":8}],"relics_obtained":[{"floor":7,"key":"War Paint"},{"floor":9,"key":"Strawberry"},{"floor":13,"key":"Calipers"},{"floor":21,"key":"Red Mask"},{"floor":23,"key":"Tiny Chest"},{"floor":26,"key":"Bottled Lightning"},{"floor":28,"key":"Singing Bowl"}],"event_choices":[{"event_name":"Shining Light","player_choice":"Entered Light","floor":3,"damage_taken":0},{"event_name":"Big Fish","player_choice":"Donut","floor":4,"damage_taken":0},{"event_name":"Golden Idol","player_choice":"Take Wound","floor":11,"damage_taken":0},{"event_name":"Living Wall","player_choice":"Forget","floor":14,"damage_taken":0},{"event_name":"Masked Bandits","player_choice":"Fought over 216 gold","floor":21,"damage_taken":0},{"event_name":"Accursed Blacksmith","player_choice":"Forge","floor":25,"damage_taken":0},{"event_name":"Ghosts","player_choice":"Ignored","floor":30,"damage_taken":0}],"boss_relics":[{"not_picked":["Philosopher\u0027s Stone","Lizard Tail"],"picked":"Cursed Key"}],"items_purged_floors":[19],"potions_floor_spawned":[5,13,18,21,27,29],"seed_played":"8193675272332334097","killed_by":"Collector","ascension_level":1,"potions_obtained":[{"floor":5,"key":"Regen Potion"},{"floor":13,"key":"EssenceOfSteel"},{"floor":18,"key":"Explosive Potion"},{"floor":21,"key":"AttackPotion"},{"floor":27,"key":"EssenceOfSteel"},{"floor":29,"key":"GamblersBrew"}],"is_trial":false}