{"gold_per_floor":[111,111,111,121,131,164,164,174,174,193,193,216,241,265,265,396,396,420,420,520,543,566,566,587,602,602,602,602,618,634,648,648,774,774,799,650,650,650,250,250,274,274,274,310,333,368,393,198,198,198],"floor_reached":51,"playtime":2511,"items_purged":[],"score":838,"play_id":"4f0ed2f7-788a-4358-8b79-53e04000a9b3","local_time":"20181103083326","is_ascension_mode":false,"campfire_choices":[{"data":"Zap","floor":7,"key":"SMITH"},{"floor":15,"key":"REST"},{"data":"Consume","floor":23,"key":"SMITH"},{"floor":27,"key":"REST"},{"floor":32,"key":"REST"},{"data":"Double Energy","floor":40,"key":"SMITH"},{"data":"Redo","floor":42,"key":"SMITH"},{"floor":49,"key":"REST"}],"neow_cost":"NONE","seed_source_timestamp":11756300953667,"circlet_count":0,"master_deck":["Strike_B","Defend_B","Defend_B","Zap+1","Dualcast","Beam Cell","Leap","Doom and Gloom","Streamline","Skim","Injury","Redo+1","Amplify","Go for the Eyes+1","Consume+1","Coolheaded","Double Energy+1","Steam+1","Hologram","Sweeping Beam+1","Conserve Battery+1","Seek+1","Rainbow+1","Ball Lightning+1","FTL+1","Melter+1","Mind Blast+1","BootSequence"],"relics":["Cracked Core","NeowsBlessing","Smiling Mask","Singing Bowl","Regal Pillow","Pocketwatch","Golden Idol","PreservedInsect","Nuclear Battery","Pen Nib","Astrolabe","Boot","Molten Egg 2","Oddly Smooth Stone","Cables","Dead Branch","Torii"],"potions_floor_usage":[6,25,31,33,33,44,50,50],"damage_taken":[{"damage":0,"enemies":"Jaw Worm","floor":1,"turns":1},{"damage":0,"enemies":"2 Louse","floor":4,"turns":1},{"damage":0,"enemies":"Small Slimes","floor":5,"turns":1},{"damage":27,"enemies":"Lagavulin","floor":6,"turns":5},{"damage":3,"enemies":"2 Fungi Beasts","floor":8,"turns":3},{"damage":8,"enemies":"Red Slaver","floor":10,"turns":3},{"damage":10,"enemies":"Looter","floor":13,"turns":2},{"damage":8,"enemies":"Large Slime","floor":14,"turns":5},{"damage":34,"enemies":"The Guardian","floor":16,"turns":12},{"damage":0,"enemies":"Spheric Guardian","floor":18,"turns":3},{"damage":1,"enemies":"Chosen","floor":21,"turns":3},{"damage":26,"enemies":"Snake Plant","floor":22,"turns":3},{"damage":14,"enemies":"Chosen and Byrds","floor":24,"turns":6},{"damage":30,"enemies":"3 Cultists","floor":25,"turns":6},{"damage":14,"enemies":"Centurion and Healer","floor":29,"turns":9},{"damage":15,"enemies":"Snake Plant","floor":30,"turns":4},{"damage":20,"enemies":"Shelled Parasite and Fungi","floor":31,"turns":6},{"damage":64,"enemies":"Collector","floor":33,"turns":16},{"damage":0,"enemies":"3 Darklings","floor":35,"turns":5},{"damage":1,"enemies":"3 Shapes","floor":41,"turns":3},{"damage":14,"enemies":"Reptomancer","floor":44,"turns":6},{"damage":0,"enemies":"Spire Growth","floor":45,"turns":3},{"damage":21,"enemies":"Nemesis","floor":46,"turns":5},{"damage":20,"enemies":"Jaw Worm Horde","floor":47,"turns":3},{"damage":39,"enemies":"Donu and Deca","floor":50,"turns":11}],"seed_played":"-6335728654250774988","potions_obtained":[{"floor":4,"key":"Regen Potion"},{"floor":8,"key":"Block Potion"},{"floor":10,"key":"SneckoOil"},{"floor":16,"key":"FearPotion"},{"floor":21,"key":"GamblersBrew"},{"floor":22,"key":"EssenceOfSteel"},{"floor":25,"key":"SkillPotion"},{"floor":30,"key":"Fire Potion"},{"floor":31,"key":"FocusPotion"},{"floor":41,"key":"SkillPotion"},{"floor":44,"key":"Dexterity Potion"}],"is_trial":false,"path_per_floor":["M","?","T","M","M","E","R","M","T","M","?","T","M","M","R","B",null,"M","$","?","M","M","R","M","M","T","R","?","M","M","M","R","B",null,"M","$","?","?","$","R","M","R","T","E","M","E","M","$","R","B",null],"character_chosen":"DEFECT","items_purchased":["Boot","Molten Egg 2","Oddly Smooth Stone","Melter+1","Mind Blast+1","BootSequence"],"campfire_rested":4,"item_purchase_floors":[36,39,39,48,48,48],"current_hp_per_floor":[75,72,72,72,74,55,55,52,52,44,44,44,34,28,66,32,79,79,79,79,78,52,52,38,8,8,46,79,67,52,32,71,9,83,83,83,83,83,83,83,82,82,82,70,72,53,35,35,77,38],"gold":198,"neow_bonus":"THREE_ENEMY_KILL","is_prod":false,"is_daily":false,"chose_seed":false,"campfire_upgraded":4,"win_rate":0,"timestamp":1541194406,"path_taken":["M","?","?","M","M","E","R","?","T","M","?","?","M","M","R","BOSS","M","$","?","M","M","R","M","?","T","R","?","M","M","?","R","BOSS","M","$","?","?","$","R","M","R","T","E","M","E","M","$","R","BOSS"],"build_version":"2018-11-01v2","purchased_purges":0,"victory":true,"max_hp_per_floor":[75,75,75,75,77,77,77,77,77,77,77,77,77,79,79,79,79,79,79,79,79,79,79,79,79,79,79,79,81,81,81,81,83,83,83,83,83,83,83,83,83,83,83,85,87,89,91,91,91,91],"card_choices":[{"not_picked":["Turbo","Steam"],"picked":"Beam Cell","floor":1},{"not_picked":["Stack","Sweeping Beam"],"picked":"Leap","floor":4},{"not_picked":["Undo","Aggregate","Steam"],"picked":"Singing Bowl","floor":5},{"not_picked":["Beam Cell","Barrage"],"picked":"Doom and Gloom","floor":6},{"not_picked":["Compile Driver","Coolheaded"],"picked":"Streamline","floor":8},{"not_picked":["Beam Cell","Leap"],"picked":"Skim","floor":10},{"not_picked":["Glacier","Hyperbeam"],"picked":"Redo","floor":13},{"not_picked":["Streamline","Gash","Rebound"],"picked":"Singing Bowl","floor":14},{"not_picked":["Reboot","All For One"],"picked":"Amplify","floor":16},{"not_picked":["Heatsinks","Doom and Gloom"],"picked":"Go for the Eyes+1","floor":18},{"not_picked":["Coolheaded","Streamline"],"picked":"Consume","floor":21},{"not_picked":["Barrage","Redo"],"picked":"Coolheaded","floor":22},{"not_picked":["Recycle","Rebound+1"],"picked":"Double Energy","floor":24},{"not_picked":["Ball Lightning","Hologram"],"picked":"Steam+1","floor":25},{"not_picked":["Steam","Heatsinks","Compile Driver"],"picked":"Singing Bowl","floor":29},{"not_picked":["Force Field+1","Undo"],"picked":"Hologram","floor":30},{"not_picked":["Lockon","Undo"],"picked":"Sweeping Beam+1","floor":31},{"not_picked":["Hyperbeam","Thunder Strike","Amplify"],"picked":"Singing Bowl","floor":33},{"not_picked":["Hologram+1","Gash"],"picked":"Ball Lightning+1","floor":35},{"not_picked":["Compile Driver+1","Cold Snap+1"],"picked":"FTL+1","floor":41},{"not_picked":["Gash+1","All For One+1","Turbo+1"],"picked":"Singing Bowl","floor":44},{"not_picked":["Coolheaded","Heatsinks","Steam+1"],"picked":"Singing Bowl","floor":45},{"not_picked":["Double Energy","Force Field","Chaos"],"picked":"Singing Bowl","floor":46},{"not_picked":["Coolheaded","Redo+1","Reinforced Body+1"],"picked":"Singing Bowl","floor":47}],"player_experience":157419,"relics_obtained":[{"floor":3,"key":"Singing Bowl"},{"floor":6,"key":"Regal Pillow"},{"floor":9,"key":"Pocketwatch"},{"floor":12,"key":"PreservedInsect"},{"floor":26,"key":"Pen Nib"},{"floor":43,"key":"Cables"},{"floor":44,"key":"Dead Branch"},{"floor":46,"key":"Torii"}],"event_choices":[{"damage_healed":0,"gold_gain":0,"player_choice":"Success","damage_taken":3,"relics_obtained":["Smiling Mask"],"max_hp_gain":0,"max_hp_loss":0,"event_name":"Scrap Ooze","floor":2,"gold_loss":0},{"damage_healed":0,"gold_gain":0,"player_choice":"Take Wound","damage_taken":0,"relics_obtained":["Golden Idol"],"max_hp_gain":0,"max_hp_loss":0,"event_name":"Golden Idol","floor":11,"gold_loss":0,"cards_obtained":["Injury"]},{"damage_healed":0,"gold_gain":100,"player_choice":"Pray","damage_taken":0,"max_hp_gain":0,"max_hp_loss":0,"event_name":"Golden Shrine","floor":20,"gold_loss":0},{"damage_healed":33,"gold_gain":0,"player_choice":"Full Heal","damage_taken":0,"max_hp_gain":0,"max_hp_loss":0,"event_name":"Wheel of Change","floor":28,"gold_loss":0},{"cards_removed":["Strike_B"],"damage_healed":0,"gold_gain":0,"player_choice":"Removed Attack","damage_taken":0,"max_hp_gain":0,"max_hp_loss":0,"event_name":"Falling","floor":37,"gold_loss":0},{"cards_removed":["Defend_B"],"damage_healed":0,"gold_gain":0,"player_choice":"Offered Basic","damage_taken":0,"max_hp_gain":0,"max_hp_loss":0,"event_name":"Bonfire Elementals","floor":38,"gold_loss":0}],"is_beta":true,"boss_relics":[{"not_picked":["Tiny House","Eternal Feather"],"picked":"Nuclear Battery"},{"not_picked":["Lizard Tail","Black Star"],"picked":"Astrolabe"}],"items_purged_floors":[],"is_endless":false,"potions_floor_spawned":[4,8,10,16,21,22,25,30,31,41,44],"ascension_level":0}