{"gold_per_floor":[115,125,200,212,131,131,81,116,116,127,137,23,23,54,54,54],"floor_reached":16,"playtime":376,"items_purged":[],"score":165,"play_id":"43efc820-3ae6-4b56-94f9-be9d9a5097ea","local_time":"20190425012710","is_ascension_mode":true,"campfire_choices":[{"data":"Inflame","floor":6,"key":"SMITH"},{"floor":13,"key":"REST"},{"data":"Cleave","floor":15,"key":"SMITH"}],"neow_cost":"NONE","seed_source_timestamp":961796218338888,"circlet_count":0,"master_deck":["AscendersBane","Strike_R","Strike_R","Strike_R","Strike_R","Defend_R","Defend_R","Defend_R","Defend_R","Bash","Twin Strike","Heavy Blade","Cleave+1","Inflame+1","Impervious","Impervious"],"relics":["Burning Blood","NeowsBlessing","Pantograph","The Courier","Ornamental Fan"],"potions_floor_usage":[10,11,16],"damage_taken":[{"damage":0,"enemies":"Cultist","floor":1,"turns":1},{"damage":0,"enemies":"2 Louse","floor":2,"turns":1},{"damage":0,"enemies":"Small Slimes","floor":4,"turns":1},{"damage":40,"enemies":"Lagavulin","floor":8,"turns":5},{"damage":10,"enemies":"Gremlin Gang","floor":10,"turns":3},{"damage":26,"enemies":"Large Slime","floor":11,"turns":6},{"damage":24,"enemies":"Gremlin Nob","floor":14,"turns":4},{"damage":52,"enemies":"Slime Boss","floor":16,"turns":10}],"seed_played":"853170627835646981","potions_obtained":[{"floor":2,"key":"Block Potion"},{"floor":8,"key":"Explosive Potion"},{"floor":14,"key":"Swift Potion"}],"is_trial":false,"path_per_floor":["M","M","?","M","$","R","?","E","T","M","M","$","R","E","R","B"],"character_chosen":"IRONCLAD","items_purchased":["Inflame","Impervious"],"campfire_rested":1,"item_purchase_floors":[5,12],"current_hp_per_floor":[78,80,69,75,75,75,75,41,41,37,17,17,41,23,23,0],"gold":54,"neow_bonus":"THREE_ENEMY_KILL","is_prod":false,"is_daily":false,"chose_seed":false,"campfire_upgraded":2,"win_rate":0,"timestamp":1556177230,"path_taken":["M","M","?","M","$","R","?","E","T","M","M","$","R","E","R","BOSS"],"build_version":"2019-01-23","purchased_purges":0,"victory":false,"max_hp_per_floor":[80,80,80,80,80,80,80,80,80,80,80,80,80,80,80,80],"card_choices":[{"not_picked":["Shrug It Off","Heavy Blade"],"picked":"Twin Strike","floor":1},{"not_picked":["Bloodletting","Warcry"],"picked":"Heavy Blade","floor":2},{"not_picked":["Iron Wave","Blood for Blood"],"picked":"Cleave","floor":4},{"not_picked":["Iron Wave","Pommel Strike"],"picked":"Impervious","floor":8},{"not_picked":["Iron Wave","Pommel Strike","Clothesline"],"picked":"SKIP","floor":10},{"not_picked":["Searing Blow","True Grit","Headbutt"],"picked":"SKIP","floor":11},{"not_picked":["Blood for Blood","Feed","Twin Strike"],"picked":"SKIP","floor":14}],"player_experience":534162,"relics_obtained":[{"floor":8,"key":"Pantograph"},{"floor":9,"key":"The Courier"},{"floor":14,"key":"Ornamental Fan"}],"event_choices":[{"damage_healed":0,"gold_gain":75,"player_choice":"Gather Gold","damage_taken":11,"max_hp_gain":0,"max_hp_loss":0,"event_name":"World of Goop","floor":3,"gold_loss":0},{"cards_removed":["Strike_R"],"damage_healed":0,"gold_gain":0,"player_choice":"Card Removal","damage_taken":0,"max_hp_gain":0,"max_hp_loss":0,"event_name":"The Cleric","floor":7,"gold_loss":50}],"is_beta":false,"boss_relics":[],"items_purged_floors":[],"is_endless":false,"potions_floor_spawned":[2,8,14],"killed_by":"Slime Boss","ascension_level":10}