{"gold_per_floor":[119,133,133,133,133,133,83,94,94,14,14,14,27,61,61,162,162,173,75,0,0,13,13,27,27,27,38,57,85,104,104,104,104],"floor_reached":33,"playtime":1525,"items_purged":["Strike_B"],"score":424,"play_id":"da566dfc-f882-42a1-8937-3ab06c4b96db","local_time":"20190428202804","is_ascension_mode":true,"campfire_choices":[{"data":"Dualcast","floor":6.0,"key":"SMITH"},{"floor":12.0,"key":"REST"},{"data":"Ball Lightning","floor":15.0,"key":"SMITH"},{"data":"Cold Snap","floor":23.0,"key":"SMITH"},{"data":"Chill","floor":25.0,"key":"SMITH"},{"floor":32.0,"key":"REST"}],"neow_cost":"NONE","seed_source_timestamp":1021521683020505,"circlet_count":0,"master_deck":["AscendersBane","Strike_B","Strike_B","Defend_B+1","Defend_B+1","Defend_B","Defend_B","Zap+1","Dualcast+1","Cold Snap+1","Gash","Genetic Algorithm","Self Repair","Leap","Ball Lightning+1","Echo Form+1","Ball Lightning","BootSequence","Leap","Melter","Chill+1","Conserve Battery","Rebound","Rebound+1","Seek","Turbo","Steam"],"special_seed":0,"relics":["Cracked Core","Regal Pillow","Calipers","Mercury Hourglass","Pantograph","Orrery","Meat on the Bone","Smiling Mask","Potion Belt"],"potions_floor_usage":[33],"damage_taken":[{"damage":14.0,"enemies":"Small Slimes","floor":1.0,"turns":4.0},{"damage":5.0,"enemies":"2 Louse","floor":2.0,"turns":2.0},{"damage":2.0,"enemies":"Jaw Worm","floor":8.0,"turns":3.0},{"damage":19.0,"enemies":"Gremlin Gang","floor":13.0,"turns":4.0},{"damage":19.0,"enemies":"Gremlin Nob","floor":14.0,"turns":4.0},{"damage":40.0,"enemies":"Slime Boss","floor":16.0,"turns":9.0},{"damage":12.0,"enemies":"2 Thieves","floor":18.0,"turns":4.0},{"damage":0.0,"enemies":"Spheric Guardian","floor":22.0,"turns":2.0},{"damage":20.0,"enemies":"Centurion and Healer","floor":24.0,"turns":11.0},{"damage":16.0,"enemies":"Chosen and Byrds","floor":27.0,"turns":6.0},{"damage":7.0,"enemies":"3 Cultists","floor":28.0,"turns":5.0},{"damage":11.0,"enemies":"Gremlin Leader","floor":29.0,"turns":7.0},{"damage":14.0,"enemies":"Snecko","floor":30.0,"turns":6.0},{"damage":86,"enemies":"Champ","floor":33,"turns":14}],"seed_played":"-8733013150812197327","potions_obtained":[{"floor":2.0,"key":"Regen Potion"},{"floor":13.0,"key":"Explosive Potion"},{"floor":14.0,"key":"Explosive Potion"},{"floor":18.0,"key":"Ancient Potion"},{"floor":22.0,"key":"SpeedPotion"},{"floor":28.0,"key":"Ancient Potion"},{"floor":30.0,"key":"SteroidPotion"}],"is_trial":false,"path_per_floor":["M","M","?","?","?","R","?","M","T","$","?","R","M","E","R","B",null,"M","$","?","?","M","R","M","R","T","M","M","E","M","?","R","B"],"character_chosen":"DEFECT","items_purchased":["Self Repair","Conserve Battery"],"campfire_rested":2,"item_purchase_floors":[10,19],"current_hp_per_floor":[54,49,37,37,42,42,42,40,40,40,24,63,63,51,51,43,71,59,59,59,59,59,59,46,46,46,42,54,43,48,48,80,0],"gold":104,"neow_bonus":"RANDOM_COMMON_RELIC","is_prod":false,"is_daily":false,"chose_seed":false,"campfire_upgraded":4,"win_rate":0,"timestamp":1556497684,"path_taken":["M","M","?","?","?","R","?","M","T","$","?","R","M","E","R","BOSS","M","$","?","?","M","R","M","R","T","M","?","E","M","?","R","BOSS"],"build_version":"2019-01-23","purchased_purges":1,"victory":false,"max_hp_per_floor":[75,75,75,75,80,80,80,80,80,80,80,80,80,80,80,80,80,80,80,80,80,80,80,80,80,80,80,80,80,80,80,80,80],"card_choices":[{"not_picked":["Hologram","Conserve Battery"],"picked":"Cold Snap","floor":1.0},{"not_picked":["Rip and Tear","Compile Driver"],"picked":"Gash","floor":2.0},{"not_picked":["Storm","Static Discharge"],"picked":"Genetic Algorithm","floor":8.0},{"not_picked":["Rebound","Rip and Tear"],"picked":"Leap","floor":13.0},{"not_picked":["BootSequence","Sweeping Beam"],"picked":"Ball Lightning","floor":14.0},{"not_picked":["Thunder Strike","Reboot"],"picked":"Echo Form","floor":16.0},{"not_picked":["Blizzard","Turbo"],"picked":"Ball Lightning","floor":17.0},{"not_picked":["Barrage","Undo"],"picked":"BootSequence","floor":17.0},{"not_picked":["Sweeping Beam","Force Field"],"picked":"Leap","floor":17.0},{"not_picked":["Hello World","Ball Lightning"],"picked":"Melter","floor":17.0},{"not_picked":["Lockon","Storm"],"picked":"Chill","floor":17.0},{"not_picked":["Tempest","Auto Shields","Chill"],"picked":"SKIP","floor":18.0},{"not_picked":["Undo","Fusion","Genetic Algorithm"],"picked":"SKIP","floor":22.0},{"not_picked":["Reprogram","Sweeping Beam"],"picked":"Rebound","floor":24.0},{"not_picked":["Beam Cell","Hologram"],"picked":"Rebound+1","floor":27.0},{"not_picked":["Streamline","Aggregate+1"],"picked":"Seek","floor":28.0},{"not_picked":["Chill","Reinforced Body"],"picked":"Turbo","floor":29.0},{"not_picked":["Rip and Tear","Aggregate"],"picked":"Steam","floor":30.0}],"player_experience":149663,"relics_obtained":[{"floor":9.0,"key":"Mercury Hourglass"},{"floor":14.0,"key":"Pantograph"},{"floor":26.0,"key":"Meat on the Bone"},{"floor":29.0,"key":"Smiling Mask"}],"event_choices":[{"damage_healed":0.0,"max_hp_gain":0.0,"max_hp_loss":0.0,"gold_gain":0.0,"event_name":"Scrap Ooze","player_choice":"Success","floor":3.0,"gold_loss":0.0,"damage_taken":12.0,"relics_obtained":["Calipers"]},{"damage_healed":0.0,"max_hp_gain":0.0,"max_hp_loss":0.0,"gold_gain":0.0,"event_name":"Living Wall","player_choice":"Grow","floor":4.0,"gold_loss":0.0,"damage_taken":0.0,"cards_upgraded":["Zap"]},{"damage_healed":0.0,"max_hp_gain":5.0,"max_hp_loss":0.0,"gold_gain":0.0,"event_name":"Big Fish","player_choice":"Donut","floor":5.0,"gold_loss":0.0,"damage_taken":0.0},{"cards_removed":["Strike_B"],"damage_healed":0.0,"max_hp_gain":0.0,"max_hp_loss":0.0,"gold_gain":0.0,"event_name":"The Cleric","player_choice":"Card Removal","floor":7.0,"gold_loss":50.0,"damage_taken":0.0},{"damage_healed":0.0,"max_hp_gain":0.0,"max_hp_loss":0.0,"gold_gain":0.0,"event_name":"Shining Light","player_choice":"Entered Light","floor":11.0,"gold_loss":0.0,"damage_taken":16.0,"cards_upgraded":["Defend_B","Defend_B"]},{"damage_healed":0.0,"max_hp_gain":0.0,"max_hp_loss":0.0,"gold_gain":0.0,"event_name":"Masked Bandits","player_choice":"Paid Fearfully","floor":20.0,"gold_loss":75.0,"damage_taken":0.0},{"damage_healed":0.0,"max_hp_gain":0.0,"max_hp_loss":0.0,"gold_gain":0.0,"event_name":"Accursed Blacksmith","player_choice":"Forge","floor":21.0,"gold_loss":0.0,"damage_taken":0.0,"cards_upgraded":["Echo Form"]},{"damage_healed":0.0,"max_hp_gain":0.0,"max_hp_loss":0.0,"gold_gain":0.0,"event_name":"WeMeetAgain","player_choice":"Gave Potion","floor":31.0,"gold_loss":0.0,"damage_taken":0.0,"relics_obtained":["Potion Belt"]}],"is_beta":false,"boss_relics":[{"not_picked":["Coffee Dripper","Tiny House"],"picked":"Orrery"}],"items_purged_floors":[19],"is_endless":false,"potions_floor_spawned":[2,13,14,18,22,28,30],"killed_by":"Champ","ascension_level":12}