{"gold_per_floor":[118,268,288,288,288,321,339,374,450,468,481,481,496,507,507,580,580,580,381,381,381,5,5,5,5,5,5],"floor_reached":27,"playtime":1014,"items_purged":["Strike_R"],"score":438,"play_id":"48663297-784f-4d24-9b08-08f4590918f3","local_time":"20190524174318","is_ascension_mode":true,"campfire_choices":[{"data":"Body Slam","floor":12,"key":"SMITH"},{"data":"Whirlwind","floor":15,"key":"SMITH"},{"data":"Impervious","floor":23,"key":"SMITH"}],"neow_cost":"NONE","seed_source_timestamp":286681200739726,"circlet_count":0,"master_deck":["AscendersBane","Strike_R+1","Strike_R+1","Strike_R","Strike_R","Defend_R","Defend_R","Defend_R","Defend_R","Bash","Battle Trance","Iron Wave","Body Slam+1","Impervious","Evolve","Pommel Strike","Whirlwind+1","Shrug It Off","Impervious+1","Twin Strike+1"],"special_seed":0,"relics":["Burning Blood","NeowsBlessing","Calipers","Bronze Scales","Bottled Flame","Ectoplasm","DollysMirror","Ice Cream","Toxic Egg 2"],"potions_floor_usage":[8,11,18],"damage_taken":[{"damage":0.0,"enemies":"2 Louse","floor":1.0,"turns":1.0},{"damage":0.0,"enemies":"Small Slimes","floor":3.0,"turns":2.0},{"damage":0.0,"enemies":"Gremlin Nob","floor":6.0,"turns":1.0},{"damage":0.0,"enemies":"Cultist","floor":7.0,"turns":3.0},{"damage":10,"enemies":"3 Sentries","floor":8,"turns":11},{"damage":12,"enemies":"Looter","floor":10,"turns":3},{"damage":20,"enemies":"Large Slime","floor":11,"turns":8},{"damage":0,"enemies":"Blue Slaver","floor":13,"turns":2},{"damage":1,"enemies":"Looter","floor":14,"turns":3},{"damage":37,"enemies":"The Guardian","floor":16,"turns":17},{"damage":7,"enemies":"Chosen","floor":18,"turns":5},{"damage":16,"enemies":"Spheric Guardian","floor":21,"turns":6},{"damage":19,"enemies":"Snake Plant","floor":25,"turns":4},{"damage":22,"enemies":"Shelled Parasite and Fungi","floor":27,"turns":3}],"seed_played":"6623878251964586782","potions_obtained":[{"floor":1.0,"key":"PowerPotion"},{"floor":3.0,"key":"SpeedPotion"},{"floor":8,"key":"BloodPotion"},{"floor":10,"key":"AttackPotion"},{"floor":14,"key":"Explosive Potion"}],"is_trial":false,"path_per_floor":["M","?","M","?","?","E","M","E","T","M","M","R","M","M","R","B",null,"M","$","?","M","$","R","?","M","T","M"],"character_chosen":"IRONCLAD","items_purchased":["DollysMirror","Ice Cream"],"campfire_rested":0,"item_purchase_floors":[19,22],"current_hp_per_floor":[74,74,75,52,52,58,64,60,60,54,47,47,53,58,58,27,63,62,62,41,31,31,31,31,18,18,0],"gold":5,"neow_bonus":"THREE_ENEMY_KILL","is_prod":false,"is_daily":false,"chose_seed":false,"campfire_upgraded":3,"win_rate":0,"timestamp":1558741398,"path_taken":["M","?","M","?","?","E","M","E","T","?","M","R","M","M","R","BOSS","M","$","?","M","$","R","?","M","T","M"],"build_version":"2019-01-23","purchased_purges":1,"victory":false,"max_hp_per_floor":[75,75,75,75,75,75,75,75,75,75,75,75,75,75,75,75,75,75,75,80,80,80,80,80,80,80,80],"card_choices":[{"not_picked":["Sword Boomerang","Combust"],"picked":"Battle Trance","floor":1.0},{"not_picked":["Perfected Strike","Seeing Red"],"picked":"Iron Wave","floor":3.0},{"not_picked":["True Grit","Evolve"],"picked":"Body Slam","floor":6.0},{"not_picked":["Anger","Warcry","Rupture"],"picked":"SKIP","floor":7.0},{"not_picked":["Second Wind","Hemokinesis"],"picked":"Impervious","floor":8},{"not_picked":["Headbutt","Armaments","Anger"],"picked":"SKIP","floor":10},{"not_picked":["Intimidate","Second Wind"],"picked":"Evolve","floor":11},{"not_picked":["Iron Wave","Dual Wield"],"picked":"Pommel Strike","floor":13},{"not_picked":["Power Through","Pommel Strike"],"picked":"Whirlwind","floor":14},{"not_picked":["Searing Blow","Headbutt"],"picked":"Shrug It Off","floor":18},{"not_picked":["Warcry","Sever Soul"],"picked":"Twin Strike+1","floor":21},{"not_picked":["Thunderclap","Anger","Headbutt"],"picked":"SKIP","floor":25}],"player_experience":590484,"relics_obtained":[{"floor":6.0,"key":"Calipers"},{"floor":8,"key":"Bronze Scales"},{"floor":9,"key":"Bottled Flame"},{"floor":26,"key":"Toxic Egg 2"}],"event_choices":[{"damage_healed":0.0,"max_hp_gain":0.0,"max_hp_loss":0.0,"gold_gain":150.0,"event_name":"Liars Game","player_choice":"AGREE","floor":2.0,"gold_loss":0.0,"damage_taken":0.0,"cards_obtained":["Doubt"]},{"damage_healed":0.0,"max_hp_gain":0.0,"max_hp_loss":0.0,"gold_gain":0.0,"event_name":"Shining Light","player_choice":"Entered Light","floor":4.0,"gold_loss":0.0,"damage_taken":23.0,"cards_upgraded":["Strike_R","Strike_R"]},{"cards_removed":["Doubt"],"damage_healed":0.0,"max_hp_gain":0.0,"max_hp_loss":0.0,"gold_gain":0.0,"event_name":"Fountain of Cleansing","player_choice":"Removed Curses","floor":5.0,"gold_loss":0.0,"damage_taken":0.0},{"damage_healed":0,"gold_gain":0,"player_choice":"Shed Blood","damage_taken":26,"max_hp_gain":5,"max_hp_loss":0,"event_name":"Forgotten Altar","floor":20,"gold_loss":0},{"damage_healed":0,"gold_gain":0,"player_choice":"Ignored","damage_taken":0,"max_hp_gain":0,"max_hp_loss":0,"event_name":"Vampires","floor":24,"gold_loss":0}],"is_beta":false,"boss_relics":[{"not_picked":["Snecko Eye","Lizard Tail"],"picked":"Ectoplasm"}],"items_purged_floors":[22],"is_endless":false,"potions_floor_spawned":[1,3,8,10,14,16],"killed_by":"Shelled Parasite and Fungi","ascension_level":15}