{"gold_per_floor":[368,443,454,99,99,99,126,140,219,235,235,246,280,84,84,161,211,229,201,220,220,220,220,220,239,239,259,259,259],"floor_reached":29,"playtime":1644,"items_purged":["Strike_G"],"score":470,"play_id":"b404e814-74a1-48a7-8494-b4d58932cce4","local_time":"20190401003618","is_ascension_mode":true,"campfire_choices":[{"data":"Well Laid Plans","floor":6,"key":"SMITH"},{"floor":11,"key":"REST"},{"data":"Noxious Fumes","floor":15,"key":"SMITH"},{"floor":23,"key":"REST"}],"neow_cost":"TEN_PERCENT_HP_LOSS","seed_source_timestamp":270654411291724,"circlet_count":0,"master_deck":["AscendersBane","Defend_G+1","Defend_G+1","Defend_G+1","Defend_G+1","Defend_G+1","Strike_G+1","Strike_G+1","Survivor","Neutralize","Well Laid Plans+1","Finesse","Die Die Die","Sucker Punch","Adrenaline+1","Noxious Fumes+1","Backstab","Unload","All Out Attack","Leg Sweep","All Out Attack","Poisoned Stab","Cloak And Dagger"],"relics":["Ring of the Snake","PreservedInsect","Regal Pillow","Bottled Tornado","Sundial","Question Card","Tiny House","Gremlin Horn","Dodecahedron"],"potions_floor_usage":[7,13,16,16,20,27],"damage_taken":[{"damage":11,"enemies":"Small Slimes","floor":1,"turns":6},{"damage":0,"enemies":"2 Louse","floor":3,"turns":4},{"damage":21,"enemies":"Gremlin Nob","floor":7,"turns":4},{"damage":0,"enemies":"Cultist","floor":8,"turns":3},{"damage":14,"enemies":"Looter","floor":10,"turns":4},{"damage":0,"enemies":"3 Louse","floor":12,"turns":2},{"damage":10,"enemies":"Lagavulin","floor":13,"turns":5},{"damage":22,"enemies":"Slime Boss","floor":16,"turns":11},{"damage":20,"enemies":"Shell Parasite","floor":18,"turns":8},{"damage":7,"enemies":"2 Thieves","floor":19,"turns":4},{"damage":19,"enemies":"Shelled Parasite and Fungi","floor":20,"turns":9},{"damage":15,"enemies":"Centurion and Healer","floor":25,"turns":7},{"damage":20,"enemies":"Sentry and Sphere","floor":27,"turns":7},{"damage":7,"enemies":"Book of Stabbing","floor":29,"turns":4}],"seed_played":"4889334395220051572","potions_obtained":[{"floor":1,"key":"LiquidBronze"},{"floor":8,"key":"Poison Potion"},{"floor":12,"key":"Ancient Potion"},{"floor":13,"key":"Explosive Potion"},{"floor":17,"key":"Ancient Potion"},{"floor":18,"key":"PowerPotion"},{"floor":25,"key":"AttackPotion"}],"is_trial":false,"path_per_floor":["M","?","M","$","?","R","E","M","T","M","R","M","E","$","R","B",null,"M","M","M","?","?","R","T","M","T","M","?","E"],"character_chosen":"THE_SILENT","items_purchased":["Well Laid Plans","Finesse","PreservedInsect","Noxious Fumes","Backstab"],"campfire_rested":2,"item_purchase_floors":[4,4,4,14,14],"current_hp_per_floor":[48,37,37,37,37,37,16,16,16,2,35,35,25,25,25,3,51,31,24,5,5,5,39,39,24,24,4,4,0],"gold":259,"neow_bonus":"TWO_FIFTY_GOLD","is_prod":false,"is_daily":false,"chose_seed":false,"campfire_upgraded":2,"win_rate":0,"timestamp":1554100578,"path_taken":["M","?","M","$","?","R","E","M","T","M","R","M","E","$","R","BOSS","M","M","?","?","?","R","?","M","T","M","?","E"],"build_version":"2019-01-23","purchased_purges":1,"victory":false,"max_hp_per_floor":[60,60,60,60,60,60,60,60,60,60,60,60,60,60,60,60,65,65,65,65,65,65,65,65,65,65,65,65,65],"card_choices":[{"not_picked":["Calculated Gamble","Bane"],"picked":"Quick Slash","floor":1},{"not_picked":["Distraction","Reflex","Slice"],"picked":"SKIP","floor":3},{"not_picked":["Acrobatics","Dodge and Roll"],"picked":"Die Die Die","floor":7},{"not_picked":["Slice","Catalyst","Acrobatics"],"picked":"SKIP","floor":8},{"not_picked":["Dodge and Roll","Acrobatics"],"picked":"Sucker Punch","floor":10},{"not_picked":["Acrobatics","Endless Agony","Infinite Blades"],"picked":"SKIP","floor":12},{"not_picked":["Setup","Blur"],"picked":"Adrenaline","floor":13},{"not_picked":["Wraith Form v2","Glass Knife","Bullet Time"],"picked":"Unload","floor":16},{"not_picked":["Flechettes","Dagger Throw","Accuracy"],"picked":"All Out Attack","floor":17},{"not_picked":["Reflex","Crippling Poison","Setup+1"],"picked":"Leg Sweep","floor":18},{"not_picked":["Catalyst","Slice","Deflect","Quick Slash"],"picked":"SKIP","floor":19},{"not_picked":["Sucker Punch","Bane","Poisoned Stab","Setup"],"picked":"SKIP","floor":20},{"not_picked":["Sucker Punch","Well Laid Plans","Terror","Expertise+1"],"picked":"SKIP","floor":25},{"not_picked":["Bullet Time","Dodge and Roll","Caltrops","Underhanded Strike"],"picked":"SKIP","floor":27}],"player_experience":405894,"relics_obtained":[{"floor":7,"key":"Bottled Tornado"},{"floor":9,"key":"Sundial"},{"floor":13,"key":"Question Card"},{"floor":24,"key":"Gremlin Horn"},{"floor":26,"key":"Dodecahedron"}],"event_choices":[{"damage_healed":0,"gold_gain":75,"player_choice":"Gather Gold","damage_taken":11,"max_hp_gain":0,"max_hp_loss":0,"event_name":"World of Goop","floor":2,"gold_loss":0},{"cards_removed":["Quick Slash"],"damage_healed":0,"gold_gain":0,"player_choice":"Gave Card","damage_taken":0,"relics_obtained":["Regal Pillow"],"max_hp_gain":0,"max_hp_loss":0,"event_name":"WeMeetAgain","floor":5,"gold_loss":0},{"damage_healed":0,"gold_gain":0,"cards_transformed":["Strike_G","Strike_G"],"player_choice":"Became Test Subject","damage_taken":0,"max_hp_gain":0,"max_hp_loss":0,"event_name":"Drug Dealer","floor":21,"gold_loss":0,"cards_obtained":["All Out Attack","Poisoned Stab"]},{"damage_healed":0,"gold_gain":0,"player_choice":"Read","damage_taken":0,"max_hp_gain":0,"max_hp_loss":0,"event_name":"The Library","floor":22,"gold_loss":0,"cards_obtained":["Cloak And Dagger"]},{"damage_healed":0,"gold_gain":0,"player_choice":"Simplicity","damage_taken":0,"max_hp_gain":0,"max_hp_loss":0,"event_name":"Back to Basics","floor":28,"gold_loss":0,"cards_upgraded":["Defend_G","Defend_G","Defend_G","Defend_G","Defend_G","Strike_G","Strike_G"]}],"is_beta":false,"boss_relics":[{"not_picked":["Runic Dome","Velvet Choker"],"picked":"Tiny House"}],"items_purged_floors":[14],"is_endless":false,"potions_floor_spawned":[1,8,12,13,18,25],"killed_by":"Book of Stabbing","ascension_level":20}