{"gold_per_floor":[148,148,165,243,243,243,271,290,314,325,325,357,409,419,419,493,493,510,435,451,176,176,176,193,193,193,226,226,226,226,40,40,113,113,129,29,29,43,53,53,68,68,68,83,83,114,114,125,125,125],"floor_reached":50,"playtime":2199,"items_purged":["Strike_R","Defend_R"],"score":846,"play_id":"8128a4a8-056f-4ff4-ab5b-ad74d243e9da","local_time":"20190527190137","is_ascension_mode":true,"campfire_choices":[{"data":"True Grit","floor":6.0,"key":"SMITH"},{"data":"Whirlwind","floor":11.0,"key":"SMITH"},{"data":"Bash","floor":15.0,"key":"SMITH"},{"data":"Pommel Strike","floor":23.0,"key":"SMITH"},{"data":"Flame Barrier","floor":25.0,"key":"SMITH"},{"data":"Battle Trance","floor":29.0,"key":"SMITH"},{"floor":32.0,"key":"REST"},{"data":"Offering","floor":40.0,"key":"SMITH"},{"data":"Whirlwind","floor":42.0,"key":"SMITH"},{"floor":45.0,"key":"REST"},{"floor":47.0,"key":"REST"},{"data":"Exhume","floor":49.0,"key":"SMITH"}],"neow_cost":"NONE","seed_source_timestamp":3521016906444119,"circlet_count":0,"master_deck":["AscendersBane","Strike_R","Strike_R+1","Strike_R+1","Defend_R","Defend_R","Defend_R","Bash+1","Cleave","True Grit+1","Whirlwind+1","Ghostly Armor","Iron Wave","Flame Barrier+1","Battle Trance+1","Impervious","Pommel Strike+1","Anger","Headbutt+1","Writhe","Reaper","Clothesline","Offering+1","Inflame+1","Shame","Bloodletting+1","True Grit+1","Whirlwind+1","Parasite","Exhume+1"],"special_seed":0,"relics":["Burning Blood","Tiny Chest","Mercury Hourglass","Sundial","Juzu Bracelet","Orichalcum","Whetstone","Potion Belt","Cursed Key","Blood Vial","Art of War","Bag of Preparation","Incense Burner","Spirit Poop","Velvet Choker","Thread and Needle","Lantern"],"potions_floor_usage":[50,50],"damage_taken":[{"damage":6.0,"enemies":"Cultist","floor":1.0,"turns":4.0},{"damage":9.0,"enemies":"Jaw Worm","floor":3.0,"turns":3.0},{"damage":24.0,"enemies":"Gremlin Nob","floor":7.0,"turns":4.0},{"damage":1.0,"enemies":"Small Slimes","floor":8.0,"turns":3.0},{"damage":0.0,"enemies":"Exordium Wildlife","floor":10.0,"turns":3.0},{"damage":37.0,"enemies":"Lagavulin","floor":12.0,"turns":6.0},{"damage":6.0,"enemies":"Looter","floor":14.0,"turns":3.0},{"damage":16.0,"enemies":"Slime Boss","floor":16.0,"turns":10.0},{"damage":0.0,"enemies":"3 Byrds","floor":18.0,"turns":3.0},{"damage":29.0,"enemies":"Spheric Guardian","floor":20.0,"turns":5.0},{"damage":2.0,"enemies":"Snake Plant","floor":24.0,"turns":4.0},{"damage":24.0,"enemies":"Gremlin Leader","floor":27.0,"turns":7.0},{"damage":69.0,"enemies":"Collector","floor":33.0,"turns":11.0},{"damage":17.0,"enemies":"3 Darklings","floor":35.0,"turns":4.0},{"damage":11.0,"enemies":"3 Shapes","floor":38.0,"turns":2.0},{"damage":2.0,"enemies":"Sphere and 2 Shapes","floor":39.0,"turns":1.0},{"damage":35.0,"enemies":"Maw","floor":41.0,"turns":6.0},{"damage":17.0,"enemies":"Writhing Mass","floor":44.0,"turns":3.0},{"damage":33.0,"enemies":"Reptomancer","floor":46.0,"turns":3.0},{"damage":0.0,"enemies":"Jaw Worm Horde","floor":48.0,"turns":1.0},{"damage":97,"enemies":"Awakened One","floor":50,"turns":9}],"seed_played":"4213487253288068092","potions_obtained":[{"floor":3.0,"key":"BloodPotion"},{"floor":10.0,"key":"AttackPotion"},{"floor":12.0,"key":"Regen Potion"},{"floor":33.0,"key":"SkillPotion"},{"floor":35.0,"key":"Strength Potion"},{"floor":39.0,"key":"SkillPotion"},{"floor":48.0,"key":"Strength Potion"}],"is_trial":false,"path_per_floor":["M","T","M","T","?","R","E","M","T","M","R","E","T","M","R","B",null,"M","?","M","$","?","R","M","R","T","E","?","R","?","$","R","B",null,"M","$","T","M","M","R","M","R","T","M","R","E","R","M","R","B"],"character_chosen":"IRONCLAD","items_purchased":["Explosive Potion","Blood Vial","Reaper","Clothesline"],"campfire_rested":3,"item_purchase_floors":[21,21,31,31],"current_hp_per_floor":[68,68,65,65,65,65,54,59,59,65,65,34,34,43,43,33,65,71,71,48,48,48,48,54,54,54,38,38,38,38,38,60,11,59,62,62,62,70,75,75,53,53,53,44,66,41,63,71,71,0],"gold":125,"neow_bonus":"RANDOM_COMMON_RELIC","is_prod":false,"is_daily":false,"chose_seed":false,"campfire_upgraded":9,"win_rate":0,"timestamp":1558998097,"path_taken":["M","?","M","?","?","R","E","M","T","M","R","E","?","M","R","BOSS","M","?","M","$","?","R","M","R","T","E","?","R","?","?","R","BOSS","M","$","?","M","M","R","M","R","T","M","R","E","R","M","R","BOSS"],"build_version":"2019-01-23","purchased_purges":2,"victory":false,"max_hp_per_floor":[75,75,75,75,75,75,75,75,75,75,75,75,75,75,75,75,75,75,75,75,75,75,75,75,75,75,75,75,75,75,75,75,75,75,75,75,75,75,75,75,75,75,75,75,75,75,75,75,75,75],"card_choices":[{"not_picked":["Shrug It Off","Heavy Blade"],"picked":"Cleave","floor":1.0},{"not_picked":["Wild Strike","Rage"],"picked":"True Grit","floor":3.0},{"not_picked":["Pummel","Heavy Blade"],"picked":"Whirlwind","floor":7.0},{"not_picked":["Double Tap","Body Slam"],"picked":"Ghostly Armor","floor":8.0},{"not_picked":["Body Slam","Warcry"],"picked":"Iron Wave","floor":10.0},{"not_picked":["Perfected Strike","Impervious"],"picked":"Flame Barrier","floor":12.0},{"not_picked":["Infernal Blade","Rupture"],"picked":"Battle Trance","floor":14.0},{"not_picked":["Barricade","Bludgeon"],"picked":"Impervious","floor":16.0},{"not_picked":["Wild Strike","Flex","Rupture"],"picked":"SKIP","floor":18.0},{"not_picked":["True Grit","Perfected Strike"],"picked":"Pommel Strike","floor":20.0},{"not_picked":["Cleave","Body Slam"],"picked":"Anger","floor":24.0},{"not_picked":["Offering","Pommel Strike+1"],"picked":"Headbutt+1","floor":27.0},{"not_picked":["Bludgeon","Feed"],"picked":"Offering","floor":33.0},{"not_picked":["Headbutt+1","Seeing Red"],"picked":"Inflame+1","floor":35.0},{"not_picked":["Rage","Pummel+1"],"picked":"Bloodletting+1","floor":38.0},{"not_picked":["Perfected Strike","Blood for Blood+1"],"picked":"True Grit+1","floor":39.0},{"not_picked":["Flame Barrier","Anger"],"picked":"Whirlwind","floor":41.0},{"not_picked":["Warcry+1","Rupture","Flame Barrier+1"],"picked":"SKIP","floor":44.0},{"not_picked":["Barricade","Warcry"],"picked":"Exhume","floor":46.0},{"not_picked":["Clash","Body Slam+1","Sword Boomerang"],"picked":"SKIP","floor":48.0}],"player_experience":163338,"relics_obtained":[{"floor":2.0,"key":"Mercury Hourglass"},{"floor":4.0,"key":"Sundial"},{"floor":7.0,"key":"Juzu Bracelet"},{"floor":9.0,"key":"Orichalcum"},{"floor":12.0,"key":"Whetstone"},{"floor":13.0,"key":"Potion Belt"},{"floor":26.0,"key":"Art of War"},{"floor":27.0,"key":"Bag of Preparation"},{"floor":37.0,"key":"Thread and Needle"},{"floor":46.0,"key":"Lantern"}],"event_choices":[{"damage_healed":0.0,"max_hp_gain":0.0,"max_hp_loss":0.0,"gold_gain":0.0,"event_name":"Liars Game","player_choice":"Ignored","floor":5.0,"gold_loss":0.0,"damage_taken":0.0},{"cards_removed":["Strike_R"],"damage_healed":0.0,"max_hp_gain":0.0,"max_hp_loss":0.0,"gold_gain":0.0,"event_name":"Beggar","player_choice":"Gave Gold","floor":19.0,"gold_loss":75.0,"damage_taken":0.0},{"damage_healed":0.0,"max_hp_gain":0.0,"max_hp_loss":0.0,"gold_gain":0.0,"event_name":"Ghosts","player_choice":"Ignored","floor":22.0,"gold_loss":0.0,"damage_taken":0.0},{"damage_healed":0.0,"max_hp_gain":0.0,"max_hp_loss":0.0,"gold_gain":0.0,"event_name":"The Mausoleum","player_choice":"Opened","floor":28.0,"gold_loss":0.0,"damage_taken":0.0,"relics_obtained":["Incense Burner"],"cards_obtained":["Writhe"]},{"cards_removed":["Writhe"],"damage_healed":0.0,"max_hp_gain":0.0,"max_hp_loss":0.0,"gold_gain":0.0,"event_name":"Bonfire Elementals","player_choice":"Offered Curse","floor":30.0,"gold_loss":0.0,"damage_taken":0.0,"relics_obtained":["Spirit Poop"]}],"is_beta":false,"boss_relics":[{"not_picked":["Snecko Eye","Busted Crown"],"picked":"Cursed Key"},{"not_picked":["Orrery","Coffee Dripper"],"picked":"Velvet Choker"}],"items_purged_floors":[21,36],"is_endless":false,"potions_floor_spawned":[3,10,12,33,35,39,48],"killed_by":"Awakened One","ascension_level":14}