{"gold_per_floor":[361,375,395,411,13,13,31,31,31,31,41,41,51,51],"floor_reached":14,"playtime":697,"items_purged":["Strike_G"],"score":164,"play_id":"b58d0790-94b0-4c12-8f4b-9df33fdbf53a","local_time":"20190331014142","is_ascension_mode":true,"campfire_choices":[{"floor":6,"key":"REST"},{"floor":8,"key":"REST"},{"data":"Neutralize","floor":10,"key":"SMITH"}],"neow_cost":"PERCENT_DAMAGE","seed_source_timestamp":189127889212113,"circlet_count":0,"master_deck":["AscendersBane","Defend_G","Defend_G","Defend_G","Defend_G","Defend_G","Strike_G","Strike_G","Strike_G","Strike_G","Survivor","Neutralize+1","Dagger Throw","Backflip","Deadly Poison","Die Die Die","Well Laid Plans","Flying Knee","Caltrops"],"relics":["Ring of the Snake","Membership Card","The Courier","Unceasing Top"],"potions_floor_usage":[3,14],"damage_taken":[{"damage":1,"enemies":"Small Slimes","floor":1,"turns":3},{"damage":4,"enemies":"Cultist","floor":2,"turns":5},{"damage":9,"enemies":"2 Louse","floor":3,"turns":4},{"damage":28,"enemies":"Exordium Thugs","floor":4,"turns":6},{"damage":12,"enemies":"Exordium Wildlife","floor":7,"turns":3},{"damage":0,"enemies":"Blue Slaver","floor":11,"turns":6},{"damage":6,"enemies":"Exordium Thugs","floor":13,"turns":5},{"damage":35,"enemies":"Gremlin Nob","floor":14,"turns":3}],"seed_played":"-4560134544611987062","potions_obtained":[{"floor":2,"key":"Fruit Juice"},{"floor":7,"key":"Weak Potion"}],"is_trial":false,"path_per_floor":["M","M","M","M","$","R","M","R","T","R","M","?","M","E"],"character_chosen":"THE_SILENT","items_purchased":["Membership Card","Die Die Die","Well Laid Plans","Explosive Potion"],"campfire_rested":2,"item_purchase_floors":[5,5,5,5],"current_hp_per_floor":[43,39,35,7,7,28,16,37,37,37,37,37,31,0],"gold":51,"neow_bonus":"TWO_FIFTY_GOLD","is_prod":false,"is_daily":false,"chose_seed":false,"campfire_upgraded":1,"win_rate":0,"timestamp":1554018102,"path_taken":["M","M","M","M","$","R","M","R","T","R","M","?","?","E"],"build_version":"2019-01-23","purchased_purges":1,"victory":false,"max_hp_per_floor":[66,66,71,71,71,71,71,71,71,71,71,71,71,71],"card_choices":[{"not_picked":["Slice","Calculated Gamble"],"picked":"Dagger Throw","floor":1},{"not_picked":["Flying Knee","Sucker Punch"],"picked":"Backflip","floor":2},{"not_picked":["Heel Hook","Masterful Stab","Slice"],"picked":"SKIP","floor":3},{"not_picked":["Prepared","Terror"],"picked":"Deadly Poison","floor":4},{"not_picked":["Reflex","Underhanded Strike"],"picked":"Flying Knee","floor":7},{"not_picked":["Poisoned Stab","Prepared"],"picked":"Caltrops","floor":11},{"not_picked":["Burst","Leg Sweep","Slice"],"picked":"SKIP","floor":13}],"player_experience":381549,"relics_obtained":[{"floor":9,"key":"The Courier"}],"event_choices":[{"damage_healed":0,"gold_gain":0,"player_choice":"Gave Potion","damage_taken":0,"relics_obtained":["Unceasing Top"],"max_hp_gain":0,"max_hp_loss":0,"event_name":"WeMeetAgain","floor":12,"gold_loss":0}],"is_beta":false,"boss_relics":[],"items_purged_floors":[5],"is_endless":false,"potions_floor_spawned":[2,7],"killed_by":"Gremlin Nob","ascension_level":19}