{"gold_per_floor":[115,115,135,135,145,145,160,160,216,216,245,245,261,280,280,359,409,422,436,436,454,468,468,486,486,486,102,102,27,27,44,44,119,119,131,147,165,165,180,180,195,195],"floor_reached":42,"playtime":2173,"items_purged":["Strike_G"],"score":858,"play_id":"6a564d2f-b7dd-4bb4-971b-e4a689fd3c45","local_time":"20190402013010","is_ascension_mode":true,"campfire_choices":[{"data":"Poisoned Stab","floor":6,"key":"SMITH"},{"data":"Adrenaline","floor":10,"key":"SMITH"},{"data":"Survivor","floor":12,"key":"SMITH"},{"data":"Dash","floor":15,"key":"SMITH"},{"data":"Crippling Poison","floor":23,"key":"SMITH"},{"data":"After Image","floor":25,"key":"SMITH"},{"data":"A Thousand Cuts","floor":28,"key":"SMITH"},{"data":"Cloak And Dagger","floor":30,"key":"SMITH"},{"floor":32,"key":"REST"},{"data":"Skewer","floor":40,"key":"SMITH"}],"neow_cost":"NONE","seed_source_timestamp":359757095547043,"circlet_count":0,"master_deck":["AscendersBane","Defend_G","Defend_G","Defend_G+1","Strike_G","Survivor+1","Neutralize+1","Venomology+1","Terror+1","Skewer+1","Poisoned Stab+1","Adrenaline+1","Backstab","Dash+1","Escape Plan","After Image+1","Cloak And Dagger+1","Crippling Poison+1","Leg Sweep","A Thousand Cuts+1","Cloak And Dagger","Skewer+1","PiercingWail","Cloak And Dagger+1"],"relics":["Astrolabe","Mummified Hand","Tiny Chest","Question Card","Tiny House","MutagenicStrength","Mercury Hourglass","Chemical X","Busted Crown"],"potions_floor_usage":[7,7,11,11,14,16,16,18,18,18,19,19,22,22,31,33,33,35,36,36,36,39,41,42,42,42],"damage_taken":[{"damage":0,"enemies":"Small Slimes","floor":1,"turns":2},{"damage":1,"enemies":"Jaw Worm","floor":3,"turns":3},{"damage":0,"enemies":"2 Louse","floor":5,"turns":2},{"damage":21,"enemies":"Blue Slaver","floor":7,"turns":3},{"damage":0,"enemies":"3 Sentries","floor":11,"turns":6},{"damage":0,"enemies":"3 Louse","floor":13,"turns":1},{"damage":0,"enemies":"Looter","floor":14,"turns":2},{"damage":5,"enemies":"Hexaghost","floor":16,"turns":7},{"damage":1,"enemies":"Shell Parasite","floor":18,"turns":3},{"damage":3,"enemies":"Chosen","floor":19,"turns":4},{"damage":24,"enemies":"Shelled Parasite and Fungi","floor":21,"turns":8},{"damage":1,"enemies":"Centurion and Healer","floor":22,"turns":7},{"damage":3,"enemies":"Snake Plant","floor":24,"turns":3},{"damage":17,"enemies":"Cultist and Chosen","floor":31,"turns":4},{"damage":6,"enemies":"Automaton","floor":33,"turns":10},{"damage":0,"enemies":"Orb Walker","floor":35,"turns":3},{"damage":0,"enemies":"3 Shapes","floor":36,"turns":4},{"damage":15,"enemies":"Spire Growth","floor":37,"turns":4},{"damage":0,"enemies":"Transient","floor":39,"turns":6},{"damage":0,"enemies":"Jaw Worm Horde","floor":41,"turns":4},{"damage":50,"enemies":"Reptomancer","floor":42,"turns":4}],"seed_played":"-3177918797690178930","potions_obtained":[{"floor":3,"key":"Fire Potion"},{"floor":7,"key":"Energy Potion"},{"floor":13,"key":"LiquidBronze"},{"floor":17,"key":"SpeedPotion"},{"floor":18,"key":"Dexterity Potion"},{"floor":21,"key":"Energy Potion"},{"floor":33,"key":"SpeedPotion"},{"floor":37,"key":"SteroidPotion"}],"is_trial":false,"path_per_floor":["M","?","M","T","M","R","M","?","T","R","E","R","M","M","R","B",null,"M","M","?","M","M","R","M","R","T","$","R","?","R","M","R","B",null,"M","M","M","?","M","R","M","E"],"character_chosen":"THE_SILENT","items_purchased":["Chemical X","A Thousand Cuts"],"campfire_rested":1,"item_purchase_floors":[27,27],"current_hp_per_floor":[59,59,58,58,58,58,37,30,30,30,30,30,30,30,30,25,61,60,57,57,33,32,32,29,29,29,29,29,29,29,12,33,27,60,60,60,45,45,45,45,45,0],"gold":195,"neow_bonus":"BOSS_RELIC","is_prod":false,"is_daily":false,"chose_seed":false,"campfire_upgraded":9,"win_rate":0,"timestamp":1554190210,"path_taken":["M","?","M","?","M","R","M","?","T","R","E","R","M","M","R","BOSS","M","M","?","M","M","R","M","R","T","$","R","?","R","M","R","BOSS","M","M","M","?","M","R","M","E"],"build_version":"2019-01-23","purchased_purges":1,"victory":false,"max_hp_per_floor":[66,66,66,66,66,66,66,66,66,66,66,66,66,66,66,66,71,71,71,71,71,71,71,71,71,71,71,71,71,71,71,71,71,71,71,71,71,67,67,67,67,67],"card_choices":[{"not_picked":["Deflect","Underhanded Strike","Sucker Punch"],"picked":"SKIP","floor":1},{"not_picked":["Dodge and Roll","Underhanded Strike"],"picked":"Poisoned Stab","floor":3},{"not_picked":["Slice","Heel Hook","Terror"],"picked":"SKIP","floor":5},{"not_picked":["Crippling Poison","Tactician"],"picked":"Adrenaline","floor":7},{"not_picked":["Noxious Fumes","Cloak And Dagger"],"picked":"Backstab","floor":11},{"not_picked":["Dagger Spray","Cloak And Dagger","Blade Dance"],"picked":"Dash","floor":13},{"not_picked":["Acrobatics","Blade Dance","Poisoned Stab"],"picked":"Escape Plan","floor":14},{"not_picked":["Grand Finale","Phantasmal Killer","Die Die Die"],"picked":"After Image","floor":16},{"not_picked":["Deadly Poison","Poisoned Stab","Dagger Throw"],"picked":"Cloak And Dagger","floor":17},{"not_picked":["Bane","Accuracy","Storm of Steel","Masterful Stab"],"picked":"SKIP","floor":18},{"not_picked":["Bane","Quick Slash","Deadly Poison","Infinite Blades"],"picked":"SKIP","floor":19},{"not_picked":["Wraith Form v2","Outmaneuver+1","Poisoned Stab","Endless Agony"],"picked":"SKIP","floor":21},{"not_picked":["Quick Slash+1","Prepared","Reflex"],"picked":"Crippling Poison","floor":22},{"not_picked":["Accuracy","Masterful Stab","Expertise+1"],"picked":"Leg Sweep","floor":24},{"not_picked":["Riddle With Holes","Expertise","Dodge and Roll","All Out Attack"],"picked":"SKIP","floor":31},{"not_picked":["Tactician+1"],"picked":"Cloak And Dagger","floor":35},{"not_picked":["Sucker Punch"],"picked":"Skewer","floor":36},{"not_picked":["Calculated Gamble+1","Noxious Fumes"],"picked":"SKIP","floor":37},{"not_picked":["Noxious Fumes+1"],"picked":"PiercingWail","floor":39},{"not_picked":["Caltrops"],"picked":"Cloak And Dagger+1","floor":41}],"player_experience":416544,"relics_obtained":[{"floor":4,"key":"Mummified Hand"},{"floor":9,"key":"Tiny Chest"},{"floor":11,"key":"Question Card"},{"floor":26,"key":"Mercury Hourglass"}],"event_choices":[{"damage_healed":0,"gold_gain":0,"player_choice":"Grow","damage_taken":0,"max_hp_gain":0,"max_hp_loss":0,"event_name":"Living Wall","floor":2,"gold_loss":0,"cards_upgraded":["Neutralize"]},{"cards_removed":["Strike_G"],"damage_healed":0,"gold_gain":0,"player_choice":"Card Removal","damage_taken":7,"max_hp_gain":0,"max_hp_loss":0,"event_name":"Golden Wing","floor":8,"gold_loss":0},{"damage_healed":0,"gold_gain":0,"player_choice":"Inject Mutagens","damage_taken":0,"relics_obtained":["MutagenicStrength"],"max_hp_gain":0,"max_hp_loss":0,"event_name":"Drug Dealer","floor":20,"gold_loss":0},{"cards_removed":["Defend_G"],"damage_healed":0,"gold_gain":0,"player_choice":"Gave Gold","damage_taken":0,"max_hp_gain":0,"max_hp_loss":0,"event_name":"Beggar","floor":29,"gold_loss":75},{"damage_healed":0,"gold_gain":0,"player_choice":"Max HP","damage_taken":0,"max_hp_gain":0,"max_hp_loss":4,"event_name":"Winding Halls","floor":38,"gold_loss":0}],"is_beta":false,"boss_relics":[{"not_picked":["Empty Cage","Black Star"],"picked":"Tiny House"},{"not_picked":["Philosopher\u0027s Stone","Runic Dome"],"picked":"Busted Crown"}],"items_purged_floors":[27],"is_endless":false,"potions_floor_spawned":[3,5,7,13,18,21,24,33,37],"killed_by":"Reptomancer","ascension_level":20}