{"gold_per_floor":[115,115,115,132,132,132,97,97,97,128,141,141,156,183,183,255,255,265,265,265,265,29,29,45,64,64,64,339,369,194,211,211,211],"floor_reached":33,"playtime":986,"items_purged":["Writhe","Regret"],"score":577,"play_id":"01fca557-d915-452e-ba50-00019d023160","local_time":"20190526205534","is_ascension_mode":true,"campfire_choices":[{"floor":6.0,"key":"REST"},{"data":"Whirlwind","floor":8.0,"key":"SMITH"},{"data":"Bash","floor":12.0,"key":"SMITH"},{"data":"Flame Barrier","floor":15.0,"key":"SMITH"},{"data":"Shrug It Off","floor":23.0,"key":"SMITH"},{"floor":32.0,"key":"REST"}],"neow_cost":"NONE","seed_source_timestamp":105699864113984,"circlet_count":0,"master_deck":["AscendersBane","Strike_R+1","Strike_R+1","Strike_R+1","Strike_R+1","Defend_R+1","Defend_R+1","Defend_R+1","Bash+1","Whirlwind+1","Shrug It Off+1","Flame Barrier+1","Impervious","Ghostly","Ghostly","Ghostly","Battle Trance","Barricade","Ghostly Armor"],"special_seed":0,"relics":["Burning Blood","Regal Pillow","Letter Opener","Juzu Bracelet","Centennial Puzzle","Cursed Key","Oddly Smooth Stone","PreservedInsect","Vajra"],"potions_floor_usage":[33],"damage_taken":[{"damage":16.0,"enemies":"Jaw Worm","floor":1.0,"turns":4.0},{"damage":1.0,"enemies":"Cultist","floor":4.0,"turns":3.0},{"damage":10.0,"enemies":"3 Sentries","floor":10.0,"turns":2.0},{"damage":5.0,"enemies":"Small Slimes","floor":11.0,"turns":3.0},{"damage":5.0,"enemies":"3 Louse","floor":13.0,"turns":2.0},{"damage":28.0,"enemies":"Lagavulin","floor":14.0,"turns":5.0},{"damage":7.0,"enemies":"The Guardian","floor":16.0,"turns":15.0},{"damage":0.0,"enemies":"Chosen","floor":18.0,"turns":4.0},{"damage":4.0,"enemies":"Spheric Guardian","floor":24.0,"turns":6.0},{"damage":14.0,"enemies":"Centurion and Healer","floor":25.0,"turns":4.0},{"damage":1.0,"enemies":"Gremlin Leader","floor":29.0,"turns":4.0},{"damage":18.0,"enemies":"Cultist and Chosen","floor":31.0,"turns":9.0},{"damage":42,"enemies":"Champ","floor":33,"turns":16}],"seed_played":"7294683387442871267","potions_obtained":[{"floor":4.0,"key":"SteroidPotion"},{"floor":11.0,"key":"FearPotion"},{"floor":13.0,"key":"Block Potion"},{"floor":18.0,"key":"PowerPotion"},{"floor":31.0,"key":"Weak Potion"}],"is_trial":false,"path_per_floor":["M","?","?","M","?","R","?","R","T","E","M","R","M","E","R","B",null,"M","?","?","?","$","R","M","M","T","?","?","E","$","M","R","B"],"character_chosen":"IRONCLAD","items_purchased":["PreservedInsect","Ghostly Armor"],"campfire_rested":2,"item_purchase_floors":[22,30],"current_hp_per_floor":[58,35,35,40,14,51,69,69,69,65,66,66,67,45,45,44,67,73,73,73,37,37,37,37,29,29,21,21,26,26,14,41,0],"gold":211,"neow_bonus":"TRANSFORM_CARD","is_prod":false,"is_daily":false,"chose_seed":false,"campfire_upgraded":4,"win_rate":0,"timestamp":1558925734,"path_taken":["M","?","?","?","?","R","?","R","T","E","M","R","M","E","R","BOSS","M","?","?","?","$","R","M","M","T","?","?","E","$","M","R","BOSS"],"build_version":"2019-01-23","purchased_purges":2,"victory":false,"max_hp_per_floor":[75,75,75,75,75,75,75,75,75,75,75,75,75,75,75,75,75,75,75,75,37,37,37,37,37,37,42,42,42,42,42,42,42],"card_choices":[{"not_picked":["Headbutt","Dual Wield","Flex"],"picked":"SKIP","floor":1.0},{"not_picked":["Sever Soul","Heavy Blade","Armaments"],"picked":"SKIP","floor":4.0},{"not_picked":["Juggernaut","Body Slam","Sentinel"],"picked":"SKIP","floor":10.0},{"not_picked":["Anger","Thunderclap"],"picked":"Shrug It Off","floor":11.0},{"not_picked":["Twin Strike","Rampage"],"picked":"Flame Barrier","floor":13.0},{"not_picked":["Rage","Infernal Blade","Entrench"],"picked":"SKIP","floor":14.0},{"not_picked":["Bludgeon","Immolate"],"picked":"Impervious","floor":16.0},{"not_picked":["Metallicize+1","Cleave","Clash"],"picked":"SKIP","floor":18.0},{"not_picked":["Clothesline","Iron Wave","Thunderclap"],"picked":"SKIP","floor":24.0},{"not_picked":["Rage","Armaments"],"picked":"Battle Trance","floor":25.0},{"not_picked":["Impervious","Twin Strike"],"picked":"Barricade","floor":29.0},{"not_picked":["Shrug It Off","Dropkick+1","Hemokinesis"],"picked":"SKIP","floor":31.0}],"player_experience":620375,"relics_obtained":[{"floor":9.0,"key":"Letter Opener"},{"floor":10.0,"key":"Juzu Bracelet"},{"floor":14.0,"key":"Centennial Puzzle"},{"floor":29.0,"key":"Vajra"}],"event_choices":[{"damage_healed":0.0,"max_hp_gain":0.0,"max_hp_loss":0.0,"gold_gain":0.0,"event_name":"Shining Light","player_choice":"Entered Light","floor":2.0,"gold_loss":0.0,"damage_taken":23.0,"cards_upgraded":["Defend_R","Strike_R"]},{"cards_removed":["Defend_R"],"damage_healed":0.0,"max_hp_gain":0.0,"max_hp_loss":0.0,"gold_gain":0.0,"event_name":"Purifier","player_choice":"Purged","floor":3.0,"gold_loss":0.0,"damage_taken":0.0},{"damage_healed":0.0,"max_hp_gain":0.0,"max_hp_loss":0.0,"gold_gain":0.0,"event_name":"Scrap Ooze","player_choice":"Success","floor":5.0,"gold_loss":0.0,"damage_taken":26.0,"relics_obtained":["Regal Pillow"]},{"damage_healed":18.0,"max_hp_gain":0.0,"max_hp_loss":0.0,"gold_gain":0.0,"event_name":"The Cleric","player_choice":"Healed","floor":7.0,"gold_loss":35.0,"damage_taken":0.0},{"damage_healed":0.0,"max_hp_gain":0.0,"max_hp_loss":0.0,"gold_gain":0.0,"event_name":"Back to Basics","player_choice":"Simplicity","floor":19.0,"gold_loss":0.0,"damage_taken":0.0,"cards_upgraded":["Strike_R","Strike_R","Strike_R","Defend_R","Defend_R"]},{"damage_healed":0.0,"max_hp_gain":0.0,"max_hp_loss":0.0,"gold_gain":0.0,"event_name":"The Mausoleum","player_choice":"Opened","floor":20.0,"gold_loss":0.0,"damage_taken":0.0,"relics_obtained":["Oddly Smooth Stone"],"cards_obtained":["Writhe"]},{"damage_healed":0.0,"max_hp_gain":0.0,"max_hp_loss":38.0,"gold_gain":0.0,"event_name":"Ghosts","player_choice":"Became a Ghost","floor":21.0,"gold_loss":0.0,"damage_taken":0.0,"cards_obtained":["Ghostly","Ghostly","Ghostly"]},{"damage_healed":0.0,"max_hp_gain":5.0,"max_hp_loss":0.0,"gold_gain":0.0,"event_name":"Forgotten Altar","player_choice":"Shed Blood","floor":27.0,"gold_loss":0.0,"damage_taken":13.0},{"damage_healed":0.0,"max_hp_gain":0.0,"max_hp_loss":0.0,"gold_gain":275.0,"event_name":"Golden Shrine","player_choice":"Desecrate","floor":28.0,"gold_loss":0.0,"damage_taken":0.0,"cards_obtained":["Regret"]}],"is_beta":false,"boss_relics":[{"not_picked":["Eternal Feather","Busted Crown"],"picked":"Cursed Key"}],"items_purged_floors":[22,30],"is_endless":false,"potions_floor_spawned":[4,11,13,18,31],"killed_by":"Champ","ascension_level":19}