{"gold_per_floor":[119,119,135,54,54,81,81,114,114,125,140,140,140,158,158,262,262,276,276,286,286,286,286,316,154,154,154,79,79,89,7,7,7,7,23,23,41,53,63,63,63],"floor_reached":41,"playtime":1610,"items_purged":["Decay"],"score":602,"play_id":"5f90ffa5-a762-4c06-88e6-7f219ed23aa9","local_time":"20190422175043","is_ascension_mode":true,"campfire_choices":[{"data":"Flame Barrier","floor":7.0,"key":"SMITH"},{"data":"Immolate","floor":12.0,"key":"SMITH"},{"data":"Inflame","floor":15.0,"key":"SMITH"},{"data":"Cleave","floor":23.0,"key":"SMITH"},{"data":"Finesse","floor":27.0,"key":"SMITH"},{"data":"Flame Barrier","floor":29.0,"key":"SMITH"},{"data":"Heavy Blade","floor":32.0,"key":"SMITH"},{"data":"Dual Wield","floor":40.0,"key":"SMITH"}],"neow_cost":"NONE","seed_source_timestamp":760093955295250,"circlet_count":0,"master_deck":["Defend_R","Defend_R","Defend_R","Defend_R","Bash","Inflame+1","Dual Wield+1","Flame Barrier+1","Cleave+1","Metallicize","Immolate+1","Reaper","Bite","Bite","Bite","Bite","Bite","Finesse+1","Flame Barrier+1","Whirlwind+1","Heavy Blade+1","Shrug It Off+1"],"special_seed":0,"relics":["Burning Blood","NeowsBlessing","Ice Cream","Red Skull","Frozen Egg 2","Ginger","Velvet Choker","MutagenicStrength","Unceasing Top","Pen Nib","Runic Pyramid"],"potions_floor_usage":[41],"damage_taken":[{"damage":0.0,"enemies":"Jaw Worm","floor":1.0,"turns":1.0},{"damage":0.0,"enemies":"Cultist","floor":3.0,"turns":1.0},{"damage":0.0,"enemies":"Lagavulin","floor":6.0,"turns":1.0},{"damage":21.0,"enemies":"3 Sentries","floor":8.0,"turns":6.0},{"damage":4.0,"enemies":"Small Slimes","floor":10.0,"turns":5.0},{"damage":13.0,"enemies":"Blue Slaver","floor":11.0,"turns":5.0},{"damage":0.0,"enemies":"Exordium Thugs","floor":14.0,"turns":3.0},{"damage":52.0,"enemies":"Hexaghost","floor":16.0,"turns":8.0},{"damage":18.0,"enemies":"Spheric Guardian","floor":18.0,"turns":4.0},{"damage":21.0,"enemies":"Shell Parasite","floor":20.0,"turns":5.0},{"damage":30.0,"enemies":"Slavers","floor":24.0,"turns":4.0},{"damage":10.0,"enemies":"Snecko","floor":30.0,"turns":4.0},{"damage":31.0,"enemies":"Automaton","floor":33.0,"turns":10.0},{"damage":14.0,"enemies":"Orb Walker","floor":35.0,"turns":4.0},{"damage":24.0,"enemies":"3 Shapes","floor":37.0,"turns":6.0},{"damage":38.0,"enemies":"Maw","floor":38.0,"turns":8.0},{"damage":22.0,"enemies":"Writhing Mass","floor":39.0,"turns":4.0},{"damage":58,"enemies":"Giant Head","floor":41,"turns":7}],"seed_played":"7952160752274787033","potions_obtained":[{"floor":1.0,"key":"AttackPotion"},{"floor":8.0,"key":"Poison Potion"},{"floor":11.0,"key":"Poison Potion"},{"floor":20.0,"key":"LiquidBronze"},{"floor":24.0,"key":"Dexterity Potion"},{"floor":38.0,"key":"PowerPotion"},{"floor":39.0,"key":"LiquidBronze"}],"is_trial":false,"path_per_floor":["M","?","M","$","$","E","R","E","T","M","M","R","T","M","R","B",null,"M","?","M","?","?","R","E","$","T","R","$","R","M","$","R","B",null,"M","?","M","M","M","R","E"],"character_chosen":"IRONCLAD","items_purchased":["Flame Barrier","Cleave","Finesse","Flame Barrier","Whirlwind","Heavy Blade"],"campfire_rested":0,"item_purchase_floors":[4,4,25,28,31,31],"current_hp_per_floor":[78,78,80,80,80,80,80,65,65,67,60,60,60,66,66,20,65,53,53,38,38,38,38,30,30,30,30,30,30,36,36,36,32,50,46,46,48,37,29,29,0],"gold":63,"neow_bonus":"THREE_ENEMY_KILL","is_prod":false,"is_daily":false,"chose_seed":false,"campfire_upgraded":8,"win_rate":0,"timestamp":1555977043,"path_taken":["M","?","M","?","$","E","R","E","T","M","M","R","?","?","R","BOSS","M","?","?","?","?","R","E","$","T","R","?","R","?","?","R","BOSS","M","?","M","?","?","R","E"],"build_version":"2019-01-23","purchased_purges":1,"victory":false,"max_hp_per_floor":[80,80,80,80,80,80,80,80,80,80,80,80,80,80,80,80,80,80,80,80,56,56,56,56,56,56,56,56,56,56,56,56,56,56,56,56,56,56,56,56,56],"card_choices":[{"not_picked":["Spot Weakness","Rampage"],"picked":"Inflame","floor":1.0},{"not_picked":["Iron Wave","Sword Boomerang","Headbutt"],"picked":"SKIP","floor":3.0},{"not_picked":["Thunderclap","Carnage"],"picked":"Metallicize","floor":6.0},{"not_picked":["Body Slam","Metallicize","Pommel Strike"],"picked":"SKIP","floor":8.0},{"not_picked":["Combust+1","Armaments","Dropkick"],"picked":"SKIP","floor":10.0},{"not_picked":["Blood for Blood","Shrug It Off"],"picked":"Immolate","floor":11.0},{"not_picked":["Power Through","Blood for Blood","Battle Trance"],"picked":"SKIP","floor":14.0},{"not_picked":["Offering","Exhume"],"picked":"Reaper","floor":16.0},{"not_picked":["Headbutt","Intimidate","Body Slam"],"picked":"SKIP","floor":18.0},{"not_picked":["Intimidate+1","Cleave","True Grit+1"],"picked":"SKIP","floor":20.0},{"not_picked":["Feel No Pain+1","Sentinel","Clothesline"],"picked":"SKIP","floor":24.0},{"not_picked":["Seeing Red","Clash","Sword Boomerang"],"picked":"SKIP","floor":30.0},{"not_picked":["Inflame+1","Sever Soul","Headbutt"],"picked":"SKIP","floor":35.0},{"not_picked":["Intimidate","Anger","True Grit"],"picked":"SKIP","floor":37.0},{"not_picked":["Wild Strike+1","Second Wind+1"],"picked":"Shrug It Off+1","floor":38.0},{"not_picked":["Second Wind","Spot Weakness+1","Sword Boomerang"],"picked":"SKIP","floor":39.0}],"player_experience":508869,"relics_obtained":[{"floor":6.0,"key":"Ice Cream"},{"floor":8.0,"key":"Red Skull"},{"floor":9.0,"key":"Frozen Egg 2"},{"floor":13.0,"key":"Ginger"},{"floor":24.0,"key":"Unceasing Top"},{"floor":26.0,"key":"Pen Nib"}],"event_choices":[{"damage_healed":0.0,"max_hp_gain":0.0,"max_hp_loss":0.0,"gold_gain":0.0,"cards_transformed":["Strike_R"],"event_name":"Transmorgrifier","player_choice":"Transformed","floor":2.0,"gold_loss":0.0,"damage_taken":0.0,"cards_obtained":["Dual Wield"]},{"damage_healed":0.0,"max_hp_gain":0.0,"max_hp_loss":0.0,"gold_gain":0.0,"event_name":"Wheel of Change","player_choice":"Cursed","floor":19.0,"gold_loss":0.0,"damage_taken":0.0,"cards_obtained":["Decay"]},{"damage_healed":0.0,"max_hp_gain":0.0,"max_hp_loss":24.0,"gold_gain":0.0,"event_name":"Vampires","player_choice":"Became a vampire","floor":21.0,"gold_loss":0.0,"damage_taken":0.0,"cards_obtained":["Bite","Bite","Bite","Bite","Bite"]},{"damage_healed":0.0,"max_hp_gain":0.0,"max_hp_loss":0.0,"gold_gain":0.0,"event_name":"Drug Dealer","player_choice":"Inject Mutagens","floor":22.0,"gold_loss":0.0,"damage_taken":0.0,"relics_obtained":["MutagenicStrength"]},{"damage_healed":0.0,"max_hp_gain":0.0,"max_hp_loss":0.0,"gold_gain":0.0,"event_name":"Upgrade Shrine","player_choice":"Upgraded","floor":36.0,"gold_loss":0.0,"damage_taken":0.0,"cards_upgraded":["Whirlwind"]}],"is_beta":false,"boss_relics":[{"not_picked":["Philosopher\u0027s Stone","Ectoplasm"],"picked":"Velvet Choker"},{"not_picked":["Eternal Feather","Black Blood"],"picked":"Runic Pyramid"}],"items_purged_floors":[25],"is_endless":false,"potions_floor_spawned":[1,8,11,20,24,33,38,39],"killed_by":"Giant Head","ascension_level":6}