{"gold_per_floor":[109,120,120,135,153,153,178,13,62,62,78,78,90,155,155,257,257,257,257,257,257,257,257,257,257,257,257,257,257,257,257,257,257,257,257,257,257,86,86,86,86,15,15,15,15,15,15,15,15,15],"floor_reached":51,"playtime":2493,"items_purged":["Strike_R","Strike_R"],"score":801,"play_id":"7873e28a-b9d8-4948-bb4b-23e31db49a41","local_time":"20190604134213","is_ascension_mode":false,"campfire_choices":[{"data":"Pommel Strike","floor":6.0,"key":"SMITH"},{"data":"Inflame","floor":10.0,"key":"SMITH"},{"data":"Pommel Strike","floor":12.0,"key":"SMITH"},{"data":"Inflame","floor":15.0,"key":"SMITH"},{"data":"Offering","floor":25.0,"key":"SMITH"},{"data":"Impervious","floor":27.0,"key":"SMITH"},{"data":"Metallicize","floor":32,"key":"SMITH"},{"data":"Rupture","floor":40,"key":"SMITH"},{"data":"Metallicize","floor":46,"key":"SMITH"},{"data":"Combust","floor":49,"key":"SMITH"}],"neow_cost":"","seed_source_timestamp":309193490299465,"circlet_count":0,"master_deck":["Strike_R","Strike_R","Strike_R","Defend_R","Defend_R","Defend_R","Defend_R","Bash","Anger","Shrug It Off","Pommel Strike+1","Pommel Strike+1","Headbutt","Inflame+1","Shrug It Off","Inflame+1","Carnage","Impervious+1","Flex+1","Offering+1","Uppercut+1","Metallicize+1","Ghostly Armor","Combust+1","Reaper","Rupture+1","Armaments+1","Rupture+1","Sword Boomerang","Metallicize+1","Shame","Sword Boomerang"],"special_seed":0,"relics":["Burning Blood","Self Forming Clay","Anchor","Potion Belt","Ectoplasm","PreservedInsect","Blood Vial","Calipers","Cursed Key","Vajra","Question Card","Bottled Flame"],"potions_floor_usage":[30,37,50,50,50],"damage_taken":[{"damage":4.0,"enemies":"2 Louse","floor":1.0,"turns":3.0},{"damage":8.0,"enemies":"Jaw Worm","floor":2.0,"turns":3.0},{"damage":0.0,"enemies":"Small Slimes","floor":4.0,"turns":3.0},{"damage":2.0,"enemies":"Blue Slaver","floor":5.0,"turns":3.0},{"damage":15.0,"enemies":"3 Sentries","floor":7.0,"turns":7.0},{"damage":0.0,"enemies":"Lots of Slimes","floor":11.0,"turns":5.0},{"damage":0.0,"enemies":"Looter","floor":13.0,"turns":2.0},{"damage":8.0,"enemies":"3 Sentries","floor":14.0,"turns":6.0},{"damage":17.0,"enemies":"The Guardian","floor":16.0,"turns":11.0},{"damage":0.0,"enemies":"Chosen","floor":18.0,"turns":3.0},{"damage":14.0,"enemies":"Spheric Guardian","floor":20.0,"turns":4.0},{"damage":0.0,"enemies":"Colosseum Slavers","floor":21.0,"turns":4.0},{"damage":6.0,"enemies":"Centurion and Healer","floor":22.0,"turns":3.0},{"damage":14.0,"enemies":"Gremlin Leader","floor":23.0,"turns":3.0},{"damage":16.0,"enemies":"3 Cultists","floor":24.0,"turns":4.0},{"damage":14.0,"enemies":"Slavers","floor":28.0,"turns":4.0},{"damage":10.0,"enemies":"Sentry and Sphere","floor":29.0,"turns":4.0},{"damage":0,"enemies":"Snake Plant","floor":30,"turns":2},{"damage":6,"enemies":"Cultist and Chosen","floor":31,"turns":6},{"damage":43,"enemies":"Champ","floor":33,"turns":8},{"damage":5,"enemies":"3 Shapes","floor":35,"turns":4},{"damage":15,"enemies":"3 Darklings","floor":37,"turns":4},{"damage":13,"enemies":"Spire Growth","floor":39,"turns":5},{"damage":0,"enemies":"Transient","floor":41,"turns":5},{"damage":8,"enemies":"Nemesis","floor":44,"turns":5},{"damage":9,"enemies":"3 Darklings","floor":45,"turns":5},{"damage":10,"enemies":"Giant Head","floor":48,"turns":6},{"damage":24,"enemies":"Awakened One","floor":50,"turns":7}],"seed_played":"3240043748141912650","potions_obtained":[{"floor":2.0,"key":"LiquidBronze"},{"floor":7.0,"key":"AttackPotion"},{"floor":11.0,"key":"LiquidBronze"},{"floor":16.0,"key":"SteroidPotion"},{"floor":23.0,"key":"Ancient Potion"},{"floor":29.0,"key":"GamblersBrew"},{"floor":31,"key":"FairyPotion"},{"floor":33,"key":"Fire Potion"},{"floor":37,"key":"Energy Potion"},{"floor":41,"key":"Strength Potion"},{"floor":45,"key":"Strength Potion"}],"is_trial":false,"path_per_floor":["M","M","?","M","M","R","E","$","T","R","M","R","M","?","R","B",null,"M","?","M","?","M","E","M","R","T","R","E","M","M","M","R","B",null,"M","?","M","$","M","R","M","$","T","E","M","R","?","E","R","B",null],"character_chosen":"IRONCLAD","items_purchased":["Inflame","Shrug It Off","Rupture","Metallicize"],"campfire_rested":0,"item_purchase_floors":[8,8,38,42],"current_hp_per_floor":[80,78,78,80,80,80,71,71,71,71,77,77,80,78,78,67,80,80,80,72,78,78,70,60,60,60,60,54,52,60,62,62,27,80,80,80,71,71,80,80,80,80,80,78,80,80,76,72,72,64],"gold":15,"neow_bonus":"","is_prod":false,"is_daily":false,"chose_seed":false,"campfire_upgraded":10,"win_rate":0.0,"timestamp":1559673733,"path_taken":["M","M","?","M","M","R","E","$","T","R","M","R","M","?","R","BOSS","M","?","M","?","M","E","M","R","T","R","E","M","M","M","R","BOSS","M","?","M","$","M","R","M","$","T","E","?","R","?","E","R","BOSS"],"build_version":"2019-01-23","purchased_purges":2,"victory":true,"max_hp_per_floor":[80,80,80,80,80,80,80,80,80,80,80,80,80,80,80,80,80,80,80,80,80,80,80,80,80,80,80,80,80,80,80,80,80,80,80,80,80,80,80,80,80,80,80,80,80,80,76,76,76,76],"card_choices":[{"not_picked":["Thunderclap","Armaments"],"picked":"Anger","floor":1.0},{"not_picked":["Cleave","Thunderclap"],"picked":"Shrug It Off","floor":2.0},{"not_picked":["Twin Strike","Shrug It Off"],"picked":"Pommel Strike","floor":4.0},{"not_picked":["Rage","Rupture"],"picked":"Pommel Strike","floor":5.0},{"not_picked":["Armaments","Bludgeon"],"picked":"Headbutt","floor":7.0},{"not_picked":["Anger","Headbutt","Seeing Red"],"picked":"SKIP","floor":11.0},{"not_picked":["Second Wind","Pummel"],"picked":"Inflame","floor":13.0},{"not_picked":["Hemokinesis","True Grit"],"picked":"Carnage","floor":14.0},{"not_picked":["Barricade","Bludgeon"],"picked":"Impervious","floor":16.0},{"not_picked":["Anger","Thunderclap+1"],"picked":"Flex+1","floor":18.0},{"not_picked":["Flex","Metallicize"],"picked":"Offering","floor":20.0},{"not_picked":["Headbutt","Perfected Strike+1"],"picked":"Uppercut+1","floor":22.0},{"not_picked":["Rupture+1","Rampage","Clash"],"picked":"SKIP","floor":23.0},{"not_picked":["Searing Blow","Uppercut","Cleave"],"picked":"SKIP","floor":24.0},{"not_picked":["Headbutt","Thunderclap"],"picked":"Metallicize","floor":28.0},{"not_picked":["Clash+1","Pommel Strike+1"],"picked":"Ghostly Armor","floor":29.0},{"not_picked":["Body Slam","Rampage","Reckless Charge"],"picked":"SKIP","floor":30},{"not_picked":["Bloodletting","Fire Breathing"],"picked":"Combust","floor":31},{"not_picked":["Berserk","Feed"],"picked":"Reaper","floor":33},{"not_picked":["Uppercut","Thunderclap+1"],"picked":"Rupture+1","floor":35},{"not_picked":["Perfected Strike","Warcry+1"],"picked":"Armaments+1","floor":37},{"not_picked":["Thunderclap","Uppercut"],"picked":"Sword Boomerang","floor":39},{"not_picked":["Fire Breathing","Hemokinesis+1","Shrug It Off"],"picked":"SKIP","floor":41},{"not_picked":["Fire Breathing","Hemokinesis+1","Shrug It Off"],"picked":"SKIP","floor":41},{"not_picked":["Pommel Strike+1","Perfected Strike","Clash"],"picked":"SKIP","floor":44},{"not_picked":["Shrug It Off","Second Wind","Clash+1","Iron Wave+1"],"picked":"SKIP","floor":45},{"not_picked":["Sword Boomerang","Pummel+1","Flex+1","True Grit+1"],"picked":"SKIP","floor":48},{"not_picked":["Pummel+1","Flex+1","True Grit+1"],"picked":"Sword Boomerang","floor":48}],"player_experience":0,"relics_obtained":[{"floor":7.0,"key":"Self Forming Clay"},{"floor":9.0,"key":"Anchor"},{"floor":14.0,"key":"Potion Belt"},{"floor":23.0,"key":"PreservedInsect"},{"floor":26.0,"key":"Blood Vial"},{"floor":28.0,"key":"Calipers"},{"floor":43,"key":"Vajra"},{"floor":44,"key":"Question Card"},{"floor":48,"key":"Bottled Flame"}],"event_choices":[{"damage_healed":0.0,"max_hp_gain":0.0,"max_hp_loss":0.0,"gold_gain":0.0,"event_name":"Liars Game","player_choice":"Ignored","floor":3.0,"gold_loss":0.0,"damage_taken":0.0},{"damage_healed":0.0,"max_hp_gain":0.0,"max_hp_loss":0.0,"gold_gain":0.0,"event_name":"Dead Adventurer","player_choice":"Searched \u00271\u0027 times","floor":14.0,"gold_loss":0.0,"damage_taken":0.0},{"damage_healed":0.0,"max_hp_gain":0.0,"max_hp_loss":0.0,"gold_gain":0.0,"event_name":"The Mausoleum","player_choice":"Ignored","floor":19.0,"gold_loss":0.0,"damage_taken":0.0},{"damage_healed":0.0,"max_hp_gain":0.0,"max_hp_loss":0.0,"gold_gain":0.0,"event_name":"Colosseum","player_choice":"Fight","floor":21.0,"gold_loss":0.0,"damage_taken":0.0},{"damage_healed":0.0,"max_hp_gain":0.0,"max_hp_loss":0.0,"gold_gain":0.0,"event_name":"Colosseum","player_choice":"Fled From Nobs","floor":21.0,"gold_loss":0.0,"damage_taken":0.0},{"damage_healed":0,"gold_gain":0,"player_choice":"Bought 0 Potions","damage_taken":0,"max_hp_gain":0,"max_hp_loss":0,"event_name":"The Woman in Blue","floor":36,"gold_loss":0},{"damage_healed":0,"gold_gain":0,"player_choice":"Max HP","damage_taken":0,"max_hp_gain":0,"max_hp_loss":4,"event_name":"Winding Halls","floor":47,"gold_loss":0}],"is_beta":false,"boss_relics":[{"not_picked":["Fusion Hammer","Orrery"],"picked":"Ectoplasm"},{"not_picked":["Eternal Feather","Black Blood"],"picked":"Cursed Key"}],"items_purged_floors":[8,38],"is_endless":false,"potions_floor_spawned":[2,7,11,16,21,23,29,31,33,37,41,44,45],"ascension_level":0}