{"gold_per_floor":[119,119,44,44,59,59,99,99,99,122,47,62,62,82,82,175,175,193,93,116,136,136,136,169,169,192,35,54,94,115,115],"floor_reached":31,"playtime":1722,"items_purged":["Strike_G","PiercingWail"],"score":585,"play_id":"91f9becd-1af5-4b63-8c25-d29f6152de72","local_time":"20190330143150","is_ascension_mode":true,"campfire_choices":[{"data":"Noxious Fumes","floor":6,"key":"SMITH"},{"data":"Footwork","floor":15,"key":"SMITH"},{"floor":23,"key":"REST"},{"floor":25,"key":"REST"}],"neow_cost":"NONE","seed_source_timestamp":147908041482595,"circlet_count":0,"master_deck":["AscendersBane","Defend_G","Defend_G","Defend_G","Defend_G","Strike_G","Strike_G","Survivor","Neutralize","Footwork+1","Noxious Fumes+1","Predator","Sucker Punch","Escape Plan","Burst","Noxious Fumes+1","Catalyst+1"],"relics":["Ring of the Snake","NeowsBlessing","Golden Idol","Letter Opener","Gambling Chip","Fusion Hammer","Bronze Scales","Art of War","Snake Skull","Blue Candle"],"potions_floor_usage":[10,16,31],"damage_taken":[{"damage":0,"enemies":"Cultist","floor":1,"turns":1},{"damage":0,"enemies":"2 Louse","floor":5,"turns":1},{"damage":0,"enemies":"Gremlin Nob","floor":7,"turns":1},{"damage":12,"enemies":"Jaw Worm","floor":10,"turns":5},{"damage":4,"enemies":"Large Slime","floor":12,"turns":7},{"damage":13,"enemies":"Gremlin Gang","floor":14,"turns":4},{"damage":11,"enemies":"The Guardian","floor":16,"turns":11},{"damage":4,"enemies":"Spheric Guardian","floor":18,"turns":6},{"damage":0,"enemies":"3 Byrds","floor":20,"turns":5},{"damage":4,"enemies":"Snake Plant","floor":21,"turns":7},{"damage":25,"enemies":"Slavers","floor":24,"turns":5},{"damage":16,"enemies":"Shelled Parasite and Fungi","floor":28,"turns":5},{"damage":25,"enemies":"Gremlin Leader","floor":29,"turns":7},{"damage":7,"enemies":"Centurion and Healer","floor":30,"turns":5},{"damage":3,"enemies":"Snecko","floor":31,"turns":3}],"seed_played":"8049919406437202577","potions_obtained":[{"floor":7,"key":"EntropicBrew"},{"floor":20,"key":"FearPotion"}],"is_trial":false,"path_per_floor":["M","?","$","?","M","R","E","?","T","M","$","M","?","M","R","B",null,"M","$","M","M","?","R","E","R","T","$","M","E","M","M"],"character_chosen":"THE_SILENT","items_purchased":["Noxious Fumes","Snake Skull"],"campfire_rested":2,"item_purchase_floors":[3,27],"current_hp_per_floor":[59,59,59,52,52,52,52,52,52,40,40,36,36,23,23,12,48,44,44,44,40,40,58,33,51,51,51,35,10,3,0],"gold":115,"neow_bonus":"THREE_ENEMY_KILL","is_prod":false,"is_daily":false,"chose_seed":false,"campfire_upgraded":2,"win_rate":0,"timestamp":1553977910,"path_taken":["M","?","$","?","?","R","E","?","T","?","$","M","?","?","R","BOSS","M","$","M","M","?","R","E","R","T","$","M","E","?","M"],"build_version":"2019-01-23","purchased_purges":2,"victory":false,"max_hp_per_floor":[66,60,60,60,60,60,60,60,60,60,60,60,60,60,60,60,60,60,60,60,60,60,60,60,60,60,60,60,60,60,60],"card_choices":[{"not_picked":["Outmaneuver","Quick Slash"],"picked":"Footwork","floor":1},{"not_picked":["Choke","Outmaneuver","Doppelganger"],"picked":"SKIP","floor":5},{"not_picked":["Deadly Poison","Heel Hook"],"picked":"PiercingWail","floor":7},{"not_picked":["Dodge and Roll","Deflect"],"picked":"Sucker Punch","floor":10},{"not_picked":["Deflect","Poisoned Stab","A Thousand Cuts"],"picked":"SKIP","floor":12},{"not_picked":["Bane","Underhanded Strike"],"picked":"Escape Plan","floor":14},{"not_picked":["Glass Knife","Grand Finale"],"picked":"Burst","floor":16},{"not_picked":["Prepared","Poisoned Stab","PiercingWail"],"picked":"SKIP","floor":18},{"not_picked":["Deadly Poison+1","Leg Sweep","Distraction"],"picked":"SKIP","floor":20},{"not_picked":["Calculated Gamble","All Out Attack","Sucker Punch"],"picked":"SKIP","floor":21},{"not_picked":["Tactician","Flying Knee","Backflip"],"picked":"SKIP","floor":24},{"not_picked":["Slice","Reflex","Corpse Explosion"],"picked":"SKIP","floor":28},{"not_picked":["Backflip","Underhanded Strike+1"],"picked":"Catalyst+1","floor":29},{"not_picked":["Bane","PiercingWail","Endless Agony"],"picked":"SKIP","floor":30}],"player_experience":360455,"relics_obtained":[{"floor":7,"key":"Letter Opener"},{"floor":9,"key":"Gambling Chip"},{"floor":24,"key":"Bronze Scales"},{"floor":26,"key":"Art of War"},{"floor":29,"key":"Blue Candle"}],"event_choices":[{"damage_healed":0,"gold_gain":0,"player_choice":"Lose Max HP","damage_taken":0,"relics_obtained":["Golden Idol"],"max_hp_gain":0,"max_hp_loss":6,"event_name":"Golden Idol","floor":2,"gold_loss":0},{"cards_removed":["Strike_G"],"damage_healed":0,"gold_gain":0,"player_choice":"Card Removal","damage_taken":7,"max_hp_gain":0,"max_hp_loss":0,"event_name":"Golden Wing","floor":4,"gold_loss":0},{"damage_healed":0,"gold_gain":0,"cards_transformed":["Strike_G"],"player_choice":"Transformed","damage_taken":0,"max_hp_gain":0,"max_hp_loss":0,"event_name":"Transmorgrifier","floor":8,"gold_loss":0,"cards_obtained":["Predator"]},{"cards_removed":["Defend_G"],"damage_healed":0,"gold_gain":0,"player_choice":"Offered Basic","damage_taken":0,"max_hp_gain":0,"max_hp_loss":0,"event_name":"Bonfire Elementals","floor":13,"gold_loss":0},{"damage_healed":0,"gold_gain":0,"player_choice":"Copied","damage_taken":0,"max_hp_gain":0,"max_hp_loss":0,"event_name":"Duplicator","floor":22,"gold_loss":0,"cards_obtained":["Noxious Fumes"]}],"is_beta":false,"boss_relics":[{"not_picked":["Snecko Eye","White Beast Statue"],"picked":"Fusion Hammer"}],"items_purged_floors":[11,19],"is_endless":false,"potions_floor_spawned":[7,10,20,28,29,30],"killed_by":"Snecko","ascension_level":19}