{"gold_per_floor":[114,134,89,103,116,150,150,181,205,205,205,205,221,239,239,310,310,328,328,328,328,150,150],"floor_reached":23,"playtime":725,"items_purged":["Shame"],"score":348,"play_id":"45780e78-0cde-4470-9f17-d020e703744f","local_time":"20190524190602","is_ascension_mode":true,"campfire_choices":[{"data":"Heavy Blade","floor":7.0,"key":"SMITH"},{"data":"Inflame","floor":11.0,"key":"SMITH"},{"data":"Iron Wave","floor":15.0,"key":"SMITH"}],"neow_cost":"NONE","seed_source_timestamp":291818671647577,"circlet_count":0,"master_deck":["AscendersBane","Strike_R","Strike_R","Strike_R","Strike_R","Strike_R","Defend_R","Defend_R","Defend_R","Defend_R","Bash+1","Pommel Strike","Inflame+1","Heavy Blade+1","Iron Wave+1","Ghostly Armor","Limit Break"],"special_seed":0,"relics":["Burning Blood","Gambling Chip","Bag of Marbles","Art of War","Oddly Smooth Stone","Runic Cube","Gremlin Horn","Sundial"],"potions_floor_usage":[19],"damage_taken":[{"damage":1.0,"enemies":"Cultist","floor":1.0,"turns":3.0},{"damage":7.0,"enemies":"Small Slimes","floor":2.0,"turns":3.0},{"damage":0.0,"enemies":"2 Louse","floor":4.0,"turns":2.0},{"damage":16.0,"enemies":"Looter","floor":5.0,"turns":5.0},{"damage":20.0,"enemies":"Gremlin Nob","floor":6.0,"turns":4.0},{"damage":16.0,"enemies":"3 Sentries","floor":8.0,"turns":7.0},{"damage":7.0,"enemies":"Blue Slaver","floor":13.0,"turns":4.0},{"damage":4.0,"enemies":"Red Slaver","floor":14.0,"turns":4.0},{"damage":37.0,"enemies":"Hexaghost","floor":16.0,"turns":8.0},{"damage":27.0,"enemies":"2 Thieves","floor":18.0,"turns":5.0},{"damage":15,"enemies":"Colosseum Slavers","floor":19,"turns":6},{"damage":35,"enemies":"Book of Stabbing","floor":23,"turns":4}],"seed_played":"2278027646887723727","potions_obtained":[{"floor":2.0,"key":"Dexterity Potion"},{"floor":5.0,"key":"Strength Potion"},{"floor":14.0,"key":"SteroidPotion"},{"floor":16.0,"key":"Block Potion"}],"is_trial":false,"path_per_floor":["M","M","$","M","M","E","R","E","T","?","R","?","M","M","R","B",null,"M","?","?","T","$","E"],"character_chosen":"IRONCLAD","items_purchased":["Heavy Blade","Strength Potion","SteroidPotion"],"campfire_rested":0,"item_purchase_floors":[3,22,22],"current_hp_per_floor":[73,72,72,75,65,51,51,41,41,30,30,55,54,56,56,25,63,42,33,33,33,33,0],"gold":150,"neow_bonus":"UPGRADE_CARD","is_prod":false,"is_daily":false,"chose_seed":false,"campfire_upgraded":3,"win_rate":0,"timestamp":1558746362,"path_taken":["M","?","$","?","M","E","R","E","T","?","R","?","M","M","R","BOSS","M","?","?","?","$","E"],"build_version":"2019-01-23","purchased_purges":1,"victory":false,"max_hp_per_floor":[75,75,75,75,75,75,75,75,75,75,75,75,75,75,75,75,75,75,75,75,75,75,75],"card_choices":[{"not_picked":["Shrug It Off","Evolve"],"picked":"Pommel Strike","floor":1.0},{"not_picked":["Body Slam","Clash"],"picked":"Inflame","floor":2.0},{"not_picked":["Rage","Havoc","Flex"],"picked":"SKIP","floor":4.0},{"not_picked":["Seeing Red","Berserk"],"picked":"Iron Wave","floor":5.0},{"not_picked":["Anger","Twin Strike","Fiend Fire"],"picked":"SKIP","floor":6.0},{"not_picked":["Twin Strike","Thunderclap"],"picked":"Ghostly Armor","floor":8.0},{"not_picked":["Reckless Charge","Fire Breathing","Thunderclap"],"picked":"SKIP","floor":13.0},{"not_picked":["Headbutt","Armaments","Clothesline"],"picked":"SKIP","floor":14.0},{"not_picked":["Brutality","Berserk"],"picked":"Limit Break","floor":16.0},{"not_picked":["Metallicize","Sword Boomerang","Headbutt"],"picked":"SKIP","floor":18.0}],"player_experience":595371,"relics_obtained":[{"floor":6.0,"key":"Gambling Chip"},{"floor":8.0,"key":"Bag of Marbles"},{"floor":9.0,"key":"Art of War"},{"floor":21,"key":"Sundial"}],"event_choices":[{"damage_healed":0.0,"max_hp_gain":0.0,"max_hp_loss":0.0,"gold_gain":0.0,"event_name":"Scrap Ooze","player_choice":"Success","floor":10.0,"gold_loss":0.0,"damage_taken":11.0,"relics_obtained":["Oddly Smooth Stone"]},{"damage_healed":25.0,"max_hp_gain":0.0,"max_hp_loss":0.0,"gold_gain":0.0,"event_name":"Big Fish","player_choice":"Banana","floor":12.0,"gold_loss":0.0,"damage_taken":0.0},{"damage_healed":0,"gold_gain":0,"player_choice":"Fight","damage_taken":0,"max_hp_gain":0,"max_hp_loss":0,"event_name":"Colosseum","floor":19,"gold_loss":0},{"damage_healed":0,"gold_gain":0,"player_choice":"Fled From Nobs","damage_taken":0,"max_hp_gain":0,"max_hp_loss":0,"event_name":"Colosseum","floor":19,"gold_loss":0},{"damage_healed":0,"gold_gain":0,"player_choice":"Stole Relic","damage_taken":0,"relics_obtained":["Gremlin Horn"],"max_hp_gain":0,"max_hp_loss":0,"event_name":"Addict","floor":20,"gold_loss":0,"cards_obtained":["Shame"]}],"is_beta":false,"boss_relics":[{"not_picked":["Tiny House","Fusion Hammer"],"picked":"Runic Cube"}],"items_purged_floors":[22],"is_endless":false,"potions_floor_spawned":[2,5,6,14,16],"killed_by":"Book of Stabbing","ascension_level":15}