{"gold_per_floor":[114,114,189,66,86,116,116,151,178,208,208,225,257,276,276,377,377,393,393,406,406,421,421,421],"floor_reached":24,"playtime":723,"items_purged":["Regret"],"score":263,"play_id":"63695f0a-4b57-4c0d-ae4d-d332e95ad54a","local_time":"20190410221633","is_ascension_mode":true,"campfire_choices":[{"data":"Twin Strike","floor":11,"key":"SMITH"},{"data":"Cleave","floor":15,"key":"SMITH"},{"data":"Uppercut","floor":23,"key":"SMITH"}],"neow_cost":"NONE","seed_source_timestamp":15925398461722,"circlet_count":0,"master_deck":["Strike_R","Strike_R","Strike_R","Strike_R","Strike_R","Defend_R+1","Defend_R","Defend_R","Defend_R","Bash+1","Shrug It Off+1","Twin Strike+1","Cleave+1","Shrug It Off","Uppercut+1","Fire Breathing+1"],"relics":["Burning Blood","NeowsBlessing","Bag of Preparation","Paper Frog","Dream Catcher","Centennial Puzzle","Blood Vial","War Paint","Runic Cube","Meat on the Bone"],"potions_floor_usage":[16,24],"damage_taken":[{"damage":0,"enemies":"2 Louse","floor":1,"turns":1},{"damage":0,"enemies":"Small Slimes","floor":5,"turns":1},{"damage":0,"enemies":"Gremlin Nob","floor":6,"turns":1},{"damage":36,"enemies":"Lagavulin","floor":8,"turns":5},{"damage":4,"enemies":"Jaw Worm","floor":12,"turns":2},{"damage":14,"enemies":"Gremlin Nob","floor":13,"turns":3},{"damage":9,"enemies":"Gremlin Gang","floor":14,"turns":5},{"damage":7,"enemies":"Slime Boss","floor":16,"turns":6},{"damage":25,"enemies":"Spheric Guardian","floor":18,"turns":4},{"damage":18,"enemies":"Shell Parasite","floor":20,"turns":12},{"damage":29,"enemies":"Snake Plant","floor":22,"turns":4},{"damage":42,"enemies":"Chosen and Byrds","floor":24,"turns":4}],"seed_played":"2246052199540430455","potions_obtained":[{"floor":5,"key":"Energy Potion"},{"floor":8,"key":"Dexterity Potion"},{"floor":12,"key":"Ancient Potion"},{"floor":16,"key":"SneckoOil"},{"floor":22,"key":"BloodPotion"}],"is_trial":false,"path_per_floor":["M","?","?","$","M","E","?","E","T","?","R","M","E","M","R","B",null,"M","?","M","T","M","R","M"],"character_chosen":"IRONCLAD","items_purchased":["Fire Potion"],"campfire_rested":0,"item_purchase_floors":[4],"current_hp_per_floor":[80,80,69,69,75,80,80,50,50,50,50,54,48,47,47,48,80,61,46,36,36,27,27,0],"gold":421,"neow_bonus":"THREE_ENEMY_KILL","is_prod":false,"is_daily":false,"chose_seed":false,"campfire_upgraded":3,"win_rate":0,"timestamp":1554956193,"path_taken":["M","?","?","$","M","E","?","E","T","?","R","?","E","?","R","BOSS","M","?","M","?","?","R","M"],"build_version":"2019-01-23","purchased_purges":1,"victory":false,"max_hp_per_floor":[80,80,80,80,80,80,80,80,80,80,80,80,80,80,80,80,80,80,85,85,85,85,85,85],"card_choices":[{"not_picked":["Wild Strike","Sword Boomerang","Bloodletting"],"picked":"SKIP","floor":1},{"not_picked":["Wild Strike","Clash"],"picked":"Shrug It Off","floor":5},{"not_picked":["Entrench","Double Tap","Clash"],"picked":"SKIP","floor":6},{"not_picked":["Iron Wave","Body Slam"],"picked":"Twin Strike","floor":8},{"not_picked":["Headbutt","Spot Weakness","Heavy Blade"],"picked":"SKIP","floor":12},{"not_picked":["Pummel","Armaments"],"picked":"Cleave","floor":13},{"not_picked":["Evolve","Corruption","Infernal Blade"],"picked":"SKIP","floor":14},{"not_picked":["Battle Trance","Pommel Strike"],"picked":"Shrug It Off","floor":18},{"not_picked":["Battle Trance","Fire Breathing"],"picked":"Uppercut","floor":20},{"not_picked":["Bloodletting","Hemokinesis+1"],"picked":"Fire Breathing+1","floor":22}],"player_experience":481168,"relics_obtained":[{"floor":6,"key":"Paper Frog"},{"floor":8,"key":"Dream Catcher"},{"floor":9,"key":"Centennial Puzzle"},{"floor":13,"key":"War Paint"},{"floor":21,"key":"Meat on the Bone"}],"event_choices":[{"damage_healed":0,"gold_gain":0,"player_choice":"Box","damage_taken":0,"relics_obtained":["Bag of Preparation"],"max_hp_gain":0,"max_hp_loss":0,"event_name":"Big Fish","floor":2,"gold_loss":0,"cards_obtained":["Regret"]},{"damage_healed":0,"gold_gain":75,"player_choice":"Gather Gold","damage_taken":11,"max_hp_gain":0,"max_hp_loss":0,"event_name":"World of Goop","floor":3,"gold_loss":0},{"damage_healed":0,"gold_gain":0,"player_choice":"Grow","damage_taken":0,"max_hp_gain":0,"max_hp_loss":0,"event_name":"Living Wall","floor":7,"gold_loss":0,"cards_upgraded":["Bash"]},{"damage_healed":0,"gold_gain":30,"player_choice":"Searched \u00273\u0027 times","damage_taken":0,"relics_obtained":["Blood Vial"],"max_hp_gain":0,"max_hp_loss":0,"event_name":"Dead Adventurer","floor":10,"gold_loss":0},{"damage_healed":0,"gold_gain":0,"player_choice":"Shed Blood","damage_taken":20,"max_hp_gain":5,"max_hp_loss":0,"event_name":"Forgotten Altar","floor":19,"gold_loss":0}],"is_beta":false,"boss_relics":[{"not_picked":["Snecko Eye","Pandora\u0027s Box"],"picked":"Runic Cube"}],"items_purged_floors":[4],"is_endless":false,"potions_floor_spawned":[5,8,12,16,22],"killed_by":"Chosen and Byrds","ascension_level":2}