{"gold_per_floor":[116,116,116,134,134,134,148,159,159,159,178,194,13,33,33,135,135,148,148,73,73,36,36,91,102,149,149,161,242,157,176,176,176],"floor_reached":33,"playtime":4146,"items_purged":["Strike_B"],"score":346,"play_id":"e711a1cd-d926-4f12-a707-0e3e6c5aa792","local_time":"20190104073102","is_ascension_mode":true,"campfire_choices":[{"data":"Zap","floor":6.0,"key":"SMITH"},{"floor":10.0,"key":"REST"},{"data":"Defragment","floor":15,"key":"SMITH"},{"data":"Creative AI","floor":23,"key":"SMITH"},{"data":"Chaos","floor":27,"key":"SMITH"},{"data":"Ghostly","floor":32,"key":"SMITH"}],"neow_cost":"NONE","seed_source_timestamp":1282000626178300,"circlet_count":0,"master_deck":["Strike_B","Strike_B","Strike_B","Defend_B","Defend_B+1","Defend_B","Zap+1","Dualcast","Steam+1","Reprogram","Chaos+1","Defragment+1","Biased Cognition","BootSequence","Creative AI+1","Leap","Ghostly","Ghostly+1","Ghostly","Ghostly","Ghostly","Capacitor","Glacier","Glacier+1","Conserve Battery","Lockon"],"special_seed":0,"relics":["Cracked Core","Centennial Puzzle","GremlinMask","DataDisk","Black Star","Gremlin Horn","Tiny Chest","Lantern","Letter Opener","Bag of Preparation"],"potions_floor_usage":[12,16],"damage_taken":[{"damage":2.0,"enemies":"Jaw Worm","floor":1.0,"turns":3.0},{"damage":5.0,"enemies":"Small Slimes","floor":4.0,"turns":3.0},{"damage":0.0,"enemies":"Cultist","floor":7.0,"turns":3.0},{"damage":9.0,"enemies":"Exordium Thugs","floor":8.0,"turns":5.0},{"damage":12,"enemies":"Large Slime","floor":11,"turns":3},{"damage":5,"enemies":"Exordium Wildlife","floor":12,"turns":5},{"damage":1,"enemies":"Looter","floor":14,"turns":3},{"damage":15,"enemies":"The Guardian","floor":16,"turns":11},{"damage":10,"enemies":"3 Byrds","floor":18,"turns":4},{"damage":17,"enemies":"Book of Stabbing","floor":24,"turns":7},{"damage":0,"enemies":"Spheric Guardian","floor":25,"turns":8},{"damage":1,"enemies":"Centurion and Healer","floor":28,"turns":9},{"damage":0,"enemies":"Snake Plant","floor":31,"turns":6},{"damage":26,"enemies":"Champ","floor":33,"turns":14}],"seed_played":"-2540088112561670553","potions_obtained":[{"floor":4.0,"key":"EssenceOfSteel"},{"floor":8.0,"key":"AttackPotion"},{"floor":14,"key":"Strength Potion"},{"floor":25,"key":"SmokeBomb"}],"is_trial":false,"path_per_floor":["M","?","?","M","?","R","M","M","T","R","M","M","$","M","R","B",null,"M","?","$","?","$","R","E","M","T","R","M","T","?","M","R","B"],"character_chosen":"DEFECT","items_purchased":["Biased Cognition","BootSequence","Capacitor"],"campfire_rested":1,"item_purchase_floors":[13,13,22],"current_hp_per_floor":[73,66,51,46,46,46,46,37,37,59,47,42,42,41,41,26,63,53,53,53,37,37,37,20,20,20,20,19,19,19,19,19,0],"gold":176,"neow_bonus":"RANDOM_COMMON_RELIC","is_prod":false,"is_daily":false,"chose_seed":false,"campfire_upgraded":5,"win_rate":0,"timestamp":1546612262,"path_taken":["M","?","?","M","?","R","M","M","T","R","M","?","?","M","R","BOSS","M","?","$","?","$","R","E","M","T","R","M","?","?","M","R","BOSS"],"build_version":"2019-01-03","purchased_purges":1,"victory":false,"max_hp_per_floor":[75,75,75,75,75,75,75,75,75,75,75,75,75,75,75,75,75,75,75,75,37,37,37,37,37,37,37,37,37,37,37,37,37],"card_choices":[{"not_picked":["Coolheaded","White Noise"],"picked":"Steam","floor":1.0},{"not_picked":["Barrage","White Noise","Doom and Gloom"],"picked":"SKIP","floor":4.0},{"not_picked":["Streamline","Compile Driver"],"picked":"Reprogram","floor":7.0},{"not_picked":["Sunder","Coolheaded"],"picked":"Chaos","floor":8.0},{"not_picked":["Static Discharge","Self Repair"],"picked":"Defragment","floor":11},{"not_picked":["Cold Snap","Steam","Turbo"],"picked":"SKIP","floor":12},{"not_picked":["Chaos","Stack","Ball Lightning"],"picked":"SKIP","floor":14},{"not_picked":["Amplify","Thunder Strike"],"picked":"Creative AI","floor":16},{"not_picked":["Rip and Tear","Aggregate"],"picked":"Leap","floor":18},{"not_picked":["Hello World","Stack+1"],"picked":"Glacier","floor":24},{"not_picked":["Hologram","Gash"],"picked":"Glacier+1","floor":25},{"not_picked":["Ball Lightning","Coolheaded"],"picked":"Conserve Battery","floor":28},{"not_picked":["Undo","Streamline"],"picked":"Lockon","floor":31}],"player_experience":329931,"relics_obtained":[{"floor":9.0,"key":"DataDisk"},{"floor":24,"key":"Gremlin Horn"},{"floor":24,"key":"Tiny Chest"},{"floor":26,"key":"Lantern"},{"floor":29,"key":"Letter Opener"}],"event_choices":[{"cards_removed":["Defend_B"],"damage_healed":0.0,"max_hp_gain":0.0,"max_hp_loss":0.0,"gold_gain":0.0,"event_name":"Golden Wing","player_choice":"Card Removal","floor":2.0,"gold_loss":0.0,"damage_taken":7.0},{"damage_healed":0.0,"max_hp_gain":0.0,"max_hp_loss":0.0,"gold_gain":0.0,"event_name":"Shining Light","player_choice":"Entered Light","floor":3.0,"gold_loss":0.0,"damage_taken":15.0,"cards_upgraded":["Defend_B","Steam"]},{"damage_healed":0.0,"max_hp_gain":0.0,"max_hp_loss":0.0,"gold_gain":0.0,"event_name":"FaceTrader","player_choice":"Trade","floor":5.0,"gold_loss":0.0,"damage_taken":0.0,"relics_obtained":["GremlinMask"]},{"damage_healed":0,"gold_gain":0,"player_choice":"Ignored","damage_taken":0,"max_hp_gain":0,"max_hp_loss":0,"event_name":"Cursed Tome","floor":19,"gold_loss":0},{"damage_healed":0,"gold_gain":0,"player_choice":"Became a Ghost","damage_taken":0,"max_hp_gain":0,"max_hp_loss":38,"event_name":"Ghosts","floor":21,"gold_loss":0,"cards_obtained":["Ghostly","Ghostly","Ghostly","Ghostly","Ghostly"]},{"damage_healed":0,"gold_gain":0,"player_choice":"Obtained Relic","damage_taken":0,"relics_obtained":["Bag of Preparation"],"max_hp_gain":0,"max_hp_loss":0,"event_name":"Addict","floor":30,"gold_loss":85}],"is_beta":false,"boss_relics":[{"not_picked":["Runic Dome","Lizard Tail"],"picked":"Black Star"}],"items_purged_floors":[20],"is_endless":false,"potions_floor_spawned":[4,8,14,25],"killed_by":"Champ","ascension_level":5}