{"gold_per_floor":[114,64,164,176,195,195,228,228,228,240,255,284,304,18,18,121,121,139,153,153,78,78,78],"floor_reached":23,"playtime":927,"items_purged":["Defend_R"],"score":251,"play_id":"fbce71c4-7d0b-44f0-a16f-9399071a8587","local_time":"20190421205019","is_ascension_mode":true,"campfire_choices":[{"data":"Whirlwind","floor":6,"key":"SMITH"},{"data":"Flame Barrier","floor":8,"key":"SMITH"},{"data":"Inflame","floor":15,"key":"SMITH"}],"neow_cost":"PERCENT_DAMAGE","seed_source_timestamp":685426812208479,"circlet_count":0,"master_deck":["Strike_R","Strike_R","Strike_R","Strike_R","Defend_R","Defend_R","Defend_R","Bash","Whirlwind+1","Flame Barrier+1","Cleave","Inflame+1","Heavy Blade","Ghostly Armor"],"relics":["Burning Blood","Gambling Chip","Pocketwatch","Bottled Tornado","Matryoshka","Girya","White Beast Statue","MutagenicStrength"],"potions_floor_usage":[18,23,23],"damage_taken":[{"damage":2,"enemies":"Small Slimes","floor":1,"turns":4},{"damage":5,"enemies":"2 Louse","floor":4,"turns":4},{"damage":1,"enemies":"Cultist","floor":5,"turns":4},{"damage":18,"enemies":"3 Sentries","floor":7,"turns":5},{"damage":20,"enemies":"Exordium Thugs","floor":10,"turns":5},{"damage":1,"enemies":"2 Fungi Beasts","floor":11,"turns":2},{"damage":32,"enemies":"Gremlin Nob","floor":12,"turns":4},{"damage":0,"enemies":"3 Louse","floor":13,"turns":2},{"damage":5,"enemies":"The Guardian","floor":16,"turns":13},{"damage":17,"enemies":"2 Thieves","floor":18,"turns":3},{"damage":0,"enemies":"Chosen","floor":19,"turns":5},{"damage":65,"enemies":"Book of Stabbing","floor":23,"turns":7}],"seed_played":"-7058964375052959012","potions_obtained":[{"floor":5,"key":"Weak Potion"},{"floor":11,"key":"SkillPotion"},{"floor":13,"key":"Explosive Potion"},{"floor":16,"key":"Energy Potion"},{"floor":18,"key":"Block Potion"},{"floor":19,"key":"Ancient Potion"}],"is_trial":false,"path_per_floor":["M","?","?","M","M","R","E","R","T","M","M","E","M","$","R","B",null,"M","M","?","$","?","E"],"character_chosen":"IRONCLAD","items_purchased":["Girya"],"campfire_rested":0,"item_purchase_floors":[14],"current_hp_per_floor":[60,60,60,61,66,66,54,54,54,40,45,19,25,25,25,26,67,56,62,62,62,62,0],"gold":78,"neow_bonus":"ONE_RARE_RELIC","is_prod":false,"is_daily":false,"chose_seed":false,"campfire_upgraded":3,"win_rate":0,"timestamp":1555901419,"path_taken":["M","?","?","M","?","R","E","R","T","M","M","E","M","?","R","BOSS","M","M","?","$","?","E"],"build_version":"2019-01-23","purchased_purges":1,"victory":false,"max_hp_per_floor":[80,80,80,80,80,80,80,80,80,80,80,80,80,80,80,80,80,80,80,80,80,80,80],"card_choices":[{"not_picked":["Clash","Thunderclap"],"picked":"Whirlwind","floor":1},{"not_picked":["Infernal Blade","Shrug It Off"],"picked":"Flame Barrier","floor":4},{"not_picked":["Entrench","Barricade"],"picked":"Cleave","floor":5},{"not_picked":["Iron Wave","Cleave"],"picked":"Inflame","floor":7},{"not_picked":["Spot Weakness","True Grit","Flex"],"picked":"SKIP","floor":10},{"not_picked":["Perfected Strike","Inflame","Dropkick"],"picked":"SKIP","floor":11},{"not_picked":["Perfected Strike","Clash","Cleave"],"picked":"SKIP","floor":12},{"not_picked":["Twin Strike","Cleave"],"picked":"Heavy Blade","floor":13},{"not_picked":["Twin Strike","True Grit","Cleave"],"picked":"SKIP","floor":18},{"not_picked":["Clothesline","Seeing Red+1","Searing Blow"],"picked":"SKIP","floor":19}],"player_experience":500522,"relics_obtained":[{"floor":7,"key":"Pocketwatch"},{"floor":9,"key":"Bottled Tornado"},{"floor":12,"key":"Matryoshka"}],"event_choices":[{"cards_removed":["Strike_R"],"damage_healed":0,"gold_gain":0,"player_choice":"Card Removal","damage_taken":0,"max_hp_gain":0,"max_hp_loss":0,"event_name":"The Cleric","floor":2,"gold_loss":50},{"damage_healed":0,"gold_gain":100,"player_choice":"Pray","damage_taken":0,"max_hp_gain":0,"max_hp_loss":0,"event_name":"Golden Shrine","floor":3,"gold_loss":0},{"damage_healed":0,"gold_gain":0,"player_choice":"Read","damage_taken":0,"max_hp_gain":0,"max_hp_loss":0,"event_name":"The Library","floor":20,"gold_loss":0,"cards_obtained":["Ghostly Armor"]},{"damage_healed":0,"gold_gain":0,"player_choice":"Inject Mutagens","damage_taken":0,"relics_obtained":["MutagenicStrength"],"max_hp_gain":0,"max_hp_loss":0,"event_name":"Drug Dealer","floor":22,"gold_loss":0}],"is_beta":false,"boss_relics":[{"not_picked":["Snecko Eye","Empty Cage"],"picked":"White Beast Statue"}],"items_purged_floors":[21],"is_endless":false,"potions_floor_spawned":[5,11,13,16,18,19],"killed_by":"Book of Stabbing","ascension_level":5}