{"gold_per_floor":[109,109,123,123,141,179,179,215,263,263,263,133,154,179,179,298,298,322,322,237,250,289,289,310,310,357,371,371,142,67,106,106,226,226,246,246,260,273,273,609,609,413,413,413,94,94,113,113,113,113],"floor_reached":50,"playtime":3959,"items_purged":["Strike_B","Injury","Defend_B","Bite"],"score":670,"play_id":"6609d5bc-f215-4c4f-b8b3-80a9d3b33a5e","local_time":"20190103153838","is_ascension_mode":true,"campfire_choices":[{"data":"Hyperbeam","floor":7.0,"key":"SMITH"},{"floor":10.0,"key":"REST"},{"floor":15.0,"key":"REST"},{"data":"Buffer","floor":23.0,"key":"SMITH"},{"data":"Auto Shields","floor":25.0,"key":"SMITH"},{"data":"Mayhem","floor":32.0,"key":"SMITH"},{"floor":41,"key":"REST"},{"data":"Sunder","floor":44,"key":"SMITH"},{"data":"Thinking Ahead","floor":46,"key":"SMITH"},{"floor":49,"key":"REST"}],"neow_cost":"TEN_PERCENT_HP_LOSS","seed_source_timestamp":0,"circlet_count":0,"master_deck":["Defend_B","Defend_B","Hyperbeam+1","Gash","Genetic Algorithm","Go for the Eyes","BootSequence","Steam Power","Leap","Auto Shields+1","Buffer+1","Rebound","Bite","Bite","Bite","Leap+1","Seek","Necronomicurse","Mayhem+1","All For One","Sunder+1","Rebound+1","Fusion+1","Scrape","Turbo","Thinking Ahead+1"],"special_seed":0,"relics":["Cracked Core","Golden Idol","Mercury Hourglass","Art of War","Smiling Mask","Philosopher\u0027s Stone","Gambling Chip","Red Mask","Orichalcum","Necronomicon","Blue Candle","Empty Cage","Old Coin","Strawberry","Dream Catcher"],"potions_floor_usage":[40,40,50],"damage_taken":[{"damage":7.0,"enemies":"Jaw Worm","floor":1.0,"turns":3.0},{"damage":12.0,"enemies":"Small Slimes","floor":3.0,"turns":3.0},{"damage":0.0,"enemies":"Cultist","floor":5.0,"turns":2.0},{"damage":8.0,"enemies":"Gremlin Nob","floor":6.0,"turns":3.0},{"damage":20.0,"enemies":"Lagavulin","floor":8.0,"turns":5.0},{"damage":0.0,"enemies":"Exordium Wildlife","floor":13.0,"turns":3.0},{"damage":2.0,"enemies":"Large Slime","floor":14.0,"turns":4.0},{"damage":24.0,"enemies":"The Guardian","floor":16.0,"turns":15.0},{"damage":14.0,"enemies":"Shell Parasite","floor":18.0,"turns":6.0},{"damage":8.0,"enemies":"3 Byrds","floor":21.0,"turns":3.0},{"damage":0.0,"enemies":"Masked Bandits","floor":22.0,"turns":2.0},{"damage":0.0,"enemies":"3 Cultists","floor":24.0,"turns":3.0},{"damage":9.0,"enemies":"Snecko","floor":27.0,"turns":5.0},{"damage":4.0,"enemies":"Gremlin Leader","floor":31.0,"turns":5.0},{"damage":39.0,"enemies":"Automaton","floor":33.0,"turns":7.0},{"damage":0.0,"enemies":"Orb Walker","floor":35.0,"turns":3.0},{"damage":0.0,"enemies":"3 Darklings","floor":37.0,"turns":2.0},{"damage":5.0,"enemies":"Writhing Mass","floor":38.0,"turns":6.0},{"damage":58,"enemies":"Giant Head","floor":40,"turns":9},{"damage":8,"enemies":"4 Shapes","floor":47,"turns":1},{"damage":45,"enemies":"Time Eater","floor":50,"turns":3}],"seed_played":"3472782996107071689","potions_obtained":[{"floor":3.0,"key":"SneckoOil"},{"floor":5.0,"key":"AttackPotion"},{"floor":13.0,"key":"Weak Potion"},{"floor":18.0,"key":"Poison Potion"},{"floor":21.0,"key":"Ancient Potion"},{"floor":27.0,"key":"Explosive Potion"},{"floor":33.0,"key":"Dexterity Potion"},{"floor":37.0,"key":"Fire Potion"},{"floor":39.0,"key":"Fruit Juice"},{"floor":39.0,"key":"FearPotion"},{"floor":47,"key":"Energy Potion"}],"is_trial":false,"path_per_floor":["M","?","M","?","M","E","R","E","T","R","?","$","M","M","R","B",null,"M","?","?","M","?","R","M","R","T","M","?","$","?","E","R","B",null,"M","?","M","M","?","E","R","$","T","R","$","R","M","?","R","B"],"character_chosen":"DEFECT","items_purchased":["Auto Shields","Mayhem","Strawberry","Scrape","Turbo","Thinking Ahead"],"campfire_rested":4,"item_purchase_floors":[12,29,42,45,45,45],"current_hp_per_floor":[61,47,35,35,35,27,27,7,7,27,27,27,27,25,45,21,56,42,42,42,41,43,43,47,47,47,40,24,24,24,28,28,7,37,43,43,47,47,52,6,21,28,28,28,28,28,20,20,37,0],"gold":113,"neow_bonus":"THREE_RARE_CARDS","is_prod":false,"is_daily":false,"chose_seed":false,"campfire_upgraded":6,"win_rate":0,"timestamp":1546555118,"path_taken":["M","?","M","?","M","E","R","E","T","R","?","$","?","M","R","BOSS","M","?","?","M","?","R","M","R","T","?","?","$","?","E","R","BOSS","M","?","M","?","?","E","R","?","T","R","$","R","M","?","R","BOSS"],"build_version":"2018-12-20","purchased_purges":4,"victory":false,"max_hp_per_floor":[68,68,68,68,68,68,68,68,68,68,68,68,68,68,68,68,68,68,47,47,47,47,47,47,47,47,47,47,47,47,47,47,47,47,47,47,47,47,52,52,52,59,59,59,59,59,59,59,59,59],"card_choices":[{"not_picked":["Biased Cognition","Echo Form"],"picked":"Hyperbeam","floor":0.0},{"not_picked":["Turbo","Reinforced Body"],"picked":"Gash","floor":1.0},{"not_picked":["Ball Lightning","Streamline"],"picked":"Genetic Algorithm","floor":3.0},{"not_picked":["Hello World","White Noise"],"picked":"Go for the Eyes","floor":5.0},{"not_picked":["Heatsinks","Ball Lightning"],"picked":"BootSequence","floor":6.0},{"not_picked":["Sweeping Beam","Static Discharge"],"picked":"Steam Power","floor":8.0},{"not_picked":["Tempest","Capacitor","Blizzard"],"picked":"SKIP","floor":13.0},{"not_picked":["Redo","Coolheaded","Doom and Gloom"],"picked":"SKIP","floor":14.0},{"not_picked":["Thunder Strike","Rainbow"],"picked":"Buffer","floor":16.0},{"not_picked":["Cold Snap","Blizzard"],"picked":"Rebound","floor":18.0},{"not_picked":["Beam Cell+1","Compile Driver+1"],"picked":"Leap+1","floor":21.0},{"not_picked":["Aggregate+1","Steam Power","Chill"],"picked":"SKIP","floor":24.0},{"not_picked":["Turbo","Skim"],"picked":"Seek","floor":27.0},{"not_picked":["Turbo","Barrage+1","Double Energy"],"picked":"SKIP","floor":31.0},{"not_picked":["Multi-Cast","Amplify"],"picked":"All For One","floor":33.0},{"not_picked":["Fusion","Go for the Eyes+1"],"picked":"Sunder","floor":35.0},{"not_picked":["Static Discharge","Blizzard"],"picked":"Rebound+1","floor":37.0},{"not_picked":["Lockon+1","Go for the Eyes","Sweeping Beam+1"],"picked":"SKIP","floor":38.0},{"not_picked":["Melter+1","Cold Snap+1"],"picked":"Fusion+1","floor":40},{"not_picked":["Coolheaded+1","Streamline","Barrage"],"picked":"SKIP","floor":47}],"player_experience":323817,"relics_obtained":[{"floor":6.0,"key":"Mercury Hourglass"},{"floor":8.0,"key":"Art of War"},{"floor":9.0,"key":"Smiling Mask"},{"floor":22.0,"key":"Red Mask"},{"floor":26.0,"key":"Orichalcum"},{"floor":28.0,"key":"Necronomicon"},{"floor":31.0,"key":"Blue Candle"},{"floor":40,"key":"Old Coin"},{"floor":43,"key":"Dream Catcher"}],"event_choices":[{"damage_healed":0.0,"max_hp_gain":0.0,"max_hp_loss":0.0,"gold_gain":0.0,"event_name":"Shining Light","player_choice":"Entered Light","floor":2.0,"gold_loss":0.0,"damage_taken":14.0,"cards_upgraded":["Strike_B","Strike_B"]},{"damage_healed":0.0,"max_hp_gain":0.0,"max_hp_loss":0.0,"gold_gain":0.0,"event_name":"Golden Idol","player_choice":"Take Wound","floor":4.0,"gold_loss":0.0,"damage_taken":0.0,"relics_obtained":["Golden Idol"],"cards_obtained":["Injury"]},{"damage_healed":0.0,"max_hp_gain":0.0,"max_hp_loss":0.0,"gold_gain":0.0,"event_name":"Match and Keep!","player_choice":"1 cards matched","floor":11.0,"gold_loss":0.0,"damage_taken":0.0,"cards_obtained":["Leap"]},{"damage_healed":0.0,"max_hp_gain":0.0,"max_hp_loss":21.0,"gold_gain":0.0,"event_name":"Vampires","player_choice":"Became a vampire","floor":19.0,"gold_loss":0.0,"damage_taken":0.0,"cards_obtained":["Bite","Bite","Bite","Bite","Bite"]},{"damage_healed":0.0,"max_hp_gain":0.0,"max_hp_loss":0.0,"gold_gain":0.0,"event_name":"Addict","player_choice":"Obtained Relic","floor":20.0,"gold_loss":85.0,"damage_taken":0.0,"relics_obtained":["Gambling Chip"]},{"damage_healed":0.0,"max_hp_gain":0.0,"max_hp_loss":0.0,"gold_gain":0.0,"event_name":"Masked Bandits","player_choice":"Fought Bandits","floor":22.0,"gold_loss":0.0,"damage_taken":0.0},{"damage_healed":0.0,"max_hp_gain":0.0,"max_hp_loss":0.0,"gold_gain":0.0,"event_name":"Cursed Tome","player_choice":"Obtained Book","floor":28.0,"gold_loss":0.0,"damage_taken":16.0},{"cards_removed":["Zap"],"damage_healed":0.0,"max_hp_gain":0.0,"max_hp_loss":0.0,"gold_gain":0.0,"event_name":"Beggar","player_choice":"Gave Gold","floor":30.0,"gold_loss":75.0,"damage_taken":0.0},{"cards_removed":["Bite"],"damage_healed":0.0,"max_hp_gain":0.0,"max_hp_loss":0.0,"gold_gain":0.0,"event_name":"Purifier","player_choice":"Purged","floor":36.0,"gold_loss":0.0,"damage_taken":0.0},{"damage_healed":0.0,"max_hp_gain":0.0,"max_hp_loss":0.0,"gold_gain":0.0,"event_name":"Lab","player_choice":"Got Potions","floor":39.0,"gold_loss":0.0,"damage_taken":0.0},{"damage_healed":0,"gold_gain":0,"player_choice":"0 cards matched","damage_taken":0,"max_hp_gain":0,"max_hp_loss":0,"event_name":"Match and Keep!","floor":48,"gold_loss":0,"cards_obtained":[]}],"is_beta":false,"boss_relics":[{"not_picked":["Tiny House","Snecko Eye"],"picked":"Philosopher\u0027s Stone"},{"not_picked":["Black Star","Runic Pyramid"],"picked":"Empty Cage"}],"items_purged_floors":[12,29,42,45],"is_endless":false,"potions_floor_spawned":[3,5,13,18,21,27,33,37,47],"killed_by":"Time Eater","ascension_level":5}