{"gold_per_floor":[113,124,124,151,163,163,238,264,287,305,305,305,339,353,353,457,457,471,486,486,339,359,359,394,414,414,71,83,99,99,118,118,214,214,224,224,224,240,255,255,284,297,297,308,308,75,92,92,92,92],"floor_reached":50,"playtime":2495,"items_purged":["Strike_B","Strike_B"],"score":582,"play_id":"65395d3d-971d-474a-9595-000c96cf506e","local_time":"20190602111746","is_ascension_mode":true,"campfire_choices":[{"floor":6,"key":"RECALL"},{"data":"Zap","floor":11,"key":"SMITH"},{"data":"Glacier","floor":15,"key":"SMITH"},{"data":"Sunder","floor":23,"key":"SMITH"},{"floor":32,"key":"REST"},{"data":"Defragment","floor":40,"key":"SMITH"},{"floor":45,"key":"REST"},{"floor":49,"key":"REST"}],"neow_cost":"NONE","seed_source_timestamp":141334157322255,"circlet_count":0,"master_deck":["Strike_B","Defend_B","Defend_B","Defend_B","Zap+1","Dualcast+1","Conserve Battery","Glacier+1","Ball Lightning","Defragment+1","Compile Driver","Sunder+1","Defragment+1","Loop"],"relics":["Cracked Core","Lantern","Vajra","War Paint","Busted Crown","Boot","Ancient Tea Set","Kunai","TheAbacus","CultistMask","Runic Pyramid","Omamori","Ornamental Fan","Anchor"],"potions_floor_usage":[8,13,24,25,41,50],"damage_taken":[{"damage":7,"enemies":"Jaw Worm","floor":1,"turns":4},{"damage":0,"enemies":"Cultist","floor":2,"turns":3},{"damage":0,"enemies":"Small Slimes","floor":5,"turns":4},{"damage":13,"enemies":"Lagavulin","floor":8,"turns":10},{"damage":2,"enemies":"2 Fungi Beasts","floor":10,"turns":3},{"damage":4,"enemies":"3 Sentries","floor":13,"turns":6},{"damage":5,"enemies":"Lots of Slimes","floor":14,"turns":3},{"damage":1,"enemies":"The Guardian","floor":16,"turns":8},{"damage":12,"enemies":"3 Byrds","floor":18,"turns":4},{"damage":3,"enemies":"Shell Parasite","floor":19,"turns":4},{"damage":5,"enemies":"3 Cultists","floor":22,"turns":5},{"damage":15,"enemies":"Gremlin Leader","floor":24,"turns":8},{"damage":0,"enemies":"Cultist and Chosen","floor":25,"turns":4},{"damage":0,"enemies":"Snecko","floor":28,"turns":3},{"damage":12,"enemies":"Sentry and Sphere","floor":29,"turns":6},{"damage":0,"enemies":"Cultist and Chosen","floor":31,"turns":6},{"damage":26,"enemies":"Champ","floor":33,"turns":14},{"damage":13,"enemies":"3 Darklings","floor":35,"turns":5},{"damage":0,"enemies":"3 Shapes","floor":38,"turns":4},{"damage":0,"enemies":"Sphere and 2 Shapes","floor":39,"turns":6},{"damage":17,"enemies":"Reptomancer","floor":41,"turns":7},{"damage":17,"enemies":"4 Shapes","floor":42,"turns":6},{"damage":0,"enemies":"Maw","floor":44,"turns":8},{"damage":33,"enemies":"Jaw Worm Horde","floor":47,"turns":5},{"damage":50,"enemies":"Donu and Deca","floor":50,"turns":11}],"seed_played":"2285344606095638782","potions_obtained":[{"floor":0,"key":"Strength Potion"},{"floor":0,"key":"FairyPotion"},{"floor":0,"key":"Weak Potion"},{"floor":1,"key":"Strength Potion"},{"floor":2,"key":"Dexterity Potion"},{"floor":10,"key":"SteroidPotion"},{"floor":19,"key":"Weak Potion"},{"floor":22,"key":"FearPotion"},{"floor":29,"key":"AttackPotion"},{"floor":31,"key":"SpeedPotion"},{"floor":35,"key":"Energy Potion"},{"floor":42,"key":"Block Potion"}],"is_trial":false,"path_per_floor":["M","M","?","T","M","R","?","E","T","M","R","?","E","M","R","B",null,"M","M","?","$","M","R","E","M","T","$","M","M","?","M","R","B",null,"M","?","?","M","M","R","E","M","T","M","R","$","M","$","R","B"],"character_chosen":"DEFECT","items_purchased":["Sunder","Defragment","TheAbacus","Loop","Anchor","AttackPotion"],"campfire_rested":3,"item_purchase_floors":[21,27,27,46,46,46],"current_hp_per_floor":[68,68,73,73,73,73,62,49,49,47,47,47,43,38,38,37,80,68,65,65,65,60,60,45,45,45,45,45,33,33,33,57,31,80,67,67,67,67,67,67,50,33,33,33,57,57,24,24,48,0],"gold":92,"neow_bonus":"THREE_SMALL_POTIONS","is_prod":false,"is_daily":false,"chose_seed":false,"campfire_upgraded":4,"win_rate":0,"timestamp":1559495866,"path_taken":["M","M","?","?","?","R","?","E","T","M","R","?","E","M","R","BOSS","M","?","?","$","?","R","E","M","T","$","M","M","?","M","R","BOSS","M","?","?","?","?","R","E","?","T","M","R","$","M","?","R","BOSS"],"build_version":"2019-01-23","purchased_purges":2,"victory":false,"max_hp_per_floor":[75,75,80,80,80,80,80,80,80,80,80,80,80,80,80,80,80,80,80,80,80,80,80,80,80,80,80,80,80,80,80,80,80,80,80,80,80,80,80,80,80,80,80,80,80,80,80,80,80,80],"card_choices":[{"not_picked":["Genetic Algorithm","Static Discharge"],"picked":"Conserve Battery","floor":1},{"not_picked":["Genetic Algorithm","Rebound"],"picked":"Glacier","floor":2},{"not_picked":["Beam Cell","Leap"],"picked":"Ball Lightning","floor":5},{"not_picked":["Streamline","White Noise","Gash"],"picked":"SKIP","floor":8},{"not_picked":["Streamline","White Noise","Gash"],"picked":"SKIP","floor":8},{"not_picked":["Tempest","Turbo"],"picked":"Defragment","floor":10},{"not_picked":["Steam","Turbo"],"picked":"Compile Driver","floor":13},{"not_picked":["Fission","Steam Power","White Noise"],"picked":"SKIP","floor":14},{"not_picked":["Blizzard"],"picked":"SKIP","floor":18},{"not_picked":["Force Field"],"picked":"SKIP","floor":19},{"not_picked":["Steam"],"picked":"SKIP","floor":22},{"not_picked":["Gash"],"picked":"SKIP","floor":24},{"not_picked":["Streamline"],"picked":"SKIP","floor":25},{"not_picked":["Turbo"],"picked":"SKIP","floor":28},{"not_picked":["Chaos"],"picked":"SKIP","floor":29},{"not_picked":["Reboot"],"picked":"SKIP","floor":31},{"not_picked":["Genetic Algorithm+1"],"picked":"SKIP","floor":35},{"not_picked":["Beam Cell+1"],"picked":"SKIP","floor":38},{"not_picked":["Rip and Tear"],"picked":"SKIP","floor":39},{"not_picked":["Go for the Eyes"],"picked":"SKIP","floor":41},{"not_picked":["Gash"],"picked":"SKIP","floor":42},{"not_picked":["Blizzard"],"picked":"SKIP","floor":44},{"not_picked":["Streamline"],"picked":"SKIP","floor":47}],"player_experience":656824,"relics_obtained":[{"floor":8,"key":"Lantern"},{"floor":9,"key":"Vajra"},{"floor":13,"key":"War Paint"},{"floor":24,"key":"Ancient Tea Set"},{"floor":26,"key":"Kunai"},{"floor":41,"key":"Omamori"},{"floor":43,"key":"Ornamental Fan"}],"event_choices":[{"damage_healed":0,"gold_gain":0,"player_choice":"Donut","damage_taken":0,"max_hp_gain":5,"max_hp_loss":0,"event_name":"Big Fish","floor":3,"gold_loss":0},{"damage_healed":0,"gold_gain":75,"player_choice":"Gather Gold","damage_taken":11,"max_hp_gain":0,"max_hp_loss":0,"event_name":"World of Goop","floor":7,"gold_loss":0},{"damage_healed":0,"gold_gain":0,"player_choice":"Forge","damage_taken":0,"max_hp_gain":0,"max_hp_loss":0,"event_name":"Accursed Blacksmith","floor":12,"gold_loss":0,"cards_upgraded":["Defragment"]},{"damage_healed":0,"gold_gain":0,"player_choice":"Gave Potion","damage_taken":0,"relics_obtained":["Boot"],"max_hp_gain":0,"max_hp_loss":0,"event_name":"WeMeetAgain","floor":20,"gold_loss":0},{"damage_healed":0,"gold_gain":0,"player_choice":"Trade","damage_taken":0,"relics_obtained":["CultistMask"],"max_hp_gain":0,"max_hp_loss":0,"event_name":"FaceTrader","floor":30,"gold_loss":0},{"cards_removed":["Defend_B"],"damage_healed":0,"gold_gain":0,"player_choice":"Removed Skill","damage_taken":0,"max_hp_gain":0,"max_hp_loss":0,"event_name":"Falling","floor":36,"gold_loss":0},{"cards_removed":["Strike_B"],"damage_healed":0,"gold_gain":0,"player_choice":"Purged","damage_taken":0,"max_hp_gain":0,"max_hp_loss":0,"event_name":"Purifier","floor":37,"gold_loss":0}],"is_beta":false,"boss_relics":[{"not_picked":["Astrolabe","Orrery"],"picked":"Busted Crown"},{"not_picked":["Velvet Choker","White Beast Statue"],"picked":"Runic Pyramid"}],"items_purged_floors":[21,27],"is_endless":false,"potions_floor_spawned":[1,2,10,19,22,29,31,35,42,47],"killed_by":"Donu and Deca","ascension_level":2}