{"gold_per_floor":[111,111,111,184,4,4,27,60,84,122,140,140,178,197,197,325,388,407,161,156,180,196,196,227,227,227,83,83,83,107,123,123,252,252,265,278,278,292,311,311,355,76,100,100,0,0,21,41,41,41],"floor_reached":50,"playtime":2096,"items_purged":[],"score":536,"play_id":"84eef42f-1d0e-4bde-bd29-c71aa04244e7","local_time":"20181104203925","is_ascension_mode":false,"campfire_choices":[{"data":"Armaments","floor":12,"key":"SMITH"},{"floor":15,"key":"RECALL"},{"floor":23,"key":"REST"},{"data":"Demon Form","floor":25,"key":"SMITH"},{"floor":32,"key":"REST"},{"floor":40,"key":"REST"},{"data":"Inflame","floor":44,"key":"SMITH"},{"floor":49,"key":"REST"}],"neow_cost":"NONE","seed_source_timestamp":6248503481735,"circlet_count":0,"master_deck":["Strike_R+1","Strike_R+1","Strike_R","Strike_R","Strike_R","Defend_R","Defend_R+1","Defend_R+1","Defend_R","Bash+1","Shrug It Off","Twin Strike","Iron Wave","Demon Form+1","Armaments+1","Thunderclap","Offering+1","Cleave","Whirlwind+1","Clothesline+1","Entrench","Pommel Strike","Spot Weakness+1","Double Tap","Shockwave+1","Shrug It Off+1","Flex+1","Inflame+1","Sword Boomerang+1","Body Slam+1"],"relics":["Burning Blood","NeowsBlessing","Oddly Smooth Stone","MawBank","Golden Idol","War Paint","PreservedInsect","Boot","Red Skull","Tiny House","Ornamental Fan","FossilizedHelix","Meat on the Bone","Bag of Marbles","Mark of Pain","Spirit Poop","Centennial Puzzle","Chemical X","Red Mask"],"potions_floor_usage":[16,18,21,22,24,24,38,41,47,50],"damage_taken":[{"damage":0,"enemies":"2 Louse","floor":1,"turns":1},{"damage":0,"enemies":"Small Slimes","floor":7,"turns":1},{"damage":0,"enemies":"Gremlin Nob","floor":8,"turns":1},{"damage":18,"enemies":"Lagavulin","floor":10,"turns":5},{"damage":0,"enemies":"Cultist","floor":11,"turns":4},{"damage":19,"enemies":"Gremlin Nob","floor":13,"turns":4},{"damage":0,"enemies":"Red Slaver","floor":14,"turns":5},{"damage":32,"enemies":"The Guardian","floor":16,"turns":9},{"damage":6,"enemies":"3 Byrds","floor":18,"turns":4},{"damage":11,"enemies":"2 Thieves","floor":20,"turns":4},{"damage":26,"enemies":"Sentry and Sphere","floor":21,"turns":6},{"damage":25,"enemies":"Chosen and Byrds","floor":22,"turns":7},{"damage":23,"enemies":"Book of Stabbing","floor":24,"turns":5},{"damage":19,"enemies":"Centurion and Healer","floor":30,"turns":5},{"damage":19,"enemies":"Shelled Parasite and Fungi","floor":31,"turns":6},{"damage":61,"enemies":"Champ","floor":33,"turns":9},{"damage":2,"enemies":"Orb Walker","floor":35,"turns":4},{"damage":9,"enemies":"3 Shapes","floor":36,"turns":4},{"damage":26,"enemies":"Maw","floor":38,"turns":8},{"damage":38,"enemies":"Transient","floor":39,"turns":5},{"damage":67,"enemies":"Reptomancer","floor":41,"turns":5},{"damage":27,"enemies":"Writhing Mass","floor":47,"turns":8},{"damage":36,"enemies":"4 Shapes","floor":48,"turns":7},{"damage":60,"enemies":"Awakened One","floor":50,"turns":7}],"seed_played":"6232893312999440815","potions_obtained":[{"floor":1,"key":"FearPotion"},{"floor":7,"key":"EssenceOfSteel"},{"floor":13,"key":"Strength Potion"},{"floor":16,"key":"Energy Potion"},{"floor":17,"key":"Energy Potion"},{"floor":20,"key":"LiquidBronze"},{"floor":21,"key":"Weak Potion"},{"floor":33,"key":"PowerPotion"},{"floor":35,"key":"Regen Potion"},{"floor":36,"key":"Weak Potion"},{"floor":38,"key":"SteroidPotion"}],"is_trial":false,"path_per_floor":["M","?","?","?","$","?","M","E","T","E","M","R","E","M","R","B",null,"M","$","M","M","M","R","E","R","T","$","?","$","M","M","R","B",null,"M","M","?","M","M","R","E","$","T","R","?","?","M","M","R","B"],"character_chosen":"IRONCLAD","items_purchased":["MawBank","Twin Strike","Ornamental Fan","Bag of Marbles","Chemical X","Inflame"],"campfire_rested":4,"item_purchase_floors":[5,5,19,27,42,42],"current_hp_per_floor":[80,68,52,52,52,52,58,64,64,52,58,58,45,51,51,25,85,85,85,80,60,41,66,49,49,49,49,49,49,48,47,72,29,85,85,82,82,62,42,67,32,32,32,32,32,74,53,35,57,0],"gold":41,"neow_bonus":"THREE_ENEMY_KILL","is_prod":false,"is_daily":false,"chose_seed":false,"campfire_upgraded":3,"win_rate":0,"timestamp":1541324365,"path_taken":["M","?","?","?","$","?","M","E","T","E","M","R","E","M","R","BOSS","M","$","M","M","M","R","E","R","T","$","?","?","M","?","R","BOSS","M","M","?","?","M","R","E","$","T","R","?","?","M","M","R","BOSS"],"build_version":"2018-11-02","purchased_purges":0,"victory":false,"max_hp_per_floor":[80,80,80,80,80,80,80,80,80,80,80,80,80,80,80,80,85,85,85,85,85,85,85,85,85,85,85,85,85,85,85,85,85,85,85,85,85,85,85,85,85,85,85,85,85,74,74,74,74,74],"card_choices":[{"not_picked":["Metallicize","Perfected Strike"],"picked":"Shrug It Off","floor":1},{"not_picked":["Hemokinesis","Anger"],"picked":"Iron Wave","floor":7},{"not_picked":["Entrench","Twin Strike"],"picked":"Demon Form","floor":8},{"not_picked":["Fire Breathing","Power Through","Combust"],"picked":"SKIP","floor":10},{"not_picked":["Pommel Strike","Heavy Blade"],"picked":"Armaments","floor":11},{"not_picked":["Intimidate","Havoc","Uppercut"],"picked":"SKIP","floor":13},{"not_picked":["Uppercut","Searing Blow"],"picked":"Thunderclap","floor":14},{"not_picked":["Demon Form","Berserk"],"picked":"Offering","floor":16},{"not_picked":["Wild Strike","Fire Breathing"],"picked":"Cleave","floor":17},{"not_picked":["Burning Pact","Disarm","Thunderclap+1"],"picked":"SKIP","floor":18},{"not_picked":["Iron Wave","Flex"],"picked":"Whirlwind+1","floor":20},{"not_picked":["Dark Embrace","Thunderclap"],"picked":"Clothesline+1","floor":21},{"not_picked":["Evolve","Rupture"],"picked":"Entrench","floor":22},{"not_picked":["Perfected Strike+1","Anger"],"picked":"Pommel Strike","floor":24},{"not_picked":["Corruption+1","True Grit","Searing Blow"],"picked":"SKIP","floor":30},{"not_picked":["Sword Boomerang","Anger"],"picked":"Spot Weakness+1","floor":31},{"not_picked":["Bludgeon","Brutality"],"picked":"Double Tap","floor":33},{"not_picked":["Fire Breathing","Sentinel+1"],"picked":"Shockwave+1","floor":35},{"not_picked":["Cleave+1","Pommel Strike+1"],"picked":"Shrug It Off+1","floor":36},{"not_picked":["Infernal Blade","Battle Trance+1"],"picked":"Flex+1","floor":38},{"not_picked":["Headbutt","Feel No Pain+1","Flex+1"],"picked":"SKIP","floor":39},{"not_picked":["Clash","Cleave","Pommel Strike"],"picked":"SKIP","floor":41},{"not_picked":["Thunderclap+1","Evolve"],"picked":"Sword Boomerang+1","floor":47},{"not_picked":["Searing Blow","Spot Weakness+1"],"picked":"Body Slam+1","floor":48}],"player_experience":181594,"relics_obtained":[{"floor":8,"key":"War Paint"},{"floor":9,"key":"PreservedInsect"},{"floor":10,"key":"Boot"},{"floor":13,"key":"Red Skull"},{"floor":24,"key":"FossilizedHelix"},{"floor":26,"key":"Meat on the Bone"},{"floor":41,"key":"Centennial Puzzle"}],"event_choices":[{"damage_healed":0,"gold_gain":0,"player_choice":"Success","damage_taken":12,"relics_obtained":["Oddly Smooth Stone"],"max_hp_gain":0,"max_hp_loss":0,"event_name":"Scrap Ooze","floor":2,"gold_loss":0},{"damage_healed":0,"gold_gain":0,"player_choice":"Entered Light","damage_taken":16,"max_hp_gain":0,"max_hp_loss":0,"event_name":"Shining Light","floor":3,"gold_loss":0,"cards_upgraded":["Strike_R","Bash"]},{"damage_healed":0,"gold_gain":73,"player_choice":"Gained Gold","damage_taken":0,"max_hp_gain":0,"max_hp_loss":0,"event_name":"Golden Wing","floor":4,"gold_loss":0},{"damage_healed":0,"gold_gain":0,"player_choice":"Take Wound","damage_taken":0,"relics_obtained":["Golden Idol"],"max_hp_gain":0,"max_hp_loss":0,"event_name":"Golden Idol","floor":6,"gold_loss":0,"cards_obtained":["Injury"]},{"damage_healed":0,"gold_gain":0,"player_choice":"Upgraded","damage_taken":0,"max_hp_gain":0,"max_hp_loss":0,"event_name":"Upgrade Shrine","floor":28,"gold_loss":0,"cards_upgraded":["Offering"]},{"cards_removed":["Injury"],"damage_healed":0,"gold_gain":0,"player_choice":"Offered Curse","damage_taken":0,"relics_obtained":["Spirit Poop"],"max_hp_gain":0,"max_hp_loss":0,"event_name":"Bonfire Elementals","floor":37,"gold_loss":0},{"damage_healed":0,"gold_gain":0,"player_choice":"Paid","damage_taken":0,"relics_obtained":["Red Mask"],"max_hp_gain":0,"max_hp_loss":0,"event_name":"Tomb of Lord Red Mask","floor":45,"gold_loss":100},{"damage_healed":74,"gold_gain":0,"player_choice":"Heal","damage_taken":0,"max_hp_gain":0,"max_hp_loss":11,"event_name":"The Moai Head","floor":46,"gold_loss":0}],"is_beta":true,"boss_relics":[{"not_picked":["Runic Dome","Fusion Hammer"],"picked":"Tiny House"},{"not_picked":["Calling Bell","Black Star"],"picked":"Mark of Pain"}],"items_purged_floors":[],"is_endless":false,"potions_floor_spawned":[1,7,13,16,20,21,33,35,36,38,39],"killed_by":"Awakened One","ascension_level":0}