{"gold_per_floor":[114,126,126,144,155,186,186,214,214,214],"floor_reached":10,"playtime":401,"items_purged":[],"score":78,"play_id":"af6adfd2-9eb6-4528-9c21-016350df46d0","local_time":"20181118195903","is_ascension_mode":false,"campfire_choices":[{"data":"Defragment","floor":7,"key":"SMITH"}],"neow_cost":"NONE","seed_source_timestamp":13848130618039,"circlet_count":0,"master_deck":["Strike_B","Strike_B","Strike_B","Strike_B","Defend_B","Defend_B","Defend_B","Defend_B","Zap","Dualcast","White Noise+1","Defragment+1","Leap","White Noise","Conserve Battery"],"relics":["Cracked Core","Omamori","Bottled Lightning","Toxic Egg 2"],"potions_floor_usage":[5,8],"damage_taken":[{"damage":3,"enemies":"Small Slimes","floor":1,"turns":3},{"damage":4,"enemies":"2 Louse","floor":2,"turns":4},{"damage":11,"enemies":"Jaw Worm","floor":4,"turns":3},{"damage":20,"enemies":"Gremlin Gang","floor":5,"turns":5},{"damage":24,"enemies":"3 Sentries","floor":6,"turns":7},{"damage":29,"enemies":"Gremlin Nob","floor":8,"turns":4},{"damage":15,"enemies":"Lagavulin","floor":10,"turns":7}],"seed_played":"5698476126843663828","potions_obtained":[{"floor":1,"key":"Regen Potion"},{"floor":2,"key":"PowerPotion"}],"is_trial":false,"path_per_floor":["M","M","?","M","M","E","R","E","T","E"],"character_chosen":"DEFECT","items_purchased":[],"campfire_rested":0,"item_purchase_floors":[],"current_hp_per_floor":[79,75,75,64,56,32,32,3,3,0],"gold":214,"neow_bonus":"TEN_PERCENT_HP_BONUS","is_prod":false,"is_daily":false,"chose_seed":false,"campfire_upgraded":1,"win_rate":0,"timestamp":1542531543,"path_taken":["M","M","?","M","M","E","R","E","T","E"],"build_version":"2018-11-15","purchased_purges":0,"victory":false,"max_hp_per_floor":[82,82,82,82,82,82,82,82,82,82],"card_choices":[{"not_picked":["Consume","Hologram"],"picked":"White Noise","floor":1},{"not_picked":["Aggregate","Conserve Battery"],"picked":"Defragment","floor":2},{"not_picked":["Heatsinks","Streamline"],"picked":"Leap","floor":4},{"not_picked":["Scrape","Darkness"],"picked":"White Noise","floor":5},{"not_picked":["Tempest","Rainbow"],"picked":"Conserve Battery","floor":6},{"not_picked":["Leap","Force Field","Lockon"],"picked":"SKIP","floor":8}],"player_experience":210866,"relics_obtained":[{"floor":6,"key":"Omamori"},{"floor":8,"key":"Bottled Lightning"},{"floor":9,"key":"Toxic Egg 2"}],"event_choices":[{"damage_healed":0,"gold_gain":0,"player_choice":"Grow","damage_taken":0,"max_hp_gain":0,"max_hp_loss":0,"event_name":"Living Wall","floor":3,"gold_loss":0,"cards_upgraded":["White Noise"]}],"is_beta":true,"boss_relics":[],"items_purged_floors":[],"is_endless":false,"potions_floor_spawned":[1,2],"killed_by":"Lagavulin","ascension_level":0}