{"gold_per_floor":[114,114,189,214,52,52,66,66,115,115,139,155,67,67,67,162,162,186,186],"floor_reached":19,"playtime":779,"items_purged":[],"score":314,"play_id":"605fb29d-f67c-4bb7-9eca-3ea60d88a6bd","local_time":"20190331111400","is_ascension_mode":true,"campfire_choices":[{"data":"Neutralize","floor":6,"key":"SMITH"},{"data":"Survivor","floor":8,"key":"SMITH"},{"data":"Blur","floor":10,"key":"SMITH"},{"data":"Footwork","floor":15,"key":"SMITH"}],"neow_cost":"PERCENT_DAMAGE","seed_source_timestamp":223382629380203,"circlet_count":0,"master_deck":["AscendersBane","Defend_G","Defend_G","Defend_G","Defend_G","Defend_G","Strike_G","Strike_G","Strike_G","Strike_G","Strike_G","Survivor+1","Neutralize+1","Finesse","Trip","All Out Attack","Flying Knee","Blur+1","Footwork+1","Die Die Die","PiercingWail"],"relics":["Ring of the Snake","Golden Idol","Bronze Scales","Boot","Cursed Key"],"potions_floor_usage":[16,19],"damage_taken":[{"damage":2,"enemies":"Jaw Worm","floor":1,"turns":6},{"damage":0,"enemies":"2 Louse","floor":4,"turns":2},{"damage":0,"enemies":"Small Slimes","floor":7,"turns":3},{"damage":2,"enemies":"2 Fungi Beasts","floor":11,"turns":3},{"damage":12,"enemies":"Exordium Wildlife","floor":12,"turns":5},{"damage":35,"enemies":"Hexaghost","floor":16,"turns":14},{"damage":6,"enemies":"Spheric Guardian","floor":18,"turns":7},{"damage":43,"enemies":"Chosen","floor":19,"turns":5}],"seed_played":"-8547249392739814261","potions_obtained":[{"floor":7,"key":"Weak Potion"},{"floor":16,"key":"FearPotion"}],"is_trial":false,"path_per_floor":["M","?","?","M","$","R","M","R","T","R","M","M","$","?","R","B",null,"M","M"],"character_chosen":"THE_SILENT","items_purchased":["Bronze Scales","Footwork"],"campfire_rested":0,"item_purchase_floors":[5,13],"current_hp_per_floor":[42,42,31,31,31,31,31,31,31,31,29,17,17,37,37,2,46,40,0],"gold":186,"neow_bonus":"RANDOM_COLORLESS_2","is_prod":false,"is_daily":false,"chose_seed":false,"campfire_upgraded":4,"win_rate":0,"timestamp":1554052440,"path_taken":["M","?","?","M","$","R","M","R","T","R","M","M","$","?","R","BOSS","M","M"],"build_version":"2019-01-23","purchased_purges":0,"victory":false,"max_hp_per_floor":[66,60,60,60,60,60,60,60,60,60,60,60,60,60,60,60,60,60,60],"card_choices":[{"not_picked":["Calculated Gamble","Dodge and Roll"],"picked":"All Out Attack","floor":1},{"not_picked":["Slice","Quick Slash"],"picked":"Flying Knee","floor":4},{"not_picked":["Riddle With Holes","Acrobatics"],"picked":"Blur","floor":7},{"not_picked":["Outmaneuver","Choke","Heel Hook"],"picked":"SKIP","floor":11},{"not_picked":["Outmaneuver","Envenom","Backstab"],"picked":"SKIP","floor":12},{"not_picked":["Wraith Form v2","Burst"],"picked":"Die Die Die","floor":16},{"not_picked":["Escape Plan","Deflect"],"picked":"PiercingWail","floor":18}],"player_experience":386302,"relics_obtained":[{"floor":9,"key":"Boot"}],"event_choices":[{"damage_healed":0,"gold_gain":0,"player_choice":"Lose Max HP","damage_taken":0,"relics_obtained":["Golden Idol"],"max_hp_gain":0,"max_hp_loss":6,"event_name":"Golden Idol","floor":2,"gold_loss":0},{"damage_healed":0,"gold_gain":75,"player_choice":"Gather Gold","damage_taken":11,"max_hp_gain":0,"max_hp_loss":0,"event_name":"World of Goop","floor":3,"gold_loss":0},{"damage_healed":20,"gold_gain":0,"player_choice":"Banana","damage_taken":0,"max_hp_gain":0,"max_hp_loss":0,"event_name":"Big Fish","floor":14,"gold_loss":0}],"is_beta":false,"boss_relics":[{"not_picked":["Astrolabe","WristBlade"],"picked":"Cursed Key"}],"items_purged_floors":[],"is_endless":false,"potions_floor_spawned":[7,16],"killed_by":"Chosen","ascension_level":20}