{"gold_per_floor":[119,149,174,21,73,102,102,136,136,136,211,221,221,233,233,334,334,348,348,359,359,370,370,19,44,44,44],"floor_reached":27,"playtime":509,"items_purged":["Regret"],"score":438,"play_id":"362e23a7-7b5d-4323-9cc8-6f9b121ba428","local_time":"20190425011013","is_ascension_mode":true,"campfire_choices":[{"data":"Inflame","floor":7,"key":"SMITH"},{"data":"Heavy Blade","floor":10,"key":"SMITH"},{"data":"Heavy Blade","floor":15,"key":"SMITH"},{"data":"Bash","floor":23,"key":"SMITH"}],"neow_cost":"NONE","seed_source_timestamp":960645516170680,"circlet_count":0,"master_deck":["AscendersBane","Strike_R","Strike_R+1","Strike_R","Strike_R+1","Defend_R","Defend_R","Defend_R","Defend_R","Bash+1","Inflame+1","Heavy Blade+1","Demon Form+1","Heavy Blade+1","Heavy Blade+1","Finesse"],"relics":["Burning Blood","NeowsBlessing","Tiny Chest","Juzu Bracelet","Blood Vial","Bottled Lightning","Matryoshka","Red Skull","Question Card","Coffee Dripper","Meat on the Bone","Dodecahedron","Whetstone","Frozen Egg 2"],"potions_floor_usage":[16],"damage_taken":[{"damage":0,"enemies":"2 Louse","floor":1,"turns":1},{"damage":0,"enemies":"Gremlin Nob","floor":6,"turns":1},{"damage":0,"enemies":"3 Sentries","floor":8,"turns":2},{"damage":26,"enemies":"Jaw Worm","floor":12,"turns":4},{"damage":20,"enemies":"Small Slimes","floor":14,"turns":3},{"damage":35,"enemies":"The Guardian","floor":16,"turns":9},{"damage":12,"enemies":"Chosen","floor":18,"turns":3},{"damage":27,"enemies":"Shell Parasite","floor":20,"turns":5},{"damage":27,"enemies":"Cultist and Chosen","floor":22,"turns":5},{"damage":29,"enemies":"Gremlin Leader","floor":27,"turns":2}],"seed_played":"-5066529843003700975","potions_obtained":[{"floor":1,"key":"Energy Potion"},{"floor":12,"key":"Regen Potion"},{"floor":14,"key":"Dexterity Potion"},{"floor":20,"key":"SpeedPotion"}],"is_trial":false,"path_per_floor":["M","?","T","$","T","E","R","E","T","R","?","M","?","M","R","B",null,"M","?","M","?","M","R","$","T","T","E"],"character_chosen":"IRONCLAD","items_purchased":["Inflame","Meat on the Bone","Finesse"],"campfire_rested":0,"item_purchase_floors":[4,24,24],"current_hp_per_floor":[78,78,78,78,78,80,80,80,80,80,69,51,44,32,32,20,65,61,61,42,42,23,23,23,23,23,0],"gold":44,"neow_bonus":"THREE_ENEMY_KILL","is_prod":false,"is_daily":false,"chose_seed":false,"campfire_upgraded":4,"win_rate":0,"timestamp":1556176213,"path_taken":["M","?","?","?","?","E","R","E","T","R","?","M","?","M","R","BOSS","M","?","M","?","M","R","$","?","T","E"],"build_version":"2019-01-23","purchased_purges":1,"victory":false,"max_hp_per_floor":[80,80,80,80,80,80,80,80,80,80,80,80,80,80,80,80,80,80,80,80,80,80,80,80,80,80,80],"card_choices":[{"not_picked":["Rupture","Shrug It Off","Clash"],"picked":"SKIP","floor":1},{"not_picked":["Combust","Thunderclap"],"picked":"Heavy Blade","floor":6},{"not_picked":["Corruption","Anger"],"picked":"Demon Form","floor":8},{"not_picked":["Power Through","Havoc","Armaments"],"picked":"Heavy Blade","floor":12},{"not_picked":["Flex","Wild Strike","Headbutt","Perfected Strike"],"picked":"SKIP","floor":14},{"not_picked":["Pummel","Seeing Red","Armaments+1","Rage"],"picked":"SKIP","floor":18},{"not_picked":["Cleave","Sword Boomerang+1","Reckless Charge","Fire Breathing+1"],"picked":"SKIP","floor":20},{"not_picked":["Whirlwind","Wild Strike","Rupture","Hemokinesis+1"],"picked":"SKIP","floor":22}],"player_experience":533094,"relics_obtained":[{"floor":3,"key":"Juzu Bracelet"},{"floor":5,"key":"Blood Vial"},{"floor":6,"key":"Bottled Lightning"},{"floor":8,"key":"Matryoshka"},{"floor":9,"key":"Red Skull"},{"floor":9,"key":"Question Card"},{"floor":25,"key":"Dodecahedron"},{"floor":25,"key":"Whetstone"},{"floor":26,"key":"Frozen Egg 2"}],"event_choices":[{"damage_healed":0,"gold_gain":0,"player_choice":"Box","damage_taken":0,"relics_obtained":["Tiny Chest"],"max_hp_gain":0,"max_hp_loss":0,"event_name":"Big Fish","floor":2,"gold_loss":0,"cards_obtained":["Regret"]},{"damage_healed":0,"gold_gain":75,"player_choice":"Gather Gold","damage_taken":11,"max_hp_gain":0,"max_hp_loss":0,"event_name":"World of Goop","floor":11,"gold_loss":0},{"cards_removed":["Strike_R"],"damage_healed":0,"gold_gain":0,"player_choice":"Card Removal","damage_taken":7,"max_hp_gain":0,"max_hp_loss":0,"event_name":"Golden Wing","floor":13,"gold_loss":0},{"damage_healed":0,"gold_gain":0,"player_choice":"Upgraded","damage_taken":0,"max_hp_gain":0,"max_hp_loss":0,"event_name":"Upgrade Shrine","floor":19,"gold_loss":0,"cards_upgraded":["Demon Form"]},{"damage_healed":0,"gold_gain":0,"player_choice":"Copied","damage_taken":0,"max_hp_gain":0,"max_hp_loss":0,"event_name":"Duplicator","floor":21,"gold_loss":0,"cards_obtained":["Heavy Blade"]}],"is_beta":false,"boss_relics":[{"not_picked":["Cursed Key","Snecko Eye"],"picked":"Coffee Dripper"}],"items_purged_floors":[4],"is_endless":false,"potions_floor_spawned":[1,12,14,20],"killed_by":"Gremlin Leader","ascension_level":10}