{"gold_per_floor":[119,119,44,44,60,87,97,97,97,131,148,148,161,27,27,27],"floor_reached":16,"playtime":363,"items_purged":["Strike_R"],"score":263,"play_id":"5087ae1a-819c-4a58-b619-82cbe7ba6bfc","local_time":"20190526120216","is_ascension_mode":true,"campfire_choices":[{"data":"Shrug It Off","floor":8,"key":"SMITH"},{"data":"Flame Barrier","floor":12,"key":"SMITH"},{"data":"Strike_R","floor":15,"key":"SMITH"}],"neow_cost":"NONE","seed_source_timestamp":74739902042397,"circlet_count":0,"master_deck":["AscendersBane","Strike_R","Strike_R+1","Strike_R","Strike_R","Defend_R","Defend_R","Defend_R","Bash+1","Battle Trance","Shrug It Off+1","Flame Barrier+1"],"relics":["Burning Blood","NeowsBlessing","Blue Candle","Orichalcum","The Courier","Bronze Scales"],"potions_floor_usage":[13,16],"damage_taken":[{"damage":0,"enemies":"2 Louse","floor":1,"turns":1},{"damage":0,"enemies":"Small Slimes","floor":5,"turns":1},{"damage":0,"enemies":"3 Sentries","floor":6,"turns":2},{"damage":9,"enemies":"Jaw Worm","floor":7,"turns":4},{"damage":38,"enemies":"Gremlin Nob","floor":10,"turns":5},{"damage":4,"enemies":"3 Louse","floor":11,"turns":6},{"damage":15,"enemies":"Large Slime","floor":13,"turns":6},{"damage":41,"enemies":"Hexaghost","floor":16,"turns":9}],"seed_played":"768322021840280704","potions_obtained":[{"floor":7,"key":"BloodPotion"},{"floor":11,"key":"Fire Potion"},{"floor":13,"key":"Swift Potion"}],"is_trial":false,"path_per_floor":["M","?","$","?","M","E","M","R","T","E","M","R","M","$","R","B"],"character_chosen":"IRONCLAD","items_purchased":["Bronze Scales"],"campfire_rested":0,"item_purchase_floors":[14],"current_hp_per_floor":[74,67,67,67,73,75,72,72,72,40,42,42,33,33,33,0],"gold":27,"neow_bonus":"THREE_ENEMY_KILL","is_prod":false,"is_daily":false,"chose_seed":false,"campfire_upgraded":3,"win_rate":0,"timestamp":1558893736,"path_taken":["M","?","$","?","?","E","M","R","T","E","M","R","M","$","R","BOSS"],"build_version":"2019-01-23","purchased_purges":1,"victory":false,"max_hp_per_floor":[75,75,75,75,75,75,75,75,75,75,75,75,75,75,75,75],"card_choices":[{"not_picked":["Warcry","Power Through"],"picked":"Battle Trance","floor":1},{"not_picked":["Anger","Flex","Dropkick"],"picked":"SKIP","floor":5},{"not_picked":["Clothesline","Armaments","Immolate"],"picked":"SKIP","floor":6},{"not_picked":["Flex","Clothesline"],"picked":"Shrug It Off","floor":7},{"not_picked":["Infernal Blade","Armaments"],"picked":"Flame Barrier","floor":10},{"not_picked":["Headbutt","Bloodletting","Metallicize"],"picked":"SKIP","floor":11},{"not_picked":["Perfected Strike","Sentinel","Anger"],"picked":"SKIP","floor":13}],"player_experience":613330,"relics_obtained":[{"floor":6,"key":"Blue Candle"},{"floor":9,"key":"Orichalcum"},{"floor":10,"key":"The Courier"}],"event_choices":[{"cards_removed":["Defend_R"],"damage_healed":0,"gold_gain":0,"player_choice":"Card Removal","damage_taken":7,"max_hp_gain":0,"max_hp_loss":0,"event_name":"Golden Wing","floor":2,"gold_loss":0},{"damage_healed":0,"gold_gain":0,"player_choice":"Grow","damage_taken":0,"max_hp_gain":0,"max_hp_loss":0,"event_name":"Living Wall","floor":4,"gold_loss":0,"cards_upgraded":["Bash"]}],"is_beta":false,"boss_relics":[],"items_purged_floors":[3],"is_endless":false,"potions_floor_spawned":[7,11,13],"killed_by":"Hexaghost","ascension_level":19}