{"gold_per_floor":[210,210,210,1,15,15,46,61,61,94,114,140,140,173,173,273,273,241,241,260,19,34,34,47,47,47,59,78,78,78,113,113,215,215,234,248,39,39,39],"floor_reached":39,"playtime":1798,"items_purged":[],"score":477,"play_id":"3bd77812-db7a-45e2-8cd5-15519501d75f","local_time":"20180707111829","is_ascension_mode":true,"campfire_choices":[{"data":"Dualcast","floor":6,"key":"SMITH"},{"data":"Tempest","floor":13,"key":"SMITH"},{"data":"Seek","floor":15,"key":"SMITH"},{"data":"Fission","floor":23,"key":"SMITH"},{"data":"Chill","floor":25,"key":"SMITH"},{"data":"Barrage","floor":29,"key":"SMITH"},{"floor":32,"key":"REST"}],"neow_cost":"NONE","seed_source_timestamp":0,"circlet_count":0,"master_deck":["Strike_B+1","Strike_B+1","Strike_B+1","Strike_B+1","Defend_B+1","Defend_B+1","Defend_B+1","Defend_B+1","Zap+1","Dualcast+1","Cold Snap","Zap+1","Auto Shields","Compile Driver","Leap","Chill+1","Tempest+1","Barrage+1","Seek+1","Fission+1","Hologram","Conserve Battery+1","Doom and Gloom+1","Heatsinks+1","Redo+1","White Noise+1","Coolheaded+1","Reboot+1","Hologram+1","Melter+1","Chrysalis+1","Injury"],"special_seed":17719,"relics":["Cracked Core","Ornamental Fan","DollysMirror","Blood Vial","Mango","Peace Pipe","Anchor","Bag of Preparation","Inserter","Cables","Toxic Egg 2","Centennial Puzzle","Sozu"],"potions_floor_usage":[10,14,14,28,31],"damage_taken":[{"damage":5,"enemies":"Jaw Worm","floor":1,"turns":4},{"damage":0,"enemies":"Small Slimes","floor":5,"turns":2},{"damage":10,"enemies":"3 Sentries","floor":7,"turns":7},{"damage":0,"enemies":"2 Louse","floor":8,"turns":2},{"damage":4,"enemies":"Gremlin Nob","floor":10,"turns":3},{"damage":0,"enemies":"Blue Slaver","floor":11,"turns":3},{"damage":13,"enemies":"3 Sentries","floor":12,"turns":8},{"damage":0,"enemies":"Lagavulin","floor":14,"turns":5},{"damage":16,"enemies":"Slime Boss","floor":16,"turns":8},{"damage":14,"enemies":"2 Thieves","floor":18,"turns":5},{"damage":1,"enemies":"Spheric Guardian","floor":20,"turns":3},{"damage":11,"enemies":"Snake Plant","floor":22,"turns":3},{"damage":0,"enemies":"Chosen and Byrds","floor":24,"turns":4},{"damage":15,"enemies":"Sentry and Sphere","floor":27,"turns":5},{"damage":11,"enemies":"Snecko","floor":28,"turns":4},{"damage":17,"enemies":"Book of Stabbing","floor":31,"turns":4},{"damage":35,"enemies":"Champ","floor":33,"turns":14},{"damage":0,"enemies":"3 Shapes","floor":35,"turns":3},{"damage":39,"enemies":"3 Darklings","floor":36,"turns":5},{"damage":52,"enemies":"Flame Bruiser 2 Orb","floor":39,"turns":5}],"seed_played":"-5610983590349585426","potions_obtained":[{"floor":7,"key":"AttackPotion"},{"floor":10,"key":"SpeedPotion"},{"floor":11,"key":"AttackPotion"},{"floor":22,"key":"SkillPotion"},{"floor":24,"key":"SkillPotion"},{"floor":27,"key":"SteroidPotion"},{"floor":28,"key":"LiquidBronze"}],"is_trial":false,"path_per_floor":["M","?","?","$","M","R","E","M","T","E","M","E","R","E","R","B",null,"M","$","M","$","M","R","M","R","T","M","M","R","?","E","R","B",null,"M","M","$","?"],"character_chosen":"DEFECT","items_purchased":["DollysMirror","Cables","Chrysalis+1"],"campfire_rested":1,"item_purchase_floors":[4,21,37],"current_hp_per_floor":[70,70,58,58,58,58,48,50,64,62,64,53,53,55,55,41,89,75,75,76,76,67,67,69,69,69,56,47,47,47,32,58,25,89,89,50,50,50,0],"gold":39,"neow_bonus":"HUNDRED_GOLD","is_prod":false,"is_daily":false,"chose_seed":false,"campfire_upgraded":6,"win_rate":0,"timestamp":1530926309,"path_taken":["M","?","?","$","M","R","E","M","T","E","M","E","R","E","R","BOSS","M","$","M","$","M","R","M","R","T","M","M","R","?","E","R","BOSS","M","M","$","?","M"],"build_version":"2018-07-05","purchased_purges":0,"victory":false,"max_hp_per_floor":[75,75,75,75,75,75,75,75,89,89,89,89,89,89,89,89,89,89,89,89,89,89,89,89,89,89,89,89,89,89,89,89,89,89,89,89,89,89,89],"card_choices":[{"not_picked":["Go for the Eyes","Lockon"],"picked":"Cold Snap","floor":1},{"not_picked":["Beam Cell","Sweeping Beam"],"picked":"Auto Shields","floor":5},{"not_picked":["Reinforced Body","Auto Shields"],"picked":"Compile Driver","floor":7},{"not_picked":["Compile Driver","Turbo"],"picked":"Leap","floor":8},{"not_picked":["Storm","Genetic Algorithm"],"picked":"Chill","floor":10},{"not_picked":["Glacier","Hello World"],"picked":"Tempest","floor":11},{"not_picked":["Gash","Turbo"],"picked":"Barrage","floor":12},{"not_picked":["Aggregate","Rebound"],"picked":"Seek","floor":14},{"not_picked":["Thunder Strike","Meteor Strike"],"picked":"Fission","floor":16},{"not_picked":["Turbo","Recycle"],"picked":"Hologram","floor":18},{"not_picked":["Force Field","Gash"],"picked":"Conserve Battery+1","floor":20},{"not_picked":["Redo","Capacitor"],"picked":"Doom and Gloom+1","floor":22},{"not_picked":["Compile Driver","Gash+1"],"picked":"Heatsinks","floor":24},{"not_picked":["Gash","Hologram+1"],"picked":"Redo+1","floor":27},{"not_picked":["Coolheaded+1","Self Repair+1"],"picked":"White Noise+1","floor":28},{"not_picked":["Turbo+1","Fission+1"],"picked":"Coolheaded+1","floor":31},{"not_picked":["Electrodynamics","Multi-Cast+1"],"picked":"Reboot+1","floor":33},{"not_picked":["Doom and Gloom","Cold Snap"],"picked":"Hologram+1","floor":35},{"not_picked":["Stack+1","Leap+1"],"picked":"Melter+1","floor":36}],"player_experience":82270,"relics_obtained":[{"floor":7,"key":"Blood Vial"},{"floor":9,"key":"Mango"},{"floor":10,"key":"Peace Pipe"},{"floor":12,"key":"Anchor"},{"floor":14,"key":"Bag of Preparation"},{"floor":26,"key":"Toxic Egg 2"},{"floor":31,"key":"Centennial Puzzle"}],"event_choices":[{"event_name":"Living Wall","player_choice":"Grow","floor":2,"damage_taken":0},{"event_name":"Scrap Ooze","player_choice":"success","floor":3,"damage_taken":12},{"event_name":"Back to Basics","player_choice":"Simplicity","floor":30,"damage_taken":0},{"event_name":"Accursed Blacksmith","player_choice":"Forge","floor":38,"damage_taken":0}],"boss_relics":[{"not_picked":["Philosopher\u0027s Stone","Velvet Choker"],"picked":"Inserter"},{"not_picked":["Runic Dome","Calling Bell"],"picked":"Sozu"}],"items_purged_floors":[],"is_endless":false,"potions_floor_spawned":[7,10,11,22,24,27,28,36],"killed_by":"Flame Bruiser 2 Orb","ascension_level":1}