{"gold_per_floor":[109,120,120,130,130,162,174,134],"floor_reached":8,"playtime":1776,"items_purged":[],"score":107,"play_id":"3bfc2d61-a926-4e18-beb5-dbfdad3ecb56","local_time":"20190530144348","is_ascension_mode":true,"campfire_choices":[],"neow_cost":"NONE","seed_source_timestamp":329896914094700,"circlet_count":0,"master_deck":["AscendersBane","Strike_B+1","Strike_B+1","Strike_B","Strike_B","Defend_B","Defend_B","Defend_B","Defend_B","Zap","Dualcast","Doom and Gloom","Streamline","Compile Driver","Hologram","Stack"],"relics":["Cracked Core","Ancient Tea Set","Torii"],"potions_floor_usage":[6,8],"damage_taken":[{"damage":1,"enemies":"Cultist","floor":1,"turns":3},{"damage":2,"enemies":"2 Louse","floor":2,"turns":2},{"damage":9,"enemies":"Jaw Worm","floor":4,"turns":3},{"damage":8,"enemies":"Gremlin Nob","floor":6,"turns":3},{"damage":8,"enemies":"3 Louse","floor":7,"turns":2},{"damage":23,"enemies":"Exordium Thugs","floor":8,"turns":2}],"seed_played":"-8008706066930361948","potions_obtained":[{"floor":1,"key":"Fire Potion"},{"floor":2,"key":"Explosive Potion"}],"is_trial":false,"path_per_floor":["M","M","?","M","?","E","M","M"],"character_chosen":"DEFECT","items_purchased":[],"campfire_rested":0,"item_purchase_floors":[],"current_hp_per_floor":[63,61,61,52,31,23,15,0],"gold":134,"neow_bonus":"RANDOM_COMMON_RELIC","is_prod":false,"is_daily":false,"chose_seed":false,"campfire_upgraded":0,"win_rate":0,"timestamp":1559249028,"path_taken":["M","?","?","M","?","E","M","M"],"build_version":"2019-01-23","purchased_purges":0,"victory":false,"max_hp_per_floor":[71,71,71,71,71,71,71,71],"card_choices":[{"not_picked":["Undo","Gash"],"picked":"Doom and Gloom","floor":1},{"not_picked":["Redo","Beam Cell"],"picked":"Streamline","floor":2},{"not_picked":["Sweeping Beam","Hyperbeam"],"picked":"Compile Driver","floor":4},{"not_picked":["Cold Snap","Barrage"],"picked":"Hologram","floor":6},{"not_picked":["Compile Driver","Beam Cell"],"picked":"Stack","floor":7}],"player_experience":828899,"relics_obtained":[{"floor":6,"key":"Torii"}],"event_choices":[{"damage_healed":0,"gold_gain":0,"player_choice":"Leave","damage_taken":0,"max_hp_gain":0,"max_hp_loss":0,"event_name":"The Cleric","floor":3,"gold_loss":0},{"damage_healed":0,"gold_gain":0,"player_choice":"Entered Light","damage_taken":21,"max_hp_gain":0,"max_hp_loss":0,"event_name":"Shining Light","floor":5,"gold_loss":0,"cards_upgraded":["Strike_B","Strike_B"]}],"is_beta":false,"boss_relics":[],"items_purged_floors":[],"is_endless":false,"potions_floor_spawned":[1,2],"killed_by":"Exordium Thugs","ascension_level":17}