{"gold_per_floor":[115,65,240,258,258,289,307,346,346,346,380,401,421,445,445,538,538,554,654,132,147,147,147,171,171,252,273,273,298,312,335,335,335],"floor_reached":33,"playtime":1116,"items_purged":["Doubt"],"score":571,"play_id":"ff722136-41d4-431a-9bc9-dbdec9b4efac","local_time":"20190518002732","is_ascension_mode":true,"campfire_choices":[{"data":"Heavy Blade","floor":10.0,"key":"SMITH"},{"data":"Demon Form","floor":15.0,"key":"SMITH"},{"data":"Flame Barrier","floor":23.0,"key":"SMITH"},{"floor":25.0,"key":"REST"},{"floor":32.0,"key":"REST"}],"neow_cost":"NONE","seed_source_timestamp":1300894067522275,"circlet_count":0,"master_deck":["AscendersBane","Strike_R","Strike_R","Strike_R","Strike_R","Defend_R","Defend_R","Defend_R","Defend_R","Bash","Cleave","Heavy Blade+1","Flex","Demon Form+1","Pommel Strike+1","Flame Barrier+1","Whirlwind+1","RitualDagger+1"],"special_seed":0,"relics":["Burning Blood","NeowsBlessing","Golden Idol","Anchor","FossilizedHelix","Molten Egg 2","Odd Mushroom","Velvet Choker","Membership Card","Dodecahedron","WingedGreaves","Self Forming Clay"],"potions_floor_usage":[33],"damage_taken":[{"damage":0.0,"enemies":"Jaw Worm","floor":1.0,"turns":1.0},{"damage":0.0,"enemies":"2 Louse","floor":4.0,"turns":1.0},{"damage":0.0,"enemies":"3 Sentries","floor":6.0,"turns":2.0},{"damage":7.0,"enemies":"Small Slimes","floor":7.0,"turns":4.0},{"damage":11.0,"enemies":"Gremlin Nob","floor":8.0,"turns":4.0},{"damage":0.0,"enemies":"The Mushroom Lair","floor":11.0,"turns":4.0},{"damage":5.0,"enemies":"2 Fungi Beasts","floor":12.0,"turns":4.0},{"damage":0.0,"enemies":"Blue Slaver","floor":13.0,"turns":3.0},{"damage":4.0,"enemies":"Red Slaver","floor":14.0,"turns":5.0},{"damage":0.0,"enemies":"Slime Boss","floor":16.0,"turns":5.0},{"damage":21.0,"enemies":"Shell Parasite","floor":18.0,"turns":5.0},{"damage":37.0,"enemies":"2 Thieves","floor":21.0,"turns":4.0},{"damage":42.0,"enemies":"Centurion and Healer","floor":24.0,"turns":6.0},{"damage":8.0,"enemies":"Snake Plant","floor":27.0,"turns":4.0},{"damage":0.0,"enemies":"Snecko","floor":29.0,"turns":3.0},{"damage":14.0,"enemies":"Centurion and Healer","floor":30.0,"turns":4.0},{"damage":12.0,"enemies":"Shelled Parasite and Fungi","floor":31.0,"turns":3.0},{"damage":59,"enemies":"Automaton","floor":33,"turns":6}],"seed_played":"8823039795172661040","potions_obtained":[{"floor":4.0,"key":"Swift Potion"},{"floor":6.0,"key":"SkillPotion"},{"floor":12.0,"key":"PowerPotion"},{"floor":13.0,"key":"LiquidBronze"},{"floor":21.0,"key":"LiquidBronze"},{"floor":24.0,"key":"BloodPotion"},{"floor":27.0,"key":"Ancient Potion"},{"floor":30.0,"key":"EssenceOfSteel"}],"is_trial":false,"path_per_floor":["M","?","?","M","?","E","M","E","T","R","?","M","M","M","R","B",null,"M","?","$","M","?","R","M","R","T","M","?","M","M","M","R","B"],"character_chosen":"IRONCLAD","items_purchased":["Membership Card","Dodecahedron","WingedGreaves"],"campfire_rested":2,"item_purchase_floors":[20,20,20],"current_hp_per_floor":[74,74,74,75,69,69,68,63,63,63,69,69,69,69,69,69,69,54,54,54,23,46,46,10,30,30,34,28,34,26,20,40,0],"gold":335,"neow_bonus":"THREE_ENEMY_KILL","is_prod":false,"is_daily":false,"chose_seed":false,"campfire_upgraded":3,"win_rate":0,"timestamp":1558160852,"path_taken":["M","?","?","M","?","E","M","E","T","R","?","?","M","M","R","BOSS","M","?","$","?","?","R","M","R","T","M","?","M","M","M","R","BOSS"],"build_version":"2019-01-23","purchased_purges":1,"victory":false,"max_hp_per_floor":[75,75,75,75,69,69,69,69,69,69,69,69,69,69,69,69,69,69,69,69,69,69,69,69,69,69,69,69,69,69,69,69,69],"card_choices":[{"not_picked":["Pommel Strike","Metallicize"],"picked":"Cleave","floor":1.0},{"not_picked":["Twin Strike","Perfected Strike"],"picked":"Heavy Blade","floor":4.0},{"not_picked":["Iron Wave","Pummel"],"picked":"Flex","floor":6.0},{"not_picked":["Brutality","Power Through","Shockwave"],"picked":"SKIP","floor":7.0},{"not_picked":["Clothesline","Whirlwind","Twin Strike"],"picked":"SKIP","floor":8.0},{"not_picked":["Heavy Blade+1","Sever Soul+1"],"picked":"Demon Form","floor":12.0},{"not_picked":["Rampage+1","Rage","Dropkick+1"],"picked":"SKIP","floor":13.0},{"not_picked":["Havoc","Flex"],"picked":"Pommel Strike+1","floor":14.0},{"not_picked":["Carnage+1","Iron Wave+1","Burning Pact"],"picked":"SKIP","floor":18.0},{"not_picked":["True Grit+1","Havoc"],"picked":"Flame Barrier","floor":21.0},{"not_picked":["Evolve","Clothesline+1"],"picked":"Whirlwind+1","floor":24.0},{"not_picked":["Thunderclap+1","Shrug It Off","Flex"],"picked":"SKIP","floor":27.0},{"not_picked":["Wild Strike+1","Uppercut+1","Headbutt+1"],"picked":"SKIP","floor":29.0},{"not_picked":["True Grit+1","Headbutt+1","Offering"],"picked":"SKIP","floor":30.0},{"not_picked":["Anger+1","Twin Strike+1","Fire Breathing"],"picked":"SKIP","floor":31.0}],"player_experience":566220,"relics_obtained":[{"floor":6.0,"key":"Anchor"},{"floor":8.0,"key":"FossilizedHelix"},{"floor":9.0,"key":"Molten Egg 2"},{"floor":11.0,"key":"Odd Mushroom"},{"floor":26.0,"key":"Self Forming Clay"}],"event_choices":[{"cards_removed":["Strike_R"],"damage_healed":0.0,"max_hp_gain":0.0,"max_hp_loss":0.0,"gold_gain":0.0,"event_name":"The Cleric","player_choice":"Card Removal","floor":2.0,"gold_loss":50.0,"damage_taken":0.0},{"damage_healed":0.0,"max_hp_gain":0.0,"max_hp_loss":0.0,"gold_gain":175.0,"event_name":"Liars Game","player_choice":"AGREE","floor":3.0,"gold_loss":0.0,"damage_taken":0.0,"cards_obtained":["Doubt"]},{"damage_healed":0.0,"max_hp_gain":0.0,"max_hp_loss":6.0,"gold_gain":0.0,"event_name":"Golden Idol","player_choice":"Lose Max HP","floor":5.0,"gold_loss":0.0,"damage_taken":0.0,"relics_obtained":["Golden Idol"]},{"damage_healed":0.0,"max_hp_gain":0.0,"max_hp_loss":0.0,"gold_gain":0.0,"event_name":"Mushrooms","player_choice":"Fought Mushrooms","floor":11.0,"gold_loss":0.0,"damage_taken":0.0},{"damage_healed":0.0,"max_hp_gain":0.0,"max_hp_loss":0.0,"gold_gain":100.0,"event_name":"Golden Shrine","player_choice":"Pray","floor":19.0,"gold_loss":0.0,"damage_taken":0.0},{"damage_healed":23.0,"max_hp_gain":0.0,"max_hp_loss":0.0,"gold_gain":0.0,"event_name":"The Library","player_choice":"Heal","floor":22.0,"gold_loss":0.0,"damage_taken":0.0},{"damage_healed":0.0,"max_hp_gain":0.0,"max_hp_loss":0.0,"gold_gain":0.0,"event_name":"Nest","player_choice":"Joined the Cult","floor":28.0,"gold_loss":0.0,"damage_taken":6.0,"cards_obtained":["RitualDagger"]}],"is_beta":false,"boss_relics":[{"not_picked":["White Beast Statue","Lizard Tail"],"picked":"Velvet Choker"}],"items_purged_floors":[20],"is_endless":false,"potions_floor_spawned":[4,6,12,13,21,24,27,30],"killed_by":"Automaton","ascension_level":14}