{"gold_per_floor":[113,113,23,98,98,98,128,128,155,189,189,189,199,216,216,292,292,310,330,349,349],"floor_reached":21,"playtime":922,"items_purged":[],"score":474,"play_id":"7185fdf7-fbbf-4fa1-bedd-8e935d5ccec2","local_time":"20190331211429","is_ascension_mode":true,"campfire_choices":[{"data":"Well Laid Plans","floor":6,"key":"SMITH"},{"data":"Choke","floor":8,"key":"SMITH"},{"data":"A Thousand Cuts","floor":15,"key":"SMITH"}],"neow_cost":"NONE","seed_source_timestamp":259269426086842,"circlet_count":0,"master_deck":["AscendersBane","Defend_G","Defend_G","Defend_G+1","Defend_G","Defend_G","Strike_G","Strike_G+1","Strike_G","Strike_G","Survivor","Neutralize","Dagger Throw","Well Laid Plans+1","Choke+1","A Thousand Cuts+1","Deflect","Footwork","PiercingWail"],"relics":["Ring of the Snake","NeowsBlessing","Blood Vial","Bag of Preparation","Dream Catcher","Cursed Key"],"potions_floor_usage":[16,16,20],"damage_taken":[{"damage":0,"enemies":"Jaw Worm","floor":1,"turns":1},{"damage":0,"enemies":"Lagavulin","floor":7,"turns":1},{"damage":0,"enemies":"3 Sentries","floor":10,"turns":1},{"damage":0,"enemies":"Small Slimes","floor":13,"turns":3},{"damage":5,"enemies":"Cultist","floor":14,"turns":6},{"damage":11,"enemies":"Slime Boss","floor":16,"turns":8},{"damage":2,"enemies":"3 Byrds","floor":18,"turns":3},{"damage":16,"enemies":"2 Thieves","floor":19,"turns":4},{"damage":16,"enemies":"Snecko","floor":20,"turns":6},{"damage":40,"enemies":"Cultist and Chosen","floor":21,"turns":3}],"seed_played":"-7867043696542525280","potions_obtained":[{"floor":10,"key":"Explosive Potion"},{"floor":14,"key":"Weak Potion"},{"floor":19,"key":"SkillPotion"}],"is_trial":false,"path_per_floor":["M","?","$","?","?","R","E","R","T","E","?","?","M","M","R","B",null,"M","M","M","M"],"character_chosen":"THE_SILENT","items_purchased":["Well Laid Plans"],"campfire_rested":0,"item_purchase_floors":[3],"current_hp_per_floor":[59,39,39,28,50,50,50,50,50,52,52,52,54,51,51,42,60,60,46,32,0],"gold":349,"neow_bonus":"THREE_ENEMY_KILL","is_prod":false,"is_daily":false,"chose_seed":false,"campfire_upgraded":3,"win_rate":0,"timestamp":1554088469,"path_taken":["M","?","$","?","?","R","E","R","T","E","?","?","M","M","R","BOSS","M","M","M","?"],"build_version":"2019-01-23","purchased_purges":0,"victory":false,"max_hp_per_floor":[66,66,66,66,66,66,66,66,66,66,66,66,66,66,66,66,66,66,66,66,66],"card_choices":[{"not_picked":["Blade Dance","Eviscerate"],"picked":"Dagger Throw","floor":1},{"not_picked":["Deflect","Night Terror"],"picked":"Choke","floor":7},{"not_picked":["Phantasmal Killer","Quick Slash"],"picked":"A Thousand Cuts","floor":10},{"not_picked":["All Out Attack","Noxious Fumes"],"picked":"Deflect","floor":13},{"not_picked":["Deadly Poison","Flying Knee","Bane"],"picked":"SKIP","floor":14},{"not_picked":["Well Laid Plans","Bouncing Flask"],"picked":"Footwork","floor":18},{"not_picked":["Riddle With Holes","Distraction","Skewer"],"picked":"SKIP","floor":19},{"not_picked":["Noxious Fumes","Deflect"],"picked":"PiercingWail","floor":20}],"player_experience":394848,"relics_obtained":[{"floor":7,"key":"Blood Vial"},{"floor":9,"key":"Bag of Preparation"},{"floor":10,"key":"Dream Catcher"}],"event_choices":[{"damage_healed":0,"gold_gain":0,"player_choice":"Entered Light","damage_taken":20,"max_hp_gain":0,"max_hp_loss":0,"event_name":"Shining Light","floor":2,"gold_loss":0,"cards_upgraded":["Strike_G","Defend_G"]},{"damage_healed":0,"gold_gain":75,"player_choice":"Gather Gold","damage_taken":11,"max_hp_gain":0,"max_hp_loss":0,"event_name":"World of Goop","floor":4,"gold_loss":0},{"damage_healed":22,"gold_gain":0,"player_choice":"Banana","damage_taken":0,"max_hp_gain":0,"max_hp_loss":0,"event_name":"Big Fish","floor":5,"gold_loss":0},{"damage_healed":0,"gold_gain":0,"player_choice":"Ignored","damage_taken":0,"max_hp_gain":0,"max_hp_loss":0,"event_name":"Liars Game","floor":11,"gold_loss":0},{"cards_removed":["Strike_G"],"damage_healed":0,"gold_gain":0,"player_choice":"Purged","damage_taken":0,"max_hp_gain":0,"max_hp_loss":0,"event_name":"Purifier","floor":12,"gold_loss":0}],"is_beta":false,"boss_relics":[{"not_picked":["Eternal Feather","Astrolabe"],"picked":"Cursed Key"}],"items_purged_floors":[],"is_endless":false,"potions_floor_spawned":[10,14,19],"killed_by":"Cultist and Chosen","ascension_level":20}