{"gold_per_floor":[11,28,47,47,65,65,100,100],"floor_reached":8,"playtime":564,"items_purged":[],"score":110,"play_id":"1357a18b-9c52-4c2c-bdc7-03d7bb240c8d","local_time":"20190531224645","is_ascension_mode":true,"campfire_choices":[{"data":"Neutralize","floor":6,"key":"SMITH"}],"neow_cost":"NO_GOLD","seed_source_timestamp":1156852454729651,"circlet_count":0,"master_deck":["AscendersBane","Defend_G","Defend_G","Defend_G","Defend_G","Defend_G","Strike_G","Strike_G","Strike_G","Survivor","Neutralize+1","Footwork","Dagger Throw","Slice","Sucker Punch","Cloak And Dagger"],"relics":["Ring of the Snake","Meat on the Bone"],"potions_floor_usage":[],"damage_taken":[{"damage":5,"enemies":"Small Slimes","floor":1,"turns":7},{"damage":12,"enemies":"Cultist","floor":2,"turns":8},{"damage":0,"enemies":"Jaw Worm","floor":3,"turns":6},{"damage":0,"enemies":"Large Slime","floor":5,"turns":7},{"damage":36,"enemies":"3 Sentries","floor":7,"turns":17},{"damage":5,"enemies":"3 Louse","floor":8,"turns":2}],"seed_played":"1025292849576577678","potions_obtained":[{"floor":1,"key":"Ancient Potion"},{"floor":2,"key":"Poison Potion"},{"floor":4,"key":"Weak Potion"},{"floor":5,"key":"Ancient Potion"}],"is_trial":false,"path_per_floor":["M","M","M","?","M","R","E","M"],"character_chosen":"THE_SILENT","items_purchased":[],"campfire_rested":0,"item_purchase_floors":[],"current_hp_per_floor":[54,42,42,42,42,42,6,1],"gold":100,"neow_bonus":"REMOVE_TWO","is_prod":false,"is_daily":false,"chose_seed":false,"campfire_upgraded":1,"win_rate":0,"timestamp":1559360805,"path_taken":["M","M","M","?","M","R","E","M"],"build_version":"2019-01-23","purchased_purges":0,"victory":false,"max_hp_per_floor":[66,66,66,66,66,66,66,66],"card_choices":[{"not_picked":["Poisoned Stab","Quick Slash"],"picked":"Footwork","floor":1},{"not_picked":["Flying Knee","Crippling Poison"],"picked":"Dagger Throw","floor":2},{"not_picked":["Outmaneuver","Eviscerate"],"picked":"Slice","floor":3},{"not_picked":["Acrobatics","Dodge and Roll"],"picked":"Sucker Punch","floor":5},{"not_picked":["Outmaneuver","Deadly Poison"],"picked":"Cloak And Dagger","floor":7}],"player_experience":509854,"relics_obtained":[{"floor":7,"key":"Meat on the Bone"}],"event_choices":[{"damage_healed":0,"gold_gain":0,"player_choice":"Got Potions","damage_taken":0,"max_hp_gain":0,"max_hp_loss":0,"event_name":"Lab","floor":4,"gold_loss":0}],"is_beta":false,"boss_relics":[],"items_purged_floors":[],"is_endless":false,"potions_floor_spawned":[1,2,5],"killed_by":"3 Louse","ascension_level":18}