{"gold_per_floor":[109,109,124,136,152,152,177,177,177,191,226,226,226,241,241,319,319,339,54,65,77,102,102,115,115,115,130,150,150,168,188,188,188],"floor_reached":33,"playtime":1769,"items_purged":["Strike_G"],"score":526,"play_id":"c65311b5-4015-4553-8640-fc583bedb5e6","local_time":"20190421123351","is_ascension_mode":true,"campfire_choices":[{"data":"Neutralize","floor":6,"key":"SMITH"},{"data":"Die Die Die","floor":8,"key":"SMITH"},{"data":"Backflip","floor":13,"key":"SMITH"},{"data":"Survivor","floor":15,"key":"SMITH"},{"data":"Noxious Fumes","floor":23,"key":"SMITH"},{"data":"PiercingWail","floor":25,"key":"SMITH"},{"data":"Blur","floor":29,"key":"SMITH"},{"data":"Dash","floor":32,"key":"SMITH"}],"neow_cost":"NONE","seed_source_timestamp":654795644354541,"circlet_count":0,"master_deck":["AscendersBane","Defend_G","Defend_G","Defend_G","Defend_G","Defend_G","Strike_G","Strike_G","Strike_G","Strike_G","Survivor+1","Neutralize+1","Caltrops","PiercingWail+1","Die Die Die+1","Backflip+1","Noxious Fumes+1","Backstab","Escape Plan","Blur+1","Backstab","Dash+1"],"relics":["Ring of the Snake","NeowsBlessing","Strawberry","Darkstone Periapt","Torii","Runic Pyramid","ClockworkSouvenir","Red Mask","Meat on the Bone"],"potions_floor_usage":[16,16,22,24,33,33],"damage_taken":[{"damage":0,"enemies":"2 Louse","floor":1,"turns":1},{"damage":0,"enemies":"Cultist","floor":3,"turns":1},{"damage":0,"enemies":"Small Slimes","floor":4,"turns":1},{"damage":1,"enemies":"2 Fungi Beasts","floor":5,"turns":4},{"damage":33,"enemies":"Lagavulin","floor":7,"turns":9},{"damage":9,"enemies":"Exordium Thugs","floor":10,"turns":5},{"damage":17,"enemies":"3 Sentries","floor":11,"turns":7},{"damage":0,"enemies":"Blue Slaver","floor":14,"turns":4},{"damage":1,"enemies":"The Guardian","floor":16,"turns":16},{"damage":12,"enemies":"Chosen","floor":18,"turns":7},{"damage":12,"enemies":"Spheric Guardian","floor":20,"turns":8},{"damage":1,"enemies":"Cultist and Chosen","floor":21,"turns":10},{"damage":0,"enemies":"Masked Bandits","floor":22,"turns":4},{"damage":1,"enemies":"Snake Plant","floor":24,"turns":4},{"damage":0,"enemies":"Snecko","floor":27,"turns":6},{"damage":9,"enemies":"Cultist and Chosen","floor":28,"turns":9},{"damage":0,"enemies":"Centurion and Healer","floor":30,"turns":6},{"damage":0,"enemies":"Snecko","floor":31,"turns":7},{"damage":51,"enemies":"Collector","floor":33,"turns":6}],"seed_played":"-7194321515244768432","potions_obtained":[{"floor":3,"key":"SteroidPotion"},{"floor":5,"key":"SmokeBomb"},{"floor":11,"key":"PowerPotion"},{"floor":14,"key":"Regen Potion"},{"floor":16,"key":"AttackPotion"},{"floor":22,"key":"EssenceOfSteel"},{"floor":24,"key":"LiquidBronze"},{"floor":28,"key":"Block Potion"},{"floor":31,"key":"Energy Potion"}],"is_trial":false,"path_per_floor":["M","?","M","M","M","R","E","R","T","M","E","?","R","M","R","B",null,"M","$","M","M","?","R","M","R","T","M","M","R","M","M","R","B"],"character_chosen":"THE_SILENT","items_purchased":["ClockworkSouvenir"],"campfire_rested":0,"item_purchase_floors":[19],"current_hp_per_floor":[59,59,59,59,58,58,32,32,32,23,6,30,30,30,30,44,66,54,54,42,41,41,41,40,40,40,40,43,43,43,43,43,0],"gold":188,"neow_bonus":"THREE_ENEMY_KILL","is_prod":false,"is_daily":false,"chose_seed":false,"campfire_upgraded":8,"win_rate":0,"timestamp":1555871631,"path_taken":["M","?","M","?","M","R","E","R","T","M","E","?","R","M","R","BOSS","M","$","M","M","?","R","M","R","T","M","M","R","M","M","R","BOSS"],"build_version":"2019-01-23","purchased_purges":1,"victory":false,"max_hp_per_floor":[66,66,66,66,66,66,73,73,73,73,73,73,73,73,73,73,73,73,73,73,73,73,73,73,73,73,73,73,73,73,73,73,73],"card_choices":[{"not_picked":["Prepared","Quick Slash"],"picked":"Caltrops","floor":1},{"not_picked":["Dagger Throw","Setup"],"picked":"Backflip","floor":3},{"not_picked":["Deadly Poison","Expertise"],"picked":"Noxious Fumes","floor":4},{"not_picked":["Deflect","Sucker Punch"],"picked":"Backstab","floor":5},{"not_picked":["Dagger Throw","Grand Finale","Prepared"],"picked":"SKIP","floor":7},{"not_picked":["Endless Agony","Dagger Throw"],"picked":"Escape Plan","floor":10},{"not_picked":["Noxious Fumes","Poisoned Stab"],"picked":"Blur","floor":11},{"not_picked":["Sucker Punch","Outmaneuver"],"picked":"Backstab","floor":14},{"not_picked":["Flying Knee+1","Sucker Punch"],"picked":"Dash","floor":18},{"not_picked":["Cloak And Dagger","Dodge and Roll","Eviscerate"],"picked":"SKIP","floor":20},{"not_picked":["Acrobatics","Tactician","Flying Knee"],"picked":"SKIP","floor":21},{"not_picked":["Dagger Spray","Dagger Throw","Slice"],"picked":"SKIP","floor":24},{"not_picked":["Accuracy","Acrobatics","PiercingWail"],"picked":"SKIP","floor":27},{"not_picked":["Tactician","Dagger Spray+1","Acrobatics"],"picked":"SKIP","floor":28},{"not_picked":["Well Laid Plans","PiercingWail","Burst"],"picked":"SKIP","floor":30},{"not_picked":["Calculated Gamble","Poisoned Stab","Dagger Throw"],"picked":"SKIP","floor":31}],"player_experience":484623,"relics_obtained":[{"floor":7,"key":"Strawberry"},{"floor":9,"key":"Darkstone Periapt"},{"floor":11,"key":"Torii"},{"floor":22,"key":"Red Mask"},{"floor":26,"key":"Meat on the Bone"}],"event_choices":[{"damage_healed":0,"gold_gain":0,"player_choice":"2 cards matched","damage_taken":0,"max_hp_gain":0,"max_hp_loss":0,"event_name":"Match and Keep!","floor":2,"gold_loss":0,"cards_obtained":["PiercingWail","Die Die Die"]},{"damage_healed":24,"gold_gain":0,"player_choice":"Banana","damage_taken":0,"max_hp_gain":0,"max_hp_loss":0,"event_name":"Big Fish","floor":12,"gold_loss":0},{"damage_healed":0,"gold_gain":0,"player_choice":"Fought Bandits","damage_taken":0,"max_hp_gain":0,"max_hp_loss":0,"event_name":"Masked Bandits","floor":22,"gold_loss":0}],"is_beta":false,"boss_relics":[{"not_picked":["Velvet Choker","Calling Bell"],"picked":"Runic Pyramid"}],"items_purged_floors":[19],"is_endless":false,"potions_floor_spawned":[3,5,11,14,16,22,24,28,30,31],"killed_by":"Collector","ascension_level":20}