{"gold_per_floor":[116,130,130,130,140,140,160,71,124,124,157,157,177,211,211,286,286,304,322,322],"floor_reached":20,"playtime":881,"items_purged":[],"score":368,"play_id":"9ea94212-9fd9-437f-b863-47c638515a57","local_time":"20190404005014","is_ascension_mode":true,"campfire_choices":[{"data":"Predator","floor":6,"key":"SMITH"},{"data":"Caltrops","floor":12,"key":"SMITH"},{"floor":15,"key":"REST"}],"neow_cost":"NONE","seed_source_timestamp":531455829839922,"circlet_count":0,"master_deck":["AscendersBane","Defend_G","Defend_G","Defend_G","Defend_G","Defend_G","Strike_G","Strike_G","Strike_G","Strike_G","Survivor","Neutralize","Well Laid Plans","Predator+1","Bouncing Flask","Caltrops+1","Poisoned Stab","Skewer","Die Die Die"],"relics":["Ring of the Snake","NeowsBlessing","Pen Nib","Blue Candle","Omamori","Oddly Smooth Stone","Snecko Eye"],"potions_floor_usage":[7,11,14,14,18],"damage_taken":[{"damage":0,"enemies":"2 Louse","floor":1,"turns":1},{"damage":0,"enemies":"Jaw Worm","floor":2,"turns":1},{"damage":0,"enemies":"Small Slimes","floor":5,"turns":1},{"damage":4,"enemies":"2 Fungi Beasts","floor":7,"turns":4},{"damage":24,"enemies":"3 Sentries","floor":11,"turns":9},{"damage":7,"enemies":"3 Louse","floor":13,"turns":4},{"damage":8,"enemies":"Gremlin Nob","floor":14,"turns":3},{"damage":27,"enemies":"Hexaghost","floor":16,"turns":9},{"damage":14,"enemies":"3 Byrds","floor":18,"turns":5},{"damage":15,"enemies":"Chosen","floor":19,"turns":3},{"damage":30,"enemies":"Centurion and Healer","floor":20,"turns":6}],"seed_played":"1667044749055441201","potions_obtained":[{"floor":1,"key":"Poison Potion"},{"floor":2,"key":"Swift Potion"},{"floor":11,"key":"AttackPotion"},{"floor":13,"key":"AttackPotion"},{"floor":16,"key":"SkillPotion"},{"floor":18,"key":"GamblersBrew"},{"floor":19,"key":"Energy Potion"}],"is_trial":false,"path_per_floor":["M","M","?","?","M","R","M","$","T","T","E","R","M","E","R","B",null,"M","M","M"],"character_chosen":"THE_SILENT","items_purchased":["Caltrops"],"campfire_rested":1,"item_purchase_floors":[8],"current_hp_per_floor":[59,59,52,57,57,57,53,53,53,53,29,29,22,14,35,8,55,41,26,0],"gold":322,"neow_bonus":"THREE_ENEMY_KILL","is_prod":false,"is_daily":false,"chose_seed":false,"campfire_upgraded":2,"win_rate":0,"timestamp":1554360614,"path_taken":["M","M","?","?","M","R","M","?","T","?","E","R","M","E","R","BOSS","M","M","M"],"build_version":"2019-01-23","purchased_purges":0,"victory":false,"max_hp_per_floor":[66,66,66,71,71,71,71,71,71,71,71,71,71,71,71,71,71,71,71,71],"card_choices":[{"not_picked":["Blade Dance","Bane"],"picked":"Well Laid Plans","floor":1},{"not_picked":["Prepared","Deadly Poison"],"picked":"Predator","floor":2},{"not_picked":["Flying Knee","Masterful Stab"],"picked":"Bouncing Flask","floor":5},{"not_picked":["Dagger Throw","Acrobatics","Slice"],"picked":"SKIP","floor":7},{"not_picked":["Cloak And Dagger","Underhanded Strike","Acrobatics"],"picked":"SKIP","floor":11},{"not_picked":["Slice","Blade Dance"],"picked":"Poisoned Stab","floor":13},{"not_picked":["Dagger Spray","Terror"],"picked":"Skewer","floor":14},{"not_picked":["Glass Knife","Unload"],"picked":"Die Die Die","floor":16},{"not_picked":["Slice","Outmaneuver+1","Setup"],"picked":"SKIP","floor":18},{"not_picked":["Slice","Finisher+1","Sucker Punch+1"],"picked":"SKIP","floor":19}],"player_experience":436310,"relics_obtained":[{"floor":9,"key":"Pen Nib"},{"floor":10,"key":"Blue Candle"},{"floor":11,"key":"Omamori"},{"floor":14,"key":"Oddly Smooth Stone"}],"event_choices":[{"cards_removed":["Strike_G"],"damage_healed":0,"gold_gain":0,"player_choice":"Card Removal","damage_taken":7,"max_hp_gain":0,"max_hp_loss":0,"event_name":"Golden Wing","floor":3,"gold_loss":0},{"damage_healed":0,"gold_gain":0,"player_choice":"Donut","damage_taken":0,"max_hp_gain":5,"max_hp_loss":0,"event_name":"Big Fish","floor":4,"gold_loss":0}],"is_beta":false,"boss_relics":[{"not_picked":["Tiny House","Astrolabe"],"picked":"Snecko Eye"}],"items_purged_floors":[],"is_endless":false,"potions_floor_spawned":[1,2,11,13,16,18,19],"killed_by":"Centurion and Healer","ascension_level":20}