{"gold_per_floor":[111,130,141,158,174,206,216,216,216,216,248,267,267,232,232,307,307,327,343,95,111,26,26],"floor_reached":23,"playtime":1107,"items_purged":["Strike_G"],"score":410,"play_id":"a9c7e8d8-5992-40d2-afeb-4edbd2dda1a9","local_time":"20190606104042","is_ascension_mode":true,"campfire_choices":[{"floor":8.0,"key":"REST"},{"data":"Neutralize","floor":10.0,"key":"SMITH"},{"floor":13.0,"key":"REST"},{"data":"Footwork","floor":15.0,"key":"SMITH"}],"neow_cost":"NONE","seed_source_timestamp":0,"circlet_count":0,"master_deck":["AscendersBane","Defend_G","Defend_G","Defend_G","Defend_G+1","Defend_G+1","Strike_G","Strike_G","Strike_G","Strike_G","Survivor","Neutralize+1","Footwork+1","Flying Knee","Noxious Fumes","Cloak And Dagger","Dagger Spray","Well Laid Plans","Corpse Explosion","Backstab","Crippling Poison+1"],"special_seed":0,"relics":["Ring of the Snake","NeowsBlessing","Bottled Flame","War Paint","Turnip","Philosopher\u0027s Stone","PreservedInsect","Dream Catcher"],"potions_floor_usage":[23],"damage_taken":[{"damage":0.0,"enemies":"2 Louse","floor":1.0,"turns":1.0},{"damage":0.0,"enemies":"Small Slimes","floor":2.0,"turns":1.0},{"damage":0.0,"enemies":"Jaw Worm","floor":3.0,"turns":1.0},{"damage":2.0,"enemies":"Blue Slaver","floor":4.0,"turns":7.0},{"damage":13.0,"enemies":"Red Slaver","floor":5.0,"turns":5.0},{"damage":22.0,"enemies":"Lagavulin","floor":6.0,"turns":9.0},{"damage":4.0,"enemies":"2 Fungi Beasts","floor":7.0,"turns":6.0},{"damage":24.0,"enemies":"3 Sentries","floor":11.0,"turns":11.0},{"damage":6.0,"enemies":"Large Slime","floor":12.0,"turns":7.0},{"damage":2.0,"enemies":"The Guardian","floor":16.0,"turns":14.0},{"damage":23,"enemies":"Chosen","floor":18,"turns":6},{"damage":10,"enemies":"Spheric Guardian","floor":19,"turns":6},{"damage":8,"enemies":"Snecko","floor":21,"turns":7},{"damage":26,"enemies":"Book of Stabbing","floor":23,"turns":4}],"seed_played":"-8376121126783616647","potions_obtained":[{"floor":3.0,"key":"SkillPotion"},{"floor":6.0,"key":"FearPotion"},{"floor":11.0,"key":"Explosive Potion"},{"floor":12.0,"key":"EssenceOfSteel"},{"floor":16.0,"key":"AttackPotion"}],"is_trial":false,"path_per_floor":["M","M","M","M","M","E","M","R","T","R","E","M","R","?","R","B",null,"M","M","$","M","?","E"],"character_chosen":"THE_SILENT","items_purchased":["PreservedInsect"],"campfire_rested":2,"item_purchase_floors":[20],"current_hp_per_floor":[59,59,59,57,44,22,18,37,37,37,13,7,26,42,42,40,60,37,27,27,19,19,0],"gold":26,"neow_bonus":"THREE_ENEMY_KILL","is_prod":false,"is_daily":false,"chose_seed":false,"campfire_upgraded":2,"win_rate":0,"timestamp":1559839242,"path_taken":["M","M","M","M","M","E","M","R","T","R","E","M","R","?","R","BOSS","M","M","$","M","?","E"],"build_version":"2019-01-23","purchased_purges":1,"victory":false,"max_hp_per_floor":[66,66,66,66,66,66,66,66,66,66,66,66,66,66,66,66,66,66,66,66,66,66,66],"card_choices":[{"not_picked":["Sucker Punch","Dagger Spray"],"picked":"Footwork","floor":1.0},{"not_picked":["PiercingWail","Underhanded Strike","Heel Hook"],"picked":"SKIP","floor":2.0},{"not_picked":["Malaise","Bane"],"picked":"Flying Knee","floor":3.0},{"not_picked":["Cloak And Dagger","Bouncing Flask"],"picked":"Noxious Fumes","floor":4.0},{"not_picked":["Blade Dance","Outmaneuver"],"picked":"Cloak And Dagger","floor":5.0},{"not_picked":["Underhanded Strike","Prepared","Heel Hook"],"picked":"SKIP","floor":6.0},{"not_picked":["Deadly Poison","All Out Attack"],"picked":"Dagger Spray","floor":7.0},{"not_picked":["Night Terror","Acrobatics","All Out Attack"],"picked":"SKIP","floor":11.0},{"not_picked":["Footwork","Bane"],"picked":"Well Laid Plans","floor":12.0},{"not_picked":["Venomology","Doppelganger"],"picked":"Corpse Explosion","floor":16.0},{"not_picked":["Prepared","Dagger Throw"],"picked":"Backstab","floor":18},{"not_picked":["Reflex","Predator","Poisoned Stab"],"picked":"SKIP","floor":19},{"not_picked":["Heel Hook","Predator"],"picked":"Crippling Poison+1","floor":21}],"player_experience":696306,"relics_obtained":[{"floor":6.0,"key":"Bottled Flame"},{"floor":9.0,"key":"War Paint"},{"floor":11.0,"key":"Turnip"}],"event_choices":[{"damage_healed":16.0,"max_hp_gain":0.0,"max_hp_loss":0.0,"gold_gain":0.0,"event_name":"The Cleric","player_choice":"Healed","floor":14.0,"gold_loss":35.0,"damage_taken":0.0},{"damage_healed":0,"gold_gain":0,"player_choice":"Obtained Relic","damage_taken":0,"relics_obtained":["Dream Catcher"],"max_hp_gain":0,"max_hp_loss":0,"event_name":"Addict","floor":22,"gold_loss":85}],"is_beta":false,"boss_relics":[{"not_picked":["Lizard Tail","Eternal Feather"],"picked":"Philosopher\u0027s Stone"}],"items_purged_floors":[20],"is_endless":false,"potions_floor_spawned":[3,6,11,12,16],"killed_by":"Book of Stabbing","ascension_level":20}