{"path_per_floor":["M","M","M","$","M","E","R","E","T","?","?","M","R","M","R"],"character_chosen":"IRONCLAD","items_purchased":["Dramatic Entrance"],"gold_per_floor":[109,127,147,55,73,104,104,129,129,129,129,146,146,164,164,164],"floor_reached":16,"campfire_rested":0,"playtime":954,"current_hp_per_floor":[88,88,88,88,83,66,66,47,47,29,17,31,31,46,46,0],"items_purged":[],"gold":164,"score":112,"play_id":"d221e682-1c7d-471d-ba35-247de0f9e061","local_time":"20180522091130","is_prod":false,"is_daily":false,"chose_seed":false,"is_ascension_mode":false,"campfire_upgraded":3,"timestamp":1526944290,"campfire_choices":[{"data":"Dramatic Entrance","floor":7,"key":"SMITH"},{"data":"Reaper","floor":13,"key":"SMITH"},{"data":"Clothesline","floor":15,"key":"SMITH"}],"path_taken":["M","M","M","$","M","E","R","E","T","?","?","M","R","M","R","BOSS"],"build_version":"2018-05-17","seed_source_timestamp":1332385151766,"purchased_purges":0,"victory":false,"master_deck":["Strike_R","Strike_R","Strike_R","Strike_R","Strike_R+1","Defend_R","Defend_R","Defend_R","Defend_R","Bash","Clothesline+1","Carnage+1","Armaments","Dramatic Entrance+1","Cleave","Reaper+1","Perfected Strike+1","Pommel Strike+1","Rampage+1"],"max_hp_per_floor":[88,88,88,88,88,88,88,88,88,88,88,88,88,88,88,88],"relics":["Burning Blood","Paper Frog","Molten Egg 2","Bottled Lightning","Darkstone Periapt"],"card_choices":[{"not_picked":["True Grit","Shrug It Off"],"picked":"Clothesline","floor":1},{"not_picked":["Rupture","Clothesline"],"picked":"Carnage","floor":2},{"not_picked":["Rupture","Whirlwind"],"picked":"Armaments","floor":3},{"not_picked":["Sword Boomerang","Reckless Charge"],"picked":"Cleave","floor":5},{"not_picked":["Searing Blow","Combust"],"picked":"Reaper","floor":6},{"not_picked":["Metallicize","Clash"],"picked":"Perfected Strike","floor":8},{"not_picked":["Anger+1","Fire Breathing"],"picked":"Pommel Strike+1","floor":12},{"not_picked":["Anger+1","Shockwave"],"picked":"Rampage+1","floor":14}],"player_experience":22739,"potions_floor_usage":[12,16],"damage_taken":[{"damage":0,"enemies":"2 Louse","floor":1,"turns":2},{"damage":0,"enemies":"Small Slimes","floor":2,"turns":3},{"damage":1,"enemies":"Jaw Worm","floor":3,"turns":3},{"damage":11,"enemies":"Exordium Thugs","floor":5,"turns":4},{"damage":23,"enemies":"3 Sentries","floor":6,"turns":7},{"damage":25,"enemies":"Lagavulin","floor":8,"turns":6},{"damage":0,"enemies":"3 Louse","floor":12,"turns":1},{"damage":1,"enemies":"2 Fungi Beasts","floor":14,"turns":3},{"damage":55,"enemies":"Hexaghost","floor":16,"turns":7}],"relics_obtained":[{"floor":6,"key":"Paper Frog"},{"floor":8,"key":"Molten Egg 2"},{"floor":9,"key":"Bottled Lightning"}],"event_choices":[{"event_name":"Shining Light","player_choice":"Entered Light","floor":10,"damage_taken":0},{"event_name":"Scrap Ooze","player_choice":"success","floor":11,"damage_taken":12}],"boss_relics":[],"potions_floor_spawned":[2,5,14],"seed_played":"-5774686144212824013","killed_by":"Hexaghost","ascension_level":0,"potions_obtained":[{"floor":2,"key":"SpeedPotion"},{"floor":5,"key":"BloodPotion"},{"floor":14,"key":"BloodPotion"}],"is_trial":false}