{"path_per_floor":["M","?","?","?","M","R","E","R","T","R","E","M","R","M","R","B",null,"M","?","$","M","M","?","R","E","T","M","M","E","M","?","R","B",null,"M","M","M","$","M","?","R","E","T","R","?","?","M","M","R","B"],"character_chosen":"IRONCLAD","items_purchased":["Bag of Marbles","Thread and Needle"],"gold_per_floor":[113,113,63,63,81,81,113,113,161,161,186,200,200,216,216,321,321,338,338,116,134,152,75,75,106,131,149,163,192,209,209,209,309,309,326,346,360,71,82,82,82,108,108,108,108,162,179,192,192,192],"floor_reached":51,"campfire_rested":1,"playtime":2908,"current_hp_per_floor":[76,69,69,51,56,56,36,36,36,60,54,62,62,70,70,78,80,80,80,80,80,80,80,80,64,64,49,54,54,62,62,62,58,80,80,71,60,60,53,73,73,61,61,61,56,57,62,60,60,41],"items_purged":["Strike_R"],"gold":192,"score":777,"play_id":"346b2615-34f3-4d46-a551-3d19fc62c67f","local_time":"20180524101045","is_prod":false,"is_daily":false,"chose_seed":false,"is_ascension_mode":false,"campfire_upgraded":8,"timestamp":1527120645,"campfire_choices":[{"data":"Demon Form","floor":6,"key":"SMITH"},{"data":"Flex","floor":8,"key":"SMITH"},{"floor":10,"key":"REST"},{"data":"Sword Boomerang","floor":13,"key":"SMITH"},{"data":"Whirlwind","floor":15,"key":"SMITH"},{"data":"J.A.X.","floor":24,"key":"SMITH"},{"data":"Heavy Blade","floor":32,"key":"SMITH"},{"data":"Heavy Blade","floor":41,"key":"SMITH"},{"data":"Pummel","floor":44,"key":"SMITH"},{"data":"1","floor":49,"key":"LIFT"}],"path_taken":["M","?","?","?","?","R","E","R","T","R","E","M","R","M","R","BOSS","M","?","$","M","M","?","R","E","T","M","M","E","?","?","R","BOSS","M","M","M","$","M","?","R","E","T","R","?","?","M","M","R","BOSS"],"build_version":"2018-05-17","seed_source_timestamp":1938948606591,"purchased_purges":1,"victory":true,"master_deck":["Bash","Demon Form+1","Rampage","Flex+1","Sword Boomerang+1","Whirlwind+1","Heavy Blade+1","Sword Boomerang","J.A.X.+1","Inflame+1","Cleave+1","Rampage","Whirlwind","Shrug It Off","Armaments","Body Slam","Heavy Blade","Heavy Blade+1","Battle Trance","Spot Weakness+1","Shrug It Off+1","Flex+1","Writhe","Pummel+1","Dark Shackles","Dark Shackles","Anger+1","Twin Strike+1"],"max_hp_per_floor":[80,80,80,80,80,80,80,80,80,80,80,80,80,80,80,80,80,80,80,80,80,80,80,80,80,80,80,80,80,80,80,80,80,80,80,80,80,80,80,80,80,80,80,80,80,80,80,80,80,80],"relics":["Burning Blood","Ornamental Fan","Blood Vial","Pen Nib","Bottled Flame","Mark of Pain","Bag of Marbles","Potion Belt","Ancient Tea Set","War Paint","Pandora\u0027s Box","Thread and Needle","Happy Flower","Pantograph","Girya"],"card_choices":[{"not_picked":["Offering","Impervious"],"picked":"Demon Form","floor":0},{"not_picked":["Wild Strike","Rupture"],"picked":"Rampage","floor":1},{"not_picked":["Uppercut","Burning Pact","Fire Breathing"],"picked":"SKIP","floor":5},{"not_picked":["Dual Wield","Iron Wave"],"picked":"Flex","floor":7},{"not_picked":["Body Slam","Perfected Strike"],"picked":"Sword Boomerang","floor":11},{"not_picked":["Flex","Rampage"],"picked":"Whirlwind","floor":12},{"not_picked":["True Grit","Evolve","Carnage"],"picked":"SKIP","floor":14},{"not_picked":["Sword Boomerang","Power Through"],"picked":"Heavy Blade","floor":18},{"not_picked":["Body Slam","Fire Breathing"],"picked":"Sword Boomerang","floor":21},{"not_picked":["True Grit","Sword Boomerang","Iron Wave"],"picked":"SKIP","floor":22},{"not_picked":["Infernal Blade+1","Immolate"],"picked":"Inflame+1","floor":25},{"not_picked":["Intimidate","Wild Strike"],"picked":"Cleave+1","floor":27},{"not_picked":["Intimidate","Blood for Blood"],"picked":"Rampage","floor":28},{"not_picked":["Ghostly Armor","Entrench"],"picked":"Whirlwind","floor":29},{"not_picked":["Thunderclap+1","Feel No Pain","Corruption"],"picked":"SKIP","floor":30},{"not_picked":["Armaments+1","Rupture"],"picked":"Spot Weakness+1","floor":35},{"not_picked":["Havoc","Pommel Strike+1"],"picked":"Shrug It Off+1","floor":36},{"not_picked":["Dropkick+1","Disarm+1","Evolve+1"],"picked":"SKIP","floor":37},{"not_picked":["True Grit+1","Heavy Blade"],"picked":"Flex+1","floor":39},{"not_picked":["Flame Barrier","Dropkick+1"],"picked":"Pummel","floor":42},{"not_picked":["Flash of Steel","Deep Breath"],"picked":"Dark Shackles","floor":45},{"not_picked":["Madness","Flash of Steel"],"picked":"Dark Shackles","floor":45},{"not_picked":["Shrug It Off","Feed"],"picked":"Anger+1","floor":46},{"not_picked":["Iron Wave+1","Cleave"],"picked":"Twin Strike+1","floor":47},{"not_picked":["Metallicize","Fire Breathing","Shrug It Off"],"picked":"SKIP","floor":48}],"player_experience":61605,"potions_floor_usage":[7,22,25,25,33,42,46,50],"damage_taken":[{"damage":10,"enemies":"Jaw Worm","floor":1,"turns":5},{"damage":1,"enemies":"2 Louse","floor":5,"turns":3},{"damage":26,"enemies":"Lagavulin","floor":7,"turns":6},{"damage":14,"enemies":"Gremlin Nob","floor":11,"turns":4},{"damage":0,"enemies":"Small Slimes","floor":12,"turns":3},{"damage":0,"enemies":"2 Fungi Beasts","floor":14,"turns":1},{"damage":0,"enemies":"Slime Boss","floor":16,"turns":4},{"damage":5,"enemies":"Chosen","floor":18,"turns":3},{"damage":0,"enemies":"2 Thieves","floor":21,"turns":1},{"damage":5,"enemies":"Slaver and Parasite","floor":22,"turns":3},{"damage":31,"enemies":"Slavers","floor":25,"turns":5},{"damage":23,"enemies":"Cultist and Chosen","floor":27,"turns":5},{"damage":3,"enemies":"Snake Plant","floor":28,"turns":2},{"damage":8,"enemies":"Gremlin Leader","floor":29,"turns":5},{"damage":0,"enemies":"Snecko","floor":30,"turns":2},{"damage":12,"enemies":"Champ","floor":33,"turns":6},{"damage":0,"enemies":"3 Darklings","floor":35,"turns":2},{"damage":15,"enemies":"Orb Walker","floor":36,"turns":2},{"damage":19,"enemies":"3 Darklings","floor":37,"turns":3},{"damage":15,"enemies":"4 Shapes","floor":39,"turns":1},{"damage":20,"enemies":"Nemesis","floor":42,"turns":3},{"damage":7,"enemies":"Mysterious Sphere","floor":46,"turns":3},{"damage":3,"enemies":"Sphere and 2 Shapes","floor":47,"turns":2},{"damage":10,"enemies":"Maw","floor":48,"turns":5},{"damage":45,"enemies":"Time Eater","floor":50,"turns":6}],"relics_obtained":[{"floor":7,"key":"Blood Vial"},{"floor":9,"key":"Pen Nib"},{"floor":11,"key":"Bottled Flame"},{"floor":25,"key":"Potion Belt"},{"floor":26,"key":"Ancient Tea Set"},{"floor":29,"key":"War Paint"},{"floor":42,"key":"Happy Flower"},{"floor":43,"key":"Pantograph"},{"floor":46,"key":"Girya"}],"event_choices":[{"event_name":"Golden Wing","player_choice":"Card Removal","floor":2,"damage_taken":0},{"event_name":"The Cleric","player_choice":"Card Removal","floor":3,"damage_taken":0},{"event_name":"Scrap Ooze","player_choice":"success","floor":4,"damage_taken":18},{"event_name":"Back to Basics","player_choice":"Elegance","floor":19,"damage_taken":0},{"event_name":"Drug Dealer","player_choice":"Got JAXXED","floor":23,"damage_taken":0},{"event_name":"Vampires","player_choice":"Ignored","floor":31,"damage_taken":0},{"event_name":"Winding Halls","player_choice":"Writhe","floor":40,"damage_taken":0},{"event_name":"SensoryStone","player_choice":"Memory 2","floor":45,"damage_taken":0},{"event_name":"Mysterious Sphere","player_choice":"Fight","floor":46,"damage_taken":0}],"boss_relics":[{"not_picked":["Runic Dome","Orrery"],"picked":"Mark of Pain"},{"not_picked":["Cursed Key","White Beast Statue"],"picked":"Pandora\u0027s Box"}],"potions_floor_spawned":[5,7,11,16,18,27,29,30,36,42,47],"seed_played":"-6204286964994544789","ascension_level":0,"potions_obtained":[{"floor":5,"key":"Poison Potion"},{"floor":7,"key":"Regen Potion"},{"floor":11,"key":"Poison Potion"},{"floor":16,"key":"SpeedPotion"},{"floor":18,"key":"SkillPotion"},{"floor":27,"key":"Ancient Potion"},{"floor":29,"key":"Weak Potion"},{"floor":30,"key":"Weak Potion"},{"floor":36,"key":"Swift Potion"},{"floor":42,"key":"Explosive Potion"},{"floor":47,"key":"LiquidBronze"}],"is_trial":false}