{"gold_per_floor":[118,118,130,141,157,157,157,184,210,236,265,277,289,317,329,438,450,482,504,516,543,602,614,626,50,50,50,79,178,178,192,192,292,292,304,316,316],"floor_reached":37,"playtime":1842,"items_purged":[],"score":424,"play_id":"2561911b-cf6d-4180-a6ff-7050f6d5c763","local_time":"20181103070017","is_ascension_mode":false,"campfire_choices":[{"floor":12,"key":"REST"},{"floor":15,"key":"REST"},{"floor":23,"key":"REST"},{"floor":27,"key":"REST"},{"data":"Armaments","floor":30,"key":"SMITH"},{"data":"Demon Form","floor":32,"key":"SMITH"}],"neow_cost":"NONE","seed_source_timestamp":6844427934854,"circlet_count":0,"master_deck":["Strike_R","Strike_R","Strike_R","Strike_R","Strike_R","Defend_R","Defend_R","Defend_R","Defend_R","Bash","Berserk","Headbutt","Flex","Armaments+1","Thunderclap","Feed","Infernal Blade","Sword Boomerang","Demon Form+1","Evolve","Clash","Iron Wave","Thunderclap+1","Shockwave","Anger","Iron Wave+1","Heavy Blade"],"relics":["Burning Blood","Centennial Puzzle","Dream Catcher","Smiling Mask","MawBank","Pen Nib","Mark of Pain","Nilry\u0027s Codex","Potion Belt","Du-Vu Doll","Ginger","Shuriken","Meat on the Bone","Cursed Key"],"potions_floor_usage":[8,16,28,33,33],"damage_taken":[{"damage":10,"enemies":"Small Slimes","floor":1,"turns":5},{"damage":4,"enemies":"Cultist","floor":3,"turns":3},{"damage":11,"enemies":"Jaw Worm","floor":4,"turns":2},{"damage":7,"enemies":"3 Louse","floor":5,"turns":5},{"damage":31,"enemies":"Lagavulin","floor":8,"turns":5},{"damage":29,"enemies":"3 Sentries","floor":10,"turns":7},{"damage":6,"enemies":"Exordium Wildlife","floor":11,"turns":3},{"damage":13,"enemies":"Large Slime","floor":14,"turns":4},{"damage":65,"enemies":"The Guardian","floor":16,"turns":11},{"damage":28,"enemies":"Chosen","floor":18,"turns":6},{"damage":5,"enemies":"Spheric Guardian","floor":19,"turns":3},{"damage":24,"enemies":"Cultist and Chosen","floor":21,"turns":5},{"damage":33,"enemies":"Slavers","floor":28,"turns":4},{"damage":12,"enemies":"Snecko","floor":31,"turns":4},{"damage":39,"enemies":"Collector","floor":33,"turns":6},{"damage":27,"enemies":"3 Darklings","floor":35,"turns":4},{"damage":20,"enemies":"Orb Walker","floor":36,"turns":3},{"damage":80,"enemies":"2 Orb Walkers","floor":37,"turns":4}],"seed_played":"4333945204034732456","potions_obtained":[{"floor":1,"key":"SpeedPotion"},{"floor":5,"key":"AttackPotion"},{"floor":14,"key":"Explosive Potion"},{"floor":16,"key":"Block Potion"},{"floor":28,"key":"LiquidBronze"},{"floor":31,"key":"Ancient Potion"}],"is_trial":false,"path_per_floor":["M","?","M","M","M","$","$","E","T","E","M","R","?","M","R","B",null,"M","M","?","M","T","R","?","$","T","R","E","?","R","M","R","B",null,"M","M","?"],"character_chosen":"IRONCLAD","items_purchased":["Du-Vu Doll","Ginger"],"campfire_rested":4,"item_purchase_floors":[25,25],"current_hp_per_floor":[76,76,78,73,72,72,72,47,47,24,28,53,53,46,71,12,84,66,70,54,39,39,67,48,48,48,77,54,54,54,60,60,39,103,82,68,0],"gold":316,"neow_bonus":"ONE_RANDOM_RARE_CARD","is_prod":false,"is_daily":false,"chose_seed":false,"campfire_upgraded":2,"win_rate":0,"timestamp":1541188817,"path_taken":["M","?","?","M","M","?","$","E","T","E","M","R","?","M","R","BOSS","M","M","?","M","?","R","?","$","T","R","E","?","R","M","R","BOSS","M","M","?"],"build_version":"2018-11-01v2","purchased_purges":0,"victory":false,"max_hp_per_floor":[80,80,80,80,80,80,80,80,80,80,84,84,84,84,84,84,84,88,91,91,94,94,94,99,99,99,99,103,103,103,103,103,103,103,103,103,103],"card_choices":[{"not_picked":["Feel No Pain","Evolve"],"picked":"Headbutt","floor":1},{"not_picked":["Clash","Warcry"],"picked":"Flex","floor":3},{"not_picked":["Evolve","Wild Strike"],"picked":"Armaments","floor":4},{"not_picked":["Pommel Strike","Uppercut"],"picked":"Thunderclap","floor":5},{"not_picked":["Body Slam","Havoc","Wild Strike"],"picked":"SKIP","floor":8},{"not_picked":["Headbutt","Corruption"],"picked":"Feed","floor":10},{"not_picked":["Flex","Body Slam"],"picked":"Infernal Blade","floor":11},{"not_picked":["Headbutt","True Grit"],"picked":"Sword Boomerang","floor":14},{"not_picked":["Juggernaut","Double Tap"],"picked":"Demon Form","floor":16},{"not_picked":["Flex","Intimidate"],"picked":"Evolve","floor":18},{"not_picked":["Cleave","Perfected Strike"],"picked":"Clash","floor":19},{"not_picked":["Warcry+1","Pommel Strike"],"picked":"Iron Wave","floor":21},{"not_picked":["Uppercut","Blood for Blood"],"picked":"Thunderclap+1","floor":27},{"not_picked":["Feel No Pain+1","Cleave"],"picked":"Shockwave","floor":28},{"not_picked":["Searing Blow","Combust"],"picked":"Anger","floor":31},{"not_picked":["Evolve+1","Entrench+1"],"picked":"Iron Wave+1","floor":35},{"not_picked":["Body Slam+1","Havoc"],"picked":"Heavy Blade","floor":36}],"player_experience":152556,"relics_obtained":[{"floor":8,"key":"Dream Catcher"},{"floor":9,"key":"Smiling Mask"},{"floor":10,"key":"MawBank"},{"floor":20,"key":"Nilry\u0027s Codex"},{"floor":22,"key":"Potion Belt"},{"floor":26,"key":"Shuriken"},{"floor":28,"key":"Meat on the Bone"}],"event_choices":[{"damage_healed":0,"gold_gain":0,"player_choice":"Gave Potion","damage_taken":0,"relics_obtained":["Centennial Puzzle"],"max_hp_gain":0,"max_hp_loss":0,"event_name":"WeMeetAgain","floor":2,"gold_loss":0},{"damage_healed":0,"gold_gain":0,"player_choice":"Searched \u00271\u0027 times","damage_taken":0,"relics_obtained":["Pen Nib"],"max_hp_gain":0,"max_hp_loss":0,"event_name":"Dead Adventurer","floor":13,"gold_loss":0},{"damage_healed":0,"gold_gain":0,"player_choice":"Obtained Book","damage_taken":16,"max_hp_gain":0,"max_hp_loss":0,"event_name":"Cursed Tome","floor":20,"gold_loss":0},{"damage_healed":0,"gold_gain":0,"player_choice":"Shed Blood","damage_taken":24,"max_hp_gain":5,"max_hp_loss":0,"event_name":"Forgotten Altar","floor":24,"gold_loss":0},{"damage_healed":0,"gold_gain":99,"player_choice":"Stole From Cult","damage_taken":0,"max_hp_gain":0,"max_hp_loss":0,"event_name":"Nest","floor":29,"gold_loss":0},{"damage_healed":0,"gold_gain":0,"player_choice":"Fight","damage_taken":0,"max_hp_gain":0,"max_hp_loss":0,"event_name":"Mysterious Sphere","floor":37,"gold_loss":0}],"is_beta":true,"boss_relics":[{"not_picked":["Snecko Eye","Busted Crown"],"picked":"Mark of Pain"},{"not_picked":["Black Star","Astrolabe"],"picked":"Cursed Key"}],"items_purged_floors":[],"is_endless":false,"potions_floor_spawned":[1,5,14,16,28,31],"killed_by":"2 Orb Walkers","ascension_level":0}