{"gold_per_floor":[116,116,129,79,97,97,128,140,152,207,243,255,267,279,291,427,439,476,194,212,228,251,251,276,276,276,201,241,241,241,265,265,393,393,412,425,550,89,113,113,126,139,166,22,37,55,55,80,80,80],"floor_reached":51,"playtime":1992,"items_purged":["Defend_R"],"score":797,"play_id":"b866e42c-97f6-4c14-b863-05f7d609a518","local_time":"20190421131448","is_ascension_mode":true,"campfire_choices":[{"data":"Cleave","floor":6.0,"key":"SMITH"},{"data":"Bash","floor":8.0,"key":"SMITH"},{"data":"Inflame","floor":13.0,"key":"SMITH"},{"floor":15.0,"key":"REST"},{"data":"Heavy Blade","floor":23.0,"key":"SMITH"},{"data":"Whirlwind","floor":25.0,"key":"SMITH"},{"data":"Shrug It Off","floor":29.0,"key":"SMITH"},{"data":"Defend_R","floor":32.0,"key":"SMITH"},{"data":"Impervious","floor":40,"key":"SMITH"},{"data":"Defend_R","floor":49,"key":"SMITH"}],"neow_cost":"NONE","seed_source_timestamp":656853640420386,"circlet_count":0,"master_deck":["Strike_R","Strike_R","Strike_R","Defend_R+1","Defend_R","Defend_R+1","Bash+1","Pummel+1","Cleave+1","Inflame+1","Pommel Strike+1","Heavy Blade+1","Impervious+1","Heavy Blade+1","Hemokinesis+1","Whirlwind+1","Shrug It Off+1","Cleave+1","Ghostly Armor+1","Armaments+1"],"special_seed":0,"relics":["Burning Blood","NeowsBlessing","Golden Idol","MawBank","Bottled Flame","Lantern","Coffee Dripper","Bag of Preparation","Darkstone Periapt","Red Skull","Runic Pyramid","Ginger","Lee\u0027s Waffle","Dodecahedron","Happy Flower","Dead Branch"],"potions_floor_usage":[33,33,46,50,50],"damage_taken":[{"damage":0.0,"enemies":"Cultist","floor":1.0,"turns":1.0},{"damage":0.0,"enemies":"Small Slimes","floor":3.0,"turns":1.0},{"damage":0.0,"enemies":"Jaw Worm","floor":5.0,"turns":1.0},{"damage":27.0,"enemies":"Gremlin Nob","floor":7.0,"turns":4.0},{"damage":26.0,"enemies":"Lagavulin","floor":10.0,"turns":4.0},{"damage":2.0,"enemies":"2 Fungi Beasts","floor":11.0,"turns":3.0},{"damage":18.0,"enemies":"Slime Boss","floor":16.0,"turns":5.0},{"damage":0.0,"enemies":"Chosen","floor":18.0,"turns":4.0},{"damage":4.0,"enemies":"Shell Parasite","floor":20.0,"turns":3.0},{"damage":5.0,"enemies":"Chosen and Byrds","floor":21.0,"turns":4.0},{"damage":18.0,"enemies":"Centurion and Healer","floor":22.0,"turns":3.0},{"damage":14.0,"enemies":"3 Cultists","floor":24.0,"turns":4.0},{"damage":2.0,"enemies":"Gremlin Leader","floor":28.0,"turns":3.0},{"damage":2.0,"enemies":"Snecko","floor":31.0,"turns":2.0},{"damage":57,"enemies":"Automaton","floor":33,"turns":7},{"damage":14,"enemies":"3 Darklings","floor":35,"turns":2},{"damage":42,"enemies":"3 Shapes","floor":36,"turns":3},{"damage":2,"enemies":"Mind Bloom Boss Battle","floor":37,"turns":6},{"damage":0,"enemies":"Sphere and 2 Shapes","floor":39,"turns":3},{"damage":12,"enemies":"Spire Growth","floor":41,"turns":5},{"damage":11,"enemies":"Maw","floor":42,"turns":7},{"damage":11,"enemies":"Jaw Worm Horde","floor":45,"turns":3},{"damage":18,"enemies":"Transient","floor":46,"turns":5},{"damage":0,"enemies":"Spire Growth","floor":48,"turns":4},{"damage":69,"enemies":"Donu and Deca","floor":50,"turns":11}],"seed_played":"-9014950533799379623","potions_obtained":[{"floor":1.0,"key":"Explosive Potion"},{"floor":7.0,"key":"Energy Potion"},{"floor":18.0,"key":"Dexterity Potion"},{"floor":28.0,"key":"FearPotion"},{"floor":33,"key":"Explosive Potion"},{"floor":35,"key":"Weak Potion"},{"floor":45,"key":"EssenceOfSteel"}],"is_trial":false,"path_per_floor":["M","?","M","?","M","R","E","R","T","E","M","?","R","?","R","B",null,"M","$","M","M","M","R","M","R","T","?","E","R","?","M","R","B",null,"M","M","?","$","M","R","M","M","T","?","M","M","?","M","R","B",null],"character_chosen":"IRONCLAD","items_purchased":["Bag of Preparation","Heavy Blade","Fire Potion","Lee\u0027s Waffle","Dodecahedron"],"campfire_rested":1,"item_purchase_floors":[19,19,19,38,38],"current_hp_per_floor":[80,74,74,74,74,74,53,53,53,33,37,22,22,22,44,32,74,74,74,74,74,62,62,54,54,54,54,58,58,74,74,74,23,74,66,30,34,81,81,81,75,70,70,70,65,53,71,71,71,8],"gold":80,"neow_bonus":"THREE_ENEMY_KILL","is_prod":false,"is_daily":false,"chose_seed":false,"campfire_upgraded":9,"win_rate":0,"timestamp":1555874088,"path_taken":["M","?","M","?","M","R","E","R","T","E","M","?","R","?","R","BOSS","M","$","M","M","M","R","M","R","T","?","E","R","?","M","R","BOSS","M","M","?","$","M","R","M","M","T","?","M","?","?","M","R","BOSS"],"build_version":"2019-01-23","purchased_purges":1,"victory":true,"max_hp_per_floor":[80,74,74,74,74,74,74,74,74,74,74,74,74,74,74,74,74,74,74,74,74,74,74,74,74,74,74,74,74,74,74,74,74,74,74,74,74,81,81,81,81,81,81,81,81,81,71,71,71,71],"card_choices":[{"not_picked":["Bloodletting","Heavy Blade"],"picked":"Pummel","floor":1.0},{"not_picked":["Sentinel","Headbutt"],"picked":"Cleave","floor":3.0},{"not_picked":["Corruption","Power Through"],"picked":"Inflame","floor":5.0},{"not_picked":["Searing Blow","True Grit"],"picked":"Pommel Strike","floor":7.0},{"not_picked":["Juggernaut","Anger"],"picked":"Heavy Blade","floor":10.0},{"not_picked":["Headbutt","Wild Strike","True Grit"],"picked":"SKIP","floor":11.0},{"not_picked":["Limit Break","Immolate"],"picked":"Impervious","floor":16.0},{"not_picked":["Havoc+1","Rage","Clothesline"],"picked":"SKIP","floor":18.0},{"not_picked":["Warcry","Havoc","Blood for Blood"],"picked":"SKIP","floor":20.0},{"not_picked":["Clothesline","Armaments","Rampage"],"picked":"SKIP","floor":21.0},{"not_picked":["Searing Blow","Anger+1"],"picked":"Hemokinesis+1","floor":22.0},{"not_picked":["Disarm","Clothesline"],"picked":"Whirlwind","floor":24.0},{"not_picked":["Disarm","Warcry"],"picked":"Shrug It Off","floor":28.0},{"not_picked":["Flex+1","Shockwave"],"picked":"Cleave+1","floor":31.0},{"not_picked":["Twin Strike+1","Shrug It Off+1"],"picked":"Ghostly Armor+1","floor":35},{"not_picked":["Clash","Sword Boomerang+1"],"picked":"Armaments+1","floor":36},{"not_picked":["Infernal Blade","Inflame","Power Through+1"],"picked":"SKIP","floor":39},{"not_picked":["Body Slam","Feel No Pain","Heavy Blade+1"],"picked":"SKIP","floor":41},{"not_picked":["Rage","Clothesline+1","Flex"],"picked":"SKIP","floor":42},{"not_picked":["Shrug It Off","Entrench","Thunderclap"],"picked":"SKIP","floor":45},{"not_picked":["Wild Strike","Dark Embrace","Pummel+1"],"picked":"SKIP","floor":46},{"not_picked":["Searing Blow+1","Flex+1","Shrug It Off"],"picked":"SKIP","floor":48}],"player_experience":486648,"relics_obtained":[{"floor":7.0,"key":"MawBank"},{"floor":9.0,"key":"Bottled Flame"},{"floor":10.0,"key":"Lantern"},{"floor":26.0,"key":"Darkstone Periapt"},{"floor":28.0,"key":"Red Skull"},{"floor":37,"key":"Ginger"},{"floor":43,"key":"Happy Flower"}],"event_choices":[{"damage_healed":0.0,"max_hp_gain":0.0,"max_hp_loss":6.0,"gold_gain":0.0,"event_name":"Golden Idol","player_choice":"Lose Max HP","floor":2.0,"gold_loss":0.0,"damage_taken":0.0,"relics_obtained":["Golden Idol"]},{"cards_removed":["Strike_R"],"damage_healed":0.0,"max_hp_gain":0.0,"max_hp_loss":0.0,"gold_gain":0.0,"event_name":"The Cleric","player_choice":"Card Removal","floor":4.0,"gold_loss":50.0,"damage_taken":0.0},{"damage_healed":0.0,"max_hp_gain":0.0,"max_hp_loss":0.0,"gold_gain":0.0,"event_name":"Shining Light","player_choice":"Entered Light","floor":12.0,"gold_loss":0.0,"damage_taken":15.0,"cards_upgraded":["Pummel","Heavy Blade"]},{"damage_healed":0.0,"max_hp_gain":0.0,"max_hp_loss":0.0,"gold_gain":0.0,"event_name":"Living Wall","player_choice":"Grow","floor":14.0,"gold_loss":0.0,"damage_taken":0.0,"cards_upgraded":["Pommel Strike"]},{"cards_removed":["Strike_R"],"damage_healed":0.0,"max_hp_gain":0.0,"max_hp_loss":0.0,"gold_gain":0.0,"event_name":"Beggar","player_choice":"Gave Gold","floor":27.0,"gold_loss":75.0,"damage_taken":0.0},{"damage_healed":24.0,"max_hp_gain":0.0,"max_hp_loss":0.0,"gold_gain":0.0,"event_name":"The Library","player_choice":"Heal","floor":30.0,"gold_loss":0.0,"damage_taken":0.0},{"damage_healed":0,"gold_gain":0,"player_choice":"Fight","damage_taken":0,"max_hp_gain":0,"max_hp_loss":0,"event_name":"MindBloom","floor":37,"gold_loss":0},{"damage_healed":0,"gold_gain":0,"player_choice":"Paid Gold","damage_taken":0,"relics_obtained":["Dead Branch"],"max_hp_gain":0,"max_hp_loss":0,"event_name":"WeMeetAgain","floor":44,"gold_loss":144},{"damage_healed":71,"gold_gain":0,"player_choice":"Heal","damage_taken":0,"max_hp_gain":0,"max_hp_loss":10,"event_name":"The Moai Head","floor":47,"gold_loss":0}],"is_beta":false,"boss_relics":[{"not_picked":["Mark of Pain","Fusion Hammer"],"picked":"Coffee Dripper"},{"not_picked":["Snecko Eye","Empty Cage"],"picked":"Runic Pyramid"}],"items_purged_floors":[19],"is_endless":false,"potions_floor_spawned":[1,7,18,28,33,35,39,45],"ascension_level":2}