{"gold_per_floor":[111,129,144,159,176,176,202,202,202,218,218],"floor_reached":11,"playtime":423,"items_purged":[],"score":106,"play_id":"ebde16ae-bfb5-4544-b642-64e06bbf29e1","local_time":"20190413231912","is_ascension_mode":true,"campfire_choices":[{"floor":6.0,"key":"DIG"},{"floor":8,"key":"DIG"}],"neow_cost":"PERCENT_DAMAGE","seed_source_timestamp":0,"circlet_count":0,"master_deck":["Strike_B","Strike_B","Strike_B","Strike_B","Defend_B","Defend_B","Defend_B","Defend_B","Zap","Dualcast","Redo","Glacier","Cold Snap","White Noise","Double Energy","Melter","Chill","Conserve Battery"],"special_seed":0,"relics":["Cracked Core","Shovel","Art of War","Prayer Wheel","Shuriken","Mango"],"potions_floor_usage":[11],"damage_taken":[{"damage":4.0,"enemies":"2 Louse","floor":1.0,"turns":3.0},{"damage":0.0,"enemies":"Small Slimes","floor":2.0,"turns":3.0},{"damage":8.0,"enemies":"Jaw Worm","floor":3.0,"turns":3.0},{"damage":19.0,"enemies":"Large Slime","floor":4.0,"turns":6.0},{"damage":0.0,"enemies":"2 Fungi Beasts","floor":5.0,"turns":4.0},{"damage":13.0,"enemies":"3 Sentries","floor":7.0,"turns":9.0},{"damage":11,"enemies":"Looter","floor":10,"turns":3},{"damage":21,"enemies":"Lagavulin","floor":11,"turns":3}],"seed_played":"4516512086545232484","potions_obtained":[{"floor":1.0,"key":"Strength Potion"},{"floor":4.0,"key":"Fruit Juice"},{"floor":10,"key":"Energy Potion"}],"is_trial":false,"path_per_floor":["M","M","M","M","M","R","E","R","T","M","E"],"character_chosen":"DEFECT","items_purchased":[],"campfire_rested":0,"item_purchase_floors":[],"current_hp_per_floor":[50,50,42,23,28,28,15,15,29,18,0],"gold":218,"neow_bonus":"ONE_RARE_RELIC","is_prod":false,"is_daily":false,"chose_seed":false,"campfire_upgraded":0,"win_rate":0,"timestamp":1555161552,"path_taken":["M","M","M","M","M","R","E","R","T","M","E"],"build_version":"2019-01-23","purchased_purges":0,"victory":false,"max_hp_per_floor":[75,75,75,75,80,80,80,80,94,94,94],"card_choices":[{"not_picked":["Lockon","Compile Driver"],"picked":"Redo","floor":1.0},{"not_picked":["Reprogram","Fusion"],"picked":"Glacier","floor":2.0},{"not_picked":["Gash","Coolheaded"],"picked":"Cold Snap","floor":3.0},{"not_picked":["Auto Shields","Rebound"],"picked":"White Noise","floor":4.0},{"not_picked":["Gash","Consume"],"picked":"Double Energy","floor":5.0},{"not_picked":["Self Repair","Streamline"],"picked":"Melter","floor":7},{"not_picked":["Cold Snap","Steam Power"],"picked":"Chill","floor":10},{"not_picked":["Sweeping Beam","Stack"],"picked":"Conserve Battery","floor":10}],"player_experience":125990,"relics_obtained":[{"floor":6.0,"key":"Art of War"},{"floor":7,"key":"Prayer Wheel"},{"floor":8,"key":"Shuriken"},{"floor":9,"key":"Mango"}],"event_choices":[],"is_beta":false,"boss_relics":[],"items_purged_floors":[],"is_endless":false,"potions_floor_spawned":[1,4,10],"killed_by":"Lagavulin","ascension_level":1}