{"gold_per_floor":[14,32,42,42,42,56,84,84,84,95,114,114,114,146,146,146],"floor_reached":16,"playtime":575,"items_purged":[],"score":118,"play_id":"fe24a8ff-6202-4542-9dbd-8b70458bfc54","local_time":"20190430181119","is_ascension_mode":true,"campfire_choices":[{"floor":8,"key":"REST"},{"floor":12,"key":"RECALL"},{"data":"Limit Break","floor":15,"key":"SMITH"}],"neow_cost":"NO_GOLD","seed_source_timestamp":1519551809470,"circlet_count":0,"master_deck":["Strike_R","Strike_R","Strike_R","Defend_R","Defend_R","Defend_R","Defend_R","Bash","Headbutt","Sword Boomerang","Burning Pact","Twin Strike","Clash","Limit Break+1"],"relics":["Burning Blood","Smiling Mask","Kunai"],"potions_floor_usage":[7,14],"damage_taken":[{"damage":0,"enemies":"2 Louse","floor":1,"turns":2},{"damage":7,"enemies":"Small Slimes","floor":2,"turns":4},{"damage":8,"enemies":"Jaw Worm","floor":3,"turns":5},{"damage":13,"enemies":"Lots of Slimes","floor":6,"turns":4},{"damage":67,"enemies":"Lagavulin","floor":7,"turns":8},{"damage":10,"enemies":"Looter","floor":10,"turns":3},{"damage":4,"enemies":"Blue Slaver","floor":11,"turns":4},{"damage":13,"enemies":"Gremlin Nob","floor":14,"turns":4},{"damage":39,"enemies":"Slime Boss","floor":16,"turns":6}],"seed_played":"4559298078845945575","potions_obtained":[{"floor":2,"key":"SmokeBomb"},{"floor":3,"key":"FearPotion"},{"floor":6,"key":"Ancient Potion"},{"floor":10,"key":"EssenceOfSteel"}],"is_trial":false,"path_per_floor":["M","M","M","?","?","M","E","R","T","M","M","R","$","E","R","B"],"character_chosen":"IRONCLAD","items_purchased":[],"campfire_rested":1,"item_purchase_floors":[],"current_hp_per_floor":[80,79,77,77,82,75,14,39,39,35,37,37,37,30,30,0],"gold":146,"neow_bonus":"REMOVE_TWO","is_prod":false,"is_daily":false,"chose_seed":false,"campfire_upgraded":1,"win_rate":0,"timestamp":1556611879,"path_taken":["M","M","M","?","?","M","E","R","T","M","M","R","?","E","R","BOSS"],"build_version":"2019-01-23","purchased_purges":0,"victory":false,"max_hp_per_floor":[80,80,80,80,85,85,85,85,85,85,85,85,85,85,85,85],"card_choices":[{"not_picked":["Wild Strike","Body Slam"],"picked":"Headbutt","floor":1},{"not_picked":["Feel No Pain","Battle Trance","Shockwave"],"picked":"SKIP","floor":2},{"not_picked":["True Grit","Flex"],"picked":"Sword Boomerang","floor":3},{"not_picked":["Seeing Red","Corruption"],"picked":"Burning Pact","floor":6},{"not_picked":["Double Tap","Entrench"],"picked":"Twin Strike","floor":7},{"not_picked":["Burning Pact","Warcry"],"picked":"Clash","floor":10},{"not_picked":["Perfected Strike","Twin Strike","Heavy Blade"],"picked":"SKIP","floor":11},{"not_picked":["Combust","Iron Wave"],"picked":"Limit Break","floor":14}],"player_experience":142486,"relics_obtained":[{"floor":7,"key":"Smiling Mask"},{"floor":14,"key":"Kunai"}],"event_choices":[{"damage_healed":0,"gold_gain":0,"player_choice":"Leave","damage_taken":0,"max_hp_gain":0,"max_hp_loss":0,"event_name":"The Cleric","floor":4,"gold_loss":0},{"damage_healed":0,"gold_gain":0,"player_choice":"Donut","damage_taken":0,"max_hp_gain":5,"max_hp_loss":0,"event_name":"Big Fish","floor":5,"gold_loss":0}],"is_beta":false,"boss_relics":[],"items_purged_floors":[],"is_endless":false,"potions_floor_spawned":[2,3,6,10,11],"killed_by":"Slime Boss","ascension_level":1}