{"gold_per_floor":[215,215,59,73,73,108,108,126,126,126,126,142,142,17,17,121,121,134,134,114,134,9,9,27,27,27,47,47,76,91,102,102,206,206,225,238,283,283,295,295,295,65,65,79,97,97,114,114,114,114],"floor_reached":50,"playtime":2763,"items_purged":["Regret","Strike_B","Defend_B","Writhe"],"score":739,"play_id":"91001056-067d-442e-8029-8649c0365283","local_time":"20190426144936","is_ascension_mode":true,"campfire_choices":[{"data":"Zap","floor":7.0,"key":"SMITH"},{"data":"Blind","floor":10.0,"key":"SMITH"},{"data":"Dualcast","floor":13.0,"key":"SMITH"},{"floor":15.0,"key":"REST"},{"data":"Echo Form","floor":23.0,"key":"SMITH"},{"data":"Coolheaded","floor":28.0,"key":"SMITH"},{"floor":32.0,"key":"REST"},{"data":"White Noise","floor":40.0,"key":"SMITH"},{"data":"White Noise","floor":46.0,"key":"SMITH"},{"floor":49.0,"key":"REST"}],"neow_cost":"NONE","seed_source_timestamp":0,"circlet_count":0,"master_deck":["AscendersBane","Strike_B","Strike_B","Strike_B","Defend_B","Defend_B","Defend_B","Zap+1","Dualcast+1","Ball Lightning","Blind+1","Ball Lightning","Steam+1","Coolheaded+1","Rebound","Echo Form+1","Leap","Conserve Battery","Go for the Eyes","Sweeping Beam","Hologram+1","Cold Snap","Auto Shields","Recycle","White Noise+1","Electrodynamics","White Noise+1","Glacier+1","Consume+1"],"special_seed":0,"relics":["Cracked Core","Meat on the Bone","DataDisk","Gambling Chip","Bottled Lightning","Matryoshka","Orrery","Bronze Scales","Ornamental Fan","Sozu","Mango","Letter Opener","War Paint"],"potions_floor_usage":[],"damage_taken":[{"damage":2.0,"enemies":"2 Louse","floor":1.0,"turns":2.0},{"damage":7.0,"enemies":"Jaw Worm","floor":4.0,"turns":3.0},{"damage":30.0,"enemies":"3 Sentries","floor":6.0,"turns":5.0},{"damage":0.0,"enemies":"Cultist","floor":8.0,"turns":2.0},{"damage":3.0,"enemies":"Blue Slaver","floor":12.0,"turns":2.0},{"damage":10.0,"enemies":"The Guardian","floor":16.0,"turns":11.0},{"damage":13.0,"enemies":"Spheric Guardian","floor":18.0,"turns":5.0},{"damage":19.0,"enemies":"3 Byrds","floor":21.0,"turns":3.0},{"damage":2.0,"enemies":"Shelled Parasite and Fungi","floor":24.0,"turns":6.0},{"damage":10.0,"enemies":"Centurion and Healer","floor":27.0,"turns":8.0},{"damage":11.0,"enemies":"Gremlin Leader","floor":29.0,"turns":8.0},{"damage":11.0,"enemies":"3 Cultists","floor":30.0,"turns":4.0},{"damage":6.0,"enemies":"Cultist and Chosen","floor":31.0,"turns":6.0},{"damage":32.0,"enemies":"Champ","floor":33.0,"turns":15.0},{"damage":0.0,"enemies":"Orb Walker","floor":35.0,"turns":3.0},{"damage":1.0,"enemies":"3 Shapes","floor":36.0,"turns":3.0},{"damage":42.0,"enemies":"2 Orb Walkers","floor":37.0,"turns":7.0},{"damage":22.0,"enemies":"Sphere and 2 Shapes","floor":39.0,"turns":6.0},{"damage":25.0,"enemies":"Transient","floor":44.0,"turns":5.0},{"damage":12.0,"enemies":"Writhing Mass","floor":45.0,"turns":7.0},{"damage":22.0,"enemies":"Jaw Worm Horde","floor":47.0,"turns":5.0},{"damage":70,"enemies":"Time Eater","floor":50,"turns":6}],"seed_played":"-3956977379046461386","potions_obtained":[{"floor":1.0,"key":"Poison Potion"},{"floor":16.0,"key":"SteroidPotion"},{"floor":20.0,"key":"Ancient Potion"},{"floor":21.0,"key":"SneckoOil"},{"floor":27.0,"key":"Block Potion"},{"floor":29.0,"key":"Ancient Potion"},{"floor":30.0,"key":"Dexterity Potion"},{"floor":31.0,"key":"Weak Potion"}],"is_trial":false,"path_per_floor":["M","?","$","M","?","E","R","M","T","R","T","M","R","$","R","B",null,"M","?","?","M","$","R","M","$","T","M","R","E","M","M","R","B",null,"M","M","?","?","M","R","?","$","T","M","M","R","M","?","R","B"],"character_chosen":"DEFECT","items_purchased":["Blind","Rebound","Consume"],"campfire_rested":3,"item_purchase_floors":[3,14,42],"current_hp_per_floor":[66,66,66,59,52,34,34,46,46,46,46,43,43,43,65,55,70,57,57,57,38,38,38,48,48,48,38,38,39,40,46,68,48,68,68,67,51,51,41,41,63,63,63,50,50,50,40,40,66,0],"gold":114,"neow_bonus":"HUNDRED_GOLD","is_prod":false,"is_daily":false,"chose_seed":false,"campfire_upgraded":7,"win_rate":0,"timestamp":1556304576,"path_taken":["M","?","$","M","?","E","R","M","T","R","?","M","R","$","R","BOSS","M","?","?","?","$","R","M","$","T","M","R","E","M","M","R","BOSS","M","M","?","?","M","R","?","$","T","M","M","R","M","?","R","BOSS"],"build_version":"2019-01-23","purchased_purges":4,"victory":false,"max_hp_per_floor":[75,75,75,75,75,75,75,75,75,75,75,75,75,75,75,75,75,75,75,75,75,75,75,75,75,75,75,75,75,75,75,75,75,75,75,75,89,89,89,89,89,89,89,89,89,89,89,89,89,89],"card_choices":[{"not_picked":["Aggregate","Conserve Battery"],"picked":"Ball Lightning","floor":1.0},{"not_picked":["Tempest","Sweeping Beam"],"picked":"Ball Lightning","floor":4.0},{"not_picked":["Barrage","Turbo"],"picked":"Steam","floor":6.0},{"not_picked":["Ball Lightning","Darkness","Gash"],"picked":"SKIP","floor":8.0},{"not_picked":["Hyperbeam","Reprogram"],"picked":"Coolheaded","floor":12.0},{"not_picked":["Seek","Fission"],"picked":"Echo Form","floor":16.0},{"not_picked":["Rebound","Hologram"],"picked":"Leap","floor":17.0},{"not_picked":["Go for the Eyes","Gash"],"picked":"Conserve Battery","floor":17.0},{"not_picked":["Steam","Leap"],"picked":"Go for the Eyes","floor":17.0},{"not_picked":["Ball Lightning","Coolheaded"],"picked":"Sweeping Beam","floor":17.0},{"not_picked":["Buffer","Rip and Tear"],"picked":"Hologram+1","floor":18.0},{"not_picked":["Turbo+1","Compile Driver"],"picked":"Cold Snap","floor":21.0},{"not_picked":["Reinforced Body","Conserve Battery","Melter"],"picked":"SKIP","floor":24.0},{"not_picked":["Coolheaded","Leap"],"picked":"Auto Shields","floor":27.0},{"not_picked":["Rip and Tear","Gash","Stack"],"picked":"SKIP","floor":29.0},{"not_picked":["Reinforced Body+1","Chaos"],"picked":"Recycle","floor":30.0},{"not_picked":["Leap","Compile Driver"],"picked":"White Noise","floor":31.0},{"not_picked":["Rainbow","Multi-Cast"],"picked":"Electrodynamics","floor":33.0},{"not_picked":["Sunder","Streamline"],"picked":"White Noise","floor":35.0},{"not_picked":["Barrage","Beam Cell"],"picked":"Glacier+1","floor":36.0},{"not_picked":["Auto Shields","Go for the Eyes","Rebound"],"picked":"SKIP","floor":39.0},{"not_picked":["Lockon","Steam+1","Stack"],"picked":"SKIP","floor":44.0},{"not_picked":["Conserve Battery","Ball Lightning","Leap"],"picked":"SKIP","floor":45.0},{"not_picked":["Chill+1","Redo","Streamline+1"],"picked":"SKIP","floor":47.0}],"player_experience":145964,"relics_obtained":[{"floor":6.0,"key":"Gambling Chip"},{"floor":9.0,"key":"Bottled Lightning"},{"floor":11.0,"key":"Matryoshka"},{"floor":26.0,"key":"Bronze Scales"},{"floor":29.0,"key":"Ornamental Fan"},{"floor":37.0,"key":"Mango"},{"floor":43.0,"key":"Letter Opener"},{"floor":43.0,"key":"War Paint"}],"event_choices":[{"damage_healed":0.0,"max_hp_gain":0.0,"max_hp_loss":0.0,"gold_gain":0.0,"event_name":"Big Fish","player_choice":"Box","floor":2.0,"gold_loss":0.0,"damage_taken":0.0,"relics_obtained":["Meat on the Bone"],"cards_obtained":["Regret"]},{"damage_healed":0.0,"max_hp_gain":0.0,"max_hp_loss":0.0,"gold_gain":0.0,"event_name":"Scrap Ooze","player_choice":"Success","floor":5.0,"gold_loss":0.0,"damage_taken":7.0,"relics_obtained":["DataDisk"]},{"damage_healed":0.0,"max_hp_gain":0.0,"max_hp_loss":0.0,"gold_gain":0.0,"event_name":"The Woman in Blue","player_choice":"Bought 1 Potion","floor":20.0,"gold_loss":0.0,"damage_taken":0.0},{"damage_healed":0.0,"max_hp_gain":0.0,"max_hp_loss":0.0,"gold_gain":0.0,"event_name":"Mysterious Sphere","player_choice":"Fight","floor":37.0,"gold_loss":0.0,"damage_taken":0.0},{"damage_healed":0.0,"max_hp_gain":0.0,"max_hp_loss":0.0,"gold_gain":0.0,"event_name":"SensoryStone","player_choice":"Memory 1","floor":38.0,"gold_loss":0.0,"damage_taken":0.0},{"damage_healed":22.0,"max_hp_gain":0.0,"max_hp_loss":0.0,"gold_gain":0.0,"event_name":"Winding Halls","player_choice":"Writhe","floor":41.0,"gold_loss":0.0,"damage_taken":0.0,"cards_obtained":["Writhe"]},{"damage_healed":0.0,"max_hp_gain":0.0,"max_hp_loss":0.0,"gold_gain":0.0,"event_name":"The Moai Head","player_choice":"Ignored","floor":48.0,"gold_loss":0.0,"damage_taken":0.0}],"is_beta":false,"boss_relics":[{"not_picked":["Astrolabe","Tiny House"],"picked":"Orrery"},{"not_picked":["Black Star","FrozenCore"],"picked":"Sozu"}],"items_purged_floors":[3,14,22,42],"is_endless":false,"potions_floor_spawned":[1,16,21,27,29,30,31,35,44],"killed_by":"Time Eater","ascension_level":12}