{"gold_per_floor":[114,134,144,94,94,123,149,169,193,205],"floor_reached":10,"playtime":169,"items_purged":[],"score":112,"play_id":"c5f3e7c3-aa04-461a-8d0b-533425d87174","local_time":"20190505125734","is_ascension_mode":true,"campfire_choices":[],"neow_cost":"NONE","seed_source_timestamp":223979557560035,"circlet_count":0,"master_deck":["AscendersBane","Strike_R","Strike_R","Strike_R","Strike_R","Strike_R","Defend_R","Defend_R","Defend_R","Bash","Twin Strike","Shrug It Off","Regret","Metallicize"],"relics":["Burning Blood","NeowsBlessing","Juzu Bracelet","Pantograph","Regal Pillow","MawBank"],"potions_floor_usage":[8,10],"damage_taken":[{"damage":0,"enemies":"Cultist","floor":1,"turns":1},{"damage":0,"enemies":"2 Louse","floor":2,"turns":1},{"damage":0,"enemies":"Jaw Worm","floor":3,"turns":1},{"damage":46,"enemies":"Gremlin Nob","floor":6,"turns":5},{"damage":2,"enemies":"Lots of Slimes","floor":8,"turns":2},{"damage":51,"enemies":"Lagavulin","floor":10,"turns":5}],"seed_played":"-4058816755866287107","potions_obtained":[{"floor":1,"key":"Explosive Potion"},{"floor":6,"key":"PowerPotion"},{"floor":8,"key":"Strength Potion"}],"is_trial":false,"path_per_floor":["M","M","M","?","?","E","T","M","T","E"],"character_chosen":"IRONCLAD","items_purchased":[],"campfire_rested":0,"item_purchase_floors":[],"current_hp_per_floor":[78,80,80,80,80,40,40,44,44,0],"gold":205,"neow_bonus":"THREE_ENEMY_KILL","is_prod":false,"is_daily":false,"chose_seed":false,"campfire_upgraded":0,"win_rate":0,"timestamp":1557082654,"path_taken":["M","M","M","?","?","E","?","M","T","E"],"build_version":"2019-01-23","purchased_purges":0,"victory":false,"max_hp_per_floor":[80,80,80,80,80,80,80,80,80,80],"card_choices":[{"not_picked":["Intimidate","Wild Strike","Anger"],"picked":"SKIP","floor":1},{"not_picked":["Searing Blow","Havoc"],"picked":"Twin Strike","floor":2},{"not_picked":["Limit Break","Anger"],"picked":"Shrug It Off","floor":3},{"not_picked":["Body Slam","Sword Boomerang"],"picked":"Metallicize","floor":6},{"not_picked":["Second Wind","Sword Boomerang","Clash"],"picked":"SKIP","floor":8}],"player_experience":552106,"relics_obtained":[{"floor":6,"key":"Pantograph"},{"floor":7,"key":"Regal Pillow"},{"floor":9,"key":"MawBank"}],"event_choices":[{"cards_removed":["Defend_R"],"damage_healed":0,"gold_gain":0,"player_choice":"Card Removal","damage_taken":0,"max_hp_gain":0,"max_hp_loss":0,"event_name":"The Cleric","floor":4,"gold_loss":50},{"damage_healed":0,"gold_gain":0,"player_choice":"Box","damage_taken":0,"relics_obtained":["Juzu Bracelet"],"max_hp_gain":0,"max_hp_loss":0,"event_name":"Big Fish","floor":5,"gold_loss":0,"cards_obtained":["Regret"]}],"is_beta":false,"boss_relics":[],"items_purged_floors":[],"is_endless":false,"potions_floor_spawned":[1,6,8],"killed_by":"Lagavulin","ascension_level":13}