{"gold_per_floor":[116,132,132,145,160,160,194,194,194,194,165,165,86,121,121,121],"floor_reached":16,"playtime":607,"items_purged":[],"score":216,"play_id":"be3453a8-0570-4083-86e1-ac28e4ae04a3","local_time":"20190402023015","is_ascension_mode":true,"campfire_choices":[{"data":"Choke","floor":6,"key":"SMITH"},{"data":"Crippling Poison","floor":8,"key":"SMITH"},{"data":"Neutralize","floor":10,"key":"SMITH"},{"data":"Poisoned Stab","floor":12,"key":"SMITH"},{"data":"Dash","floor":15,"key":"SMITH"}],"neow_cost":"NONE","seed_source_timestamp":364930500378454,"circlet_count":0,"master_deck":["AscendersBane","Defend_G","Defend_G","Defend_G","Defend_G","Defend_G","Strike_G","Strike_G","Strike_G","Strike_G","Strike_G","Survivor","Neutralize+1","Choke+1","Crippling Poison+1","Poisoned Stab+1","PiercingWail","Dash+1"],"relics":["Ring of the Snake","Ornamental Fan","Pantograph","Blue Candle","The Courier"],"potions_floor_usage":[7,14,14],"damage_taken":[{"damage":2,"enemies":"2 Louse","floor":1,"turns":3},{"damage":5,"enemies":"Small Slimes","floor":2,"turns":5},{"damage":4,"enemies":"Jaw Worm","floor":4,"turns":4},{"damage":0,"enemies":"2 Fungi Beasts","floor":5,"turns":4},{"damage":28,"enemies":"3 Sentries","floor":7,"turns":13},{"damage":6,"enemies":"Lagavulin","floor":14,"turns":6},{"damage":42,"enemies":"Hexaghost","floor":16,"turns":9}],"seed_played":"405073061811933968","potions_obtained":[{"floor":1,"key":"GamblersBrew"},{"floor":2,"key":"SpeedPotion"},{"floor":4,"key":"EssenceOfSteel"}],"is_trial":false,"path_per_floor":["M","M","?","M","M","R","E","R","T","R","$","R","$","E","R","B"],"character_chosen":"THE_SILENT","items_purchased":["PiercingWail","GhostInAJar"],"campfire_rested":0,"item_purchase_floors":[11,13],"current_hp_per_floor":[63,58,53,49,49,49,21,21,21,21,21,21,21,15,15,0],"gold":121,"neow_bonus":"TEN_PERCENT_HP_BONUS","is_prod":false,"is_daily":false,"chose_seed":false,"campfire_upgraded":5,"win_rate":0,"timestamp":1554193815,"path_taken":["M","M","?","M","M","R","E","R","T","R","$","R","$","E","R","BOSS"],"build_version":"2019-01-23","purchased_purges":0,"victory":false,"max_hp_per_floor":[72,72,72,72,72,72,72,72,72,72,72,72,72,72,72,72],"card_choices":[{"not_picked":["Accuracy","Distraction"],"picked":"Choke","floor":1},{"not_picked":["Deadly Poison","Backflip"],"picked":"Crippling Poison","floor":2},{"not_picked":["Bane","PiercingWail","Crippling Poison"],"picked":"SKIP","floor":4},{"not_picked":["Dodge and Roll","Acrobatics"],"picked":"Poisoned Stab","floor":5},{"not_picked":["Accuracy","Tactician","Underhanded Strike"],"picked":"SKIP","floor":7},{"not_picked":["Blur","Expertise"],"picked":"Dash","floor":14}],"player_experience":421415,"relics_obtained":[{"floor":7,"key":"Pantograph"},{"floor":9,"key":"Blue Candle"},{"floor":14,"key":"The Courier"}],"event_choices":[{"damage_healed":0,"gold_gain":0,"player_choice":"Success","damage_taken":5,"relics_obtained":["Ornamental Fan"],"max_hp_gain":0,"max_hp_loss":0,"event_name":"Scrap Ooze","floor":3,"gold_loss":0}],"is_beta":false,"boss_relics":[],"items_purged_floors":[],"is_endless":false,"potions_floor_spawned":[1,2,4],"killed_by":"Hexaghost","ascension_level":20}