{"gold_per_floor":[116,116,116,136,161,161,196,196,196,230,305,5,20,38,38,163,163,188,206,206,231,168,211,223,266,327,339,311,346,396,432,444,584,596,623,662,674,81,414,440,440,454,530,543,561,561,97,107,107,107],"floor_reached":51,"playtime":5064,"items_purged":["Streamline","Force Field+1"],"score":1203,"play_id":"95da7de7-da15-471d-808c-b00ff5a3f785","local_time":"20190607081629","is_ascension_mode":true,"campfire_choices":[{"floor":6,"key":"REST"},{"data":"Defragment","floor":8,"key":"SMITH"},{"floor":15,"key":"REST"},{"data":"Defragment","floor":24,"key":"SMITH"},{"floor":27,"key":"REST"},{"data":"Capacitor","floor":32,"key":"SMITH"},{"data":"Buffer","floor":41,"key":"SMITH"},{"data":"Zap","floor":49,"key":"SMITH"}],"neow_cost":"NONE","seed_source_timestamp":728863403898796,"circlet_count":0,"master_deck":["Zap+1","Dualcast","Gash+1","FTL","BootSequence","Defragment+1","Fusion+1","Apotheosis+1","Capacitor+1","FTL","Defragment+1","Leap+1","All For One","Glacier+1","Coolheaded+1","Self Repair","Conserve Battery+1","Coolheaded+1","Cold Snap+1","Meteor Strike","Coolheaded+1","Buffer+1","Redo+1","Seek+1","Fusion+1","Coolheaded+1","Capacitor","Secret Technique+1"],"relics":["Cracked Core","Toxic Egg 2","Anchor","Happy Flower","Eternal Feather","MawBank","Strawberry","Potion Belt","Boot","Darkstone Periapt","Pandora\u0027s Box","Orichalcum","Emotion Chip","HandDrill","Blue Candle","Dodecahedron","Runic Capacitor"],"potions_floor_usage":[10,10,14,16,25,31,33,40,50,50,50],"damage_taken":[{"damage":8,"enemies":"2 Louse","floor":1,"turns":3},{"damage":7,"enemies":"Jaw Worm","floor":4,"turns":3},{"damage":0,"enemies":"Cultist","floor":5,"turns":3},{"damage":7,"enemies":"Lagavulin","floor":7,"turns":7},{"damage":16,"enemies":"Gremlin Nob","floor":10,"turns":3},{"damage":0,"enemies":"Red Slaver","floor":13,"turns":2},{"damage":1,"enemies":"Large Slime","floor":14,"turns":4},{"damage":17,"enemies":"The Guardian","floor":16,"turns":11},{"damage":3,"enemies":"Spheric Guardian","floor":18,"turns":3},{"damage":0,"enemies":"Chosen","floor":19,"turns":3},{"damage":1,"enemies":"Centurion and Healer","floor":21,"turns":10},{"damage":33,"enemies":"Book of Stabbing","floor":23,"turns":7},{"damage":37,"enemies":"Slavers","floor":25,"turns":8},{"damage":6,"enemies":"Sentry and Sphere","floor":29,"turns":6},{"damage":0,"enemies":"Book of Stabbing","floor":30,"turns":8},{"damage":3,"enemies":"Snecko","floor":31,"turns":4},{"damage":11,"enemies":"Collector","floor":33,"turns":9},{"damage":4,"enemies":"3 Darklings","floor":35,"turns":8},{"damage":7,"enemies":"Nemesis","floor":40,"turns":9},{"damage":0,"enemies":"3 Shapes","floor":42,"turns":6},{"damage":0,"enemies":"Maw","floor":44,"turns":8},{"damage":0,"enemies":"Jaw Worm Horde","floor":45,"turns":5},{"damage":9,"enemies":"3 Darklings","floor":48,"turns":6},{"damage":0,"enemies":"Awakened One","floor":50,"turns":12}],"seed_played":"-177529664620468851","potions_obtained":[{"floor":4,"key":"Poison Potion"},{"floor":5,"key":"Poison Potion"},{"floor":10,"key":"Weak Potion"},{"floor":13,"key":"Poison Potion"},{"floor":19,"key":"Dexterity Potion"},{"floor":28,"key":"EssenceOfSteel"},{"floor":28,"key":"EssenceOfSteel"},{"floor":28,"key":"FocusPotion"},{"floor":29,"key":"Energy Potion"},{"floor":30,"key":"Swift Potion"},{"floor":31,"key":"PowerPotion"},{"floor":35,"key":"Poison Potion"},{"floor":44,"key":"Block Potion"},{"floor":45,"key":"PowerPotion"},{"floor":48,"key":"Swift Potion"}],"is_trial":false,"path_per_floor":["?","?","?","M","T","?","?","T","?","?","?"],"character_chosen":"DEFECT","items_purchased":["Apotheosis+1","Capacitor","FTL","Emotion Chip","Capacitor","HandDrill","Runic Capacitor","Secret Technique+1"],"campfire_rested":3,"item_purchase_floors":[12,12,12,38,38,38,47,47],"current_hp_per_floor":[67,51,31,24,24,48,41,41,41,25,17,17,17,16,40,23,67,64,64,64,63,63,47,59,29,29,70,70,74,84,89,89,85,88,89,89,89,89,89,89,89,89,89,89,89,89,89,89,89,89],"gold":107,"neow_bonus":"TEN_PERCENT_HP_BONUS","is_prod":false,"is_daily":false,"chose_seed":false,"campfire_upgraded":5,"win_rate":0,"timestamp":1559924189,"path_taken":["M","?","?","M","M","R","E","R","T","E","?","$","M","M","R","BOSS","M","?","?","M","?","E","R","E","T","R","?","M","E","M","R","BOSS","M","?","?","$","?","E","R","M","T","M","M","?","$","M","R","BOSS"],"build_version":"2019-01-23","purchased_purges":2,"victory":true,"max_hp_per_floor":[82,82,82,82,82,82,82,82,82,82,82,82,82,82,82,82,82,82,82,82,82,82,89,89,89,89,89,89,89,89,89,89,89,89,89,89,89,89,89,89,89,89,89,89,89,89,89,89,89,89],"card_choices":[{"not_picked":["Redo","Consume"],"picked":"Gash","floor":1},{"not_picked":["Turbo","Hologram"],"picked":"FTL","floor":4},{"not_picked":["Hologram","Chaos"],"picked":"BootSequence","floor":5},{"not_picked":["Steam","Seek"],"picked":"Defragment","floor":7},{"not_picked":["Compile Driver","Melter"],"picked":"Fusion+1","floor":10},{"not_picked":["Coolheaded+1","Rip and Tear"],"picked":"Defragment","floor":13},{"not_picked":["Reinforced Body+1","Sweeping Beam"],"picked":"Leap+1","floor":14},{"not_picked":["Buffer","Thunder Strike"],"picked":"All For One","floor":16},{"not_picked":["Gash+1","Barrage"],"picked":"Glacier+1","floor":18},{"not_picked":["Steam Power+1","Beam Cell"],"picked":"Coolheaded+1","floor":19},{"not_picked":["Go for the Eyes+1","Leap+1"],"picked":"Self Repair","floor":21},{"not_picked":["Multi-Cast+1","Coolheaded+1"],"picked":"Conserve Battery+1","floor":23},{"not_picked":["Hyperbeam","Blizzard+1"],"picked":"Coolheaded+1","floor":25},{"not_picked":["Leap+1","Recycle+1"],"picked":"Cold Snap+1","floor":29},{"not_picked":["BootSequence+1","Heatsinks"],"picked":"Meteor Strike","floor":30},{"not_picked":["Aggregate+1","Sunder"],"picked":"Coolheaded+1","floor":31},{"not_picked":["Amplify+1","Meteor Strike"],"picked":"Buffer","floor":33},{"not_picked":["Go for the Eyes","Consume+1"],"picked":"Coolheaded+1","floor":35},{"not_picked":["Rip and Tear+1","Beam Cell","Reprogram+1"],"picked":"SKIP","floor":40},{"not_picked":["Coolheaded+1","Compile Driver+1","Go for the Eyes"],"picked":"SKIP","floor":42},{"not_picked":["Static Discharge","Rebound+1","Stack+1"],"picked":"SKIP","floor":44},{"not_picked":["BootSequence+1","Cold Snap+1","Barrage+1"],"picked":"SKIP","floor":45},{"not_picked":["Auto Shields+1","Rebound","Streamline+1"],"picked":"SKIP","floor":48}],"player_experience":288634,"relics_obtained":[{"floor":7,"key":"Toxic Egg 2"},{"floor":9,"key":"Anchor"},{"floor":10,"key":"Happy Flower"},{"floor":20,"key":"MawBank"},{"floor":23,"key":"Strawberry"},{"floor":25,"key":"Potion Belt"},{"floor":26,"key":"Boot"},{"floor":30,"key":"Darkstone Periapt"},{"floor":36,"key":"Orichalcum"},{"floor":40,"key":"Blue Candle"},{"floor":43,"key":"Dodecahedron"}],"event_choices":[{"damage_healed":0,"gold_gain":0,"player_choice":"Entered Light","damage_taken":16,"max_hp_gain":0,"max_hp_loss":0,"event_name":"Shining Light","floor":2,"gold_loss":0,"cards_upgraded":["Defend_B","Gash"]},{"damage_healed":0,"gold_gain":0,"player_choice":"Take Damage","damage_taken":20,"relics_obtained":["Golden Idol"],"max_hp_gain":0,"max_hp_loss":0,"event_name":"Golden Idol","floor":3,"gold_loss":0},{"damage_healed":0,"gold_gain":75,"player_choice":"Touch","damage_taken":8,"max_hp_gain":0,"max_hp_loss":0,"event_name":"FaceTrader","floor":11,"gold_loss":0},{"cards_removed":["Strike_B"],"damage_healed":0,"gold_gain":0,"player_choice":"Gave Gold","damage_taken":0,"max_hp_gain":0,"max_hp_loss":0,"event_name":"Beggar","floor":22,"gold_loss":75},{"damage_healed":0,"gold_gain":0,"player_choice":"Bought 3 Potions","damage_taken":0,"max_hp_gain":0,"max_hp_loss":0,"event_name":"The Woman in Blue","floor":28,"gold_loss":0},{"cards_removed":["Melter"],"damage_healed":0,"gold_gain":0,"player_choice":"Removed Attack","damage_taken":0,"max_hp_gain":0,"max_hp_loss":0,"event_name":"Falling","floor":37,"gold_loss":0},{"damage_healed":0,"gold_gain":333,"player_choice":"Gave Idol","damage_taken":0,"max_hp_gain":0,"max_hp_loss":0,"event_name":"The Moai Head","floor":39,"relics_lost":["Golden Idol"],"gold_loss":0},{"cards_removed":["Reinforced Body"],"damage_healed":0,"gold_gain":0,"player_choice":"Offered Uncommon","damage_taken":0,"max_hp_gain":0,"max_hp_loss":0,"event_name":"Bonfire Elementals","floor":46,"gold_loss":0}],"is_beta":false,"boss_relics":[{"not_picked":["Tiny House","Calling Bell"],"picked":"Eternal Feather"},{"not_picked":["Sozu","Velvet Choker"],"picked":"Pandora\u0027s Box"}],"items_purged_floors":[38,47],"is_endless":false,"potions_floor_spawned":[4,5,10,13,19,29,30,31,35,44,45,48],"ascension_level":9}