{"gold_per_floor":[114,134,152,152,170,170,197,197,244,270,285,0,10,27,27,127,127,139,155,70,20,32,58,58,75,75,95,112,112,43,58,58,58],"floor_reached":33,"playtime":6800,"items_purged":[],"score":273,"play_id":"4164c659-7c19-4ca5-9e57-c7445a68e8d1","local_time":"20190608154459","is_ascension_mode":false,"campfire_choices":[{"data":"Anger","floor":6.0,"key":"SMITH"},{"data":"Clothesline","floor":8.0,"key":"SMITH"},{"data":"Shockwave","floor":15.0,"key":"SMITH"},{"floor":24,"key":"REST"},{"floor":32,"key":"REST"}],"neow_cost":"","seed_source_timestamp":0,"circlet_count":0,"master_deck":["Strike_R","Strike_R","Strike_R","Strike_R","Strike_R","Defend_R","Defend_R","Defend_R","Defend_R","Bash","Clash","Shrug It Off","Clothesline+1","Anger+1","Twin Strike","Perfected Strike","Shockwave+1","Blood for Blood","Impervious","Panacea","Corruption","Carnage","Fiend Fire","Anger","Cleave+1","Dual Wield","Inflame","Rampage","Headbutt+1","Battle Trance","RitualDagger","Rage","Fiend Fire"],"special_seed":0,"relics":["Burning Blood","Mercury Hourglass","Bag of Preparation","Juzu Bracelet","Odd Mushroom","Runic Pyramid","Question Card","Pantograph","PreservedInsect"],"potions_floor_usage":[23,23,33,33],"damage_taken":[{"damage":2.0,"enemies":"2 Louse","floor":1.0,"turns":4.0},{"damage":1.0,"enemies":"Cultist","floor":2.0,"turns":4.0},{"damage":0.0,"enemies":"Small Slimes","floor":3.0,"turns":3.0},{"damage":4.0,"enemies":"Exordium Thugs","floor":5.0,"turns":5.0},{"damage":10.0,"enemies":"3 Sentries","floor":7.0,"turns":6.0},{"damage":12.0,"enemies":"The Mushroom Lair","floor":10.0,"turns":4.0},{"damage":0.0,"enemies":"Blue Slaver","floor":11.0,"turns":2.0},{"damage":7.0,"enemies":"Large Slime","floor":13.0,"turns":4.0},{"damage":0.0,"enemies":"Red Slaver","floor":14.0,"turns":3.0},{"damage":17.0,"enemies":"The Guardian","floor":16.0,"turns":7.0},{"damage":19.0,"enemies":"2 Thieves","floor":18.0,"turns":4.0},{"damage":7,"enemies":"Shell Parasite","floor":19,"turns":2},{"damage":2,"enemies":"Chosen and Byrds","floor":22,"turns":5},{"damage":25,"enemies":"Book of Stabbing","floor":23,"turns":5},{"damage":28,"enemies":"Centurion and Healer","floor":25,"turns":4},{"damage":8,"enemies":"3 Cultists","floor":27,"turns":4},{"damage":21,"enemies":"Shelled Parasite and Fungi","floor":28,"turns":4},{"damage":17,"enemies":"Cultist and Chosen","floor":31,"turns":6},{"damage":77,"enemies":"Champ","floor":33,"turns":14}],"seed_played":"-2740667890131902377","potions_obtained":[{"floor":2.0,"key":"SpeedPotion"},{"floor":7.0,"key":"Energy Potion"},{"floor":13.0,"key":"SkillPotion"},{"floor":18,"key":"Dexterity Potion"},{"floor":28,"key":"Poison Potion"}],"is_trial":false,"path_per_floor":["?","?","?","?","?"],"character_chosen":"IRONCLAD","items_purchased":["Blood for Blood","Impervious","Panacea","Rage"],"campfire_rested":2,"item_purchase_floors":[12,12,12,30],"current_hp_per_floor":[80,80,80,80,80,80,76,76,76,70,76,76,75,80,80,69,80,67,66,66,66,70,51,75,53,53,51,36,30,30,19,43,0],"gold":58,"neow_bonus":"","is_prod":false,"is_daily":false,"chose_seed":false,"campfire_upgraded":3,"win_rate":0.0,"timestamp":1559997899,"path_taken":["M","M","M","?","M","R","E","R","T","?","M","$","M","M","R","BOSS","M","M","?","?","M","E","R","M","T","M","M","?","$","M","R","BOSS"],"build_version":"2019-01-23","purchased_purges":0,"victory":false,"max_hp_per_floor":[80,80,80,80,80,80,80,80,80,80,80,80,80,80,80,80,80,80,80,80,80,80,80,80,80,80,80,80,80,80,80,80,80],"card_choices":[{"not_picked":["Armaments","Pommel Strike"],"picked":"Clash","floor":1.0},{"not_picked":["Twin Strike","Power Through"],"picked":"Shrug It Off","floor":2.0},{"not_picked":["Reckless Charge","Burning Pact"],"picked":"Clothesline","floor":3.0},{"not_picked":["Thunderclap","Clash"],"picked":"Anger","floor":5.0},{"not_picked":["Power Through","Flame Barrier"],"picked":"Twin Strike","floor":7.0},{"not_picked":["Sword Boomerang","Cleave"],"picked":"Perfected Strike","floor":10.0},{"not_picked":["Flex","Iron Wave"],"picked":"Shockwave","floor":11.0},{"not_picked":["True Grit","Body Slam"],"picked":"Corruption","floor":13.0},{"not_picked":["Armaments","Warcry"],"picked":"Carnage","floor":14.0},{"not_picked":["Bludgeon","Brutality"],"picked":"Fiend Fire","floor":16.0},{"not_picked":["Cleave","Seeing Red"],"picked":"Anger","floor":18},{"not_picked":["Iron Wave","True Grit"],"picked":"Cleave+1","floor":19},{"not_picked":["Iron Wave","Anger","Rampage+1"],"picked":"Dual Wield","floor":22},{"not_picked":["Armaments","Body Slam","Berserk"],"picked":"Inflame","floor":23},{"not_picked":["Warcry","Pommel Strike","Flex"],"picked":"Rampage","floor":25},{"not_picked":["Second Wind+1","Perfected Strike+1","Warcry"],"picked":"Headbutt+1","floor":27},{"not_picked":["Clash","Seeing Red","Flex"],"picked":"Battle Trance","floor":28},{"not_picked":["Cleave+1","Blood for Blood+1","Clash"],"picked":"Fiend Fire","floor":31}],"player_experience":0,"relics_obtained":[{"floor":7.0,"key":"Bag of Preparation"},{"floor":9.0,"key":"Juzu Bracelet"},{"floor":10.0,"key":"Odd Mushroom"},{"floor":23,"key":"Pantograph"},{"floor":26,"key":"PreservedInsect"}],"event_choices":[{"damage_healed":0.0,"max_hp_gain":0.0,"max_hp_loss":0.0,"gold_gain":0.0,"event_name":"WeMeetAgain","player_choice":"Gave Potion","floor":4.0,"gold_loss":0.0,"damage_taken":0.0,"relics_obtained":["Mercury Hourglass"]},{"damage_healed":0.0,"max_hp_gain":0.0,"max_hp_loss":0.0,"gold_gain":0.0,"event_name":"Mushrooms","player_choice":"Fought Mushrooms","floor":10.0,"gold_loss":0.0,"damage_taken":0.0},{"damage_healed":0,"gold_gain":0,"player_choice":"Obtained Relic","damage_taken":0,"relics_obtained":["Question Card"],"max_hp_gain":0,"max_hp_loss":0,"event_name":"Addict","floor":20,"gold_loss":85},{"damage_healed":0,"gold_gain":0,"player_choice":"Bet on Murderer","damage_taken":0,"max_hp_gain":0,"max_hp_loss":0,"event_name":"The Joust","floor":21,"gold_loss":50},{"damage_healed":0,"gold_gain":0,"player_choice":"Joined the Cult","damage_taken":6,"max_hp_gain":0,"max_hp_loss":0,"event_name":"Nest","floor":29,"gold_loss":0,"cards_obtained":["RitualDagger"]}],"is_beta":false,"boss_relics":[{"not_picked":["Tiny House","Calling Bell"],"picked":"Runic Pyramid"}],"items_purged_floors":[],"is_endless":false,"potions_floor_spawned":[2,7,13,18,22,28],"killed_by":"Champ","ascension_level":0}