{"gold_per_floor":[112,112,112,127,138,168,168,187,264,284,284,303,334,26,26,128,128,144,144,144,219,233,233,266,15,69,80,80,5,5],"floor_reached":30,"playtime":4143,"items_purged":[],"score":283,"play_id":"b3a561ad-055d-4568-a7e1-9c207c760e4e","local_time":"20190601055350","is_ascension_mode":false,"campfire_choices":[{"floor":7,"key":"REST"},{"floor":11,"key":"REST"},{"floor":15,"key":"REST"},{"data":"Chill","floor":23,"key":"SMITH"}],"neow_cost":"NONE","seed_source_timestamp":202832869566887,"circlet_count":0,"master_deck":["Defend_B","Defend_B+1","Zap","Dualcast","Beam Cell","Double Energy","Gash","Gash","Fusion","Electrodynamics","Reinforced Body","Chaos+1","Compile Driver","All For One+1","Steam","Streamline","Gash","Chill+1","Compile Driver","Genetic Algorithm","Hologram+1","Redo+1","Stack+1","Bite","Bite","Bite","Bite","Bite"],"relics":["Cracked Core","Incense Burner","Regal Pillow","Question Card","War Paint","Ice Cream","Orrery","Centennial Puzzle","Mummified Hand","Toxic Egg 2","Whetstone"],"potions_floor_usage":[27],"damage_taken":[{"damage":12,"enemies":"Small Slimes","floor":1,"turns":3},{"damage":0,"enemies":"2 Louse","floor":4,"turns":2},{"damage":1,"enemies":"Cultist","floor":5,"turns":3},{"damage":40,"enemies":"3 Sentries","floor":6,"turns":8},{"damage":22,"enemies":"Large Slime","floor":8,"turns":5},{"damage":7,"enemies":"Blue Slaver","floor":10,"turns":2},{"damage":25,"enemies":"3 Louse","floor":12,"turns":3},{"damage":14,"enemies":"Lagavulin","floor":13,"turns":7},{"damage":7,"enemies":"Slime Boss","floor":16,"turns":5},{"damage":1,"enemies":"Shell Parasite","floor":18,"turns":4},{"damage":8,"enemies":"Spheric Guardian","floor":22,"turns":3},{"damage":35,"enemies":"Gremlin Leader","floor":24,"turns":6},{"damage":13,"enemies":"Snake Plant","floor":27,"turns":3},{"damage":11,"enemies":"Chosen and Byrds","floor":30,"turns":4}],"seed_played":"4471555302371682157","potions_obtained":[{"floor":1,"key":"Energy Potion"},{"floor":4,"key":"EssenceOfSteel"},{"floor":5,"key":"Explosive Potion"},{"floor":18,"key":"SkillPotion"}],"is_trial":false,"path_per_floor":["?","?","?","?","?","M","?","?"],"character_chosen":"DEFECT","items_purchased":["Ice Cream","Toxic Egg 2"],"campfire_rested":3,"item_purchase_floors":[14,25],"current_hp_per_floor":[70,63,63,63,62,22,61,39,39,32,71,46,32,32,71,64,82,81,65,65,57,49,49,14,14,14,1,1,1,0],"gold":5,"neow_bonus":"TEN_PERCENT_HP_BONUS","is_prod":false,"is_daily":false,"chose_seed":false,"campfire_upgraded":1,"win_rate":0.0,"timestamp":1559397230,"path_taken":["M","?","?","M","M","E","R","M","T","M","R","M","E","$","R","BOSS","M","?","?","?","M","R","E","$","T","?","?","?","M"],"build_version":"2019-01-23","purchased_purges":0,"victory":false,"max_hp_per_floor":[82,82,82,82,82,82,82,82,82,82,82,82,82,82,82,82,82,82,87,87,87,87,87,87,87,87,87,60,60,60],"card_choices":[{"not_picked":["Scrape","Chaos"],"picked":"Beam Cell","floor":1},{"not_picked":["Hologram","Coolheaded"],"picked":"Gash","floor":4},{"not_picked":["Coolheaded","Streamline"],"picked":"Gash","floor":5},{"not_picked":["Conserve Battery","Compile Driver"],"picked":"Fusion","floor":6},{"not_picked":["Go for the Eyes","Compile Driver"],"picked":"Electrodynamics","floor":8},{"not_picked":["Steam","Go for the Eyes","Skim"],"picked":"Reinforced Body","floor":10},{"not_picked":["Compile Driver","Go for the Eyes","Sweeping Beam"],"picked":"Chaos","floor":12},{"not_picked":["Steam","Conserve Battery","Chaos"],"picked":"Compile Driver","floor":13},{"not_picked":["Biased Cognition","Electrodynamics","Thunder Strike"],"picked":"All For One","floor":16},{"not_picked":["Streamline","Coolheaded","Hologram"],"picked":"Steam","floor":17},{"not_picked":["Hologram","Auto Shields","Sweeping Beam"],"picked":"Streamline","floor":17},{"not_picked":["Tempest","Coolheaded","Fission"],"picked":"Gash","floor":17},{"not_picked":["Glacier","Hologram","Tempest"],"picked":"Chill","floor":17},{"not_picked":["Hologram","Glacier","Beam Cell"],"picked":"Compile Driver","floor":17},{"not_picked":["Hologram","Rip and Tear","Redo"],"picked":"Genetic Algorithm","floor":18},{"not_picked":["Reinforced Body+1","Beam Cell","Melter+1"],"picked":"Hologram+1","floor":22},{"not_picked":["Creative AI","Streamline","Cold Snap"],"picked":"Redo+1","floor":24},{"not_picked":["Sweeping Beam","Blizzard","Redo+1"],"picked":"Stack+1","floor":27}],"player_experience":13125,"relics_obtained":[{"floor":6,"key":"Regal Pillow"},{"floor":9,"key":"Question Card"},{"floor":13,"key":"War Paint"},{"floor":24,"key":"Mummified Hand"},{"floor":26,"key":"Whetstone"}],"event_choices":[{"damage_healed":0,"gold_gain":0,"player_choice":"Success","damage_taken":7,"relics_obtained":["Incense Burner"],"max_hp_gain":0,"max_hp_loss":0,"event_name":"Scrap Ooze","floor":2,"gold_loss":0},{"damage_healed":0,"gold_gain":0,"cards_transformed":["Defend_B"],"player_choice":"Change","damage_taken":0,"max_hp_gain":0,"max_hp_loss":0,"event_name":"Living Wall","floor":3,"gold_loss":0,"cards_obtained":["Double Energy"]},{"damage_healed":0,"gold_gain":0,"player_choice":"Shed Blood","damage_taken":21,"max_hp_gain":5,"max_hp_loss":0,"event_name":"Forgotten Altar","floor":19,"gold_loss":0},{"damage_healed":0,"gold_gain":0,"player_choice":"Opened","damage_taken":0,"relics_obtained":["Centennial Puzzle"],"max_hp_gain":0,"max_hp_loss":0,"event_name":"The Mausoleum","floor":20,"gold_loss":0},{"damage_healed":0,"gold_gain":75,"player_choice":"Touch","damage_taken":8,"max_hp_gain":0,"max_hp_loss":0,"event_name":"FaceTrader","floor":21,"gold_loss":0},{"damage_healed":0,"gold_gain":0,"player_choice":"Became a vampire","damage_taken":0,"max_hp_gain":0,"max_hp_loss":27,"event_name":"Vampires","floor":28,"gold_loss":0,"cards_obtained":["Bite","Bite","Bite","Bite","Bite"]},{"cards_removed":["Defend_B"],"damage_healed":0,"gold_gain":0,"player_choice":"Gave Gold","damage_taken":0,"max_hp_gain":0,"max_hp_loss":0,"event_name":"Beggar","floor":29,"gold_loss":75}],"is_beta":false,"boss_relics":[{"not_picked":["Lizard Tail","Cursed Key"],"picked":"Orrery"}],"items_purged_floors":[],"is_endless":false,"potions_floor_spawned":[1,4,5,18],"killed_by":"Chosen and Byrds","ascension_level":0}