{"gold_per_floor":[109,109,129,129,18,18,33,33,59,102,114,152,164,194,206,289,301,326,338,350,412,394,406,431,458,470,482,246,265,52,68,68,141,141,153,73,73,26,26,26,26,26,99,16,16,30,95,110,110,110],"floor_reached":50,"playtime":3101,"items_purged":["Defend_G"],"score":946,"play_id":"73cbb1b7-dd68-4d26-a862-6775e1f20351","local_time":"20190404120927","is_ascension_mode":true,"campfire_choices":[{"data":"Poisoned Stab","floor":6,"key":"SMITH"},{"data":"Footwork","floor":11,"key":"SMITH"},{"floor":13,"key":"REST"},{"floor":15,"key":"REST"},{"data":"Venomology","floor":23,"key":"SMITH"},{"data":"Cloak And Dagger","floor":27,"key":"SMITH"},{"data":"Crippling Poison","floor":32,"key":"SMITH"},{"data":"Storm of Steel","floor":40,"key":"SMITH"},{"data":"Survivor","floor":42,"key":"SMITH"},{"data":"Deadly Poison","floor":49,"key":"SMITH"}],"neow_cost":"TEN_PERCENT_HP_LOSS","seed_source_timestamp":569989538140794,"circlet_count":0,"master_deck":["AscendersBane","Defend_G","Defend_G","Defend_G","Defend_G","Survivor+1","Neutralize+1","Deadly Poison+1","PiercingWail","Crippling Poison+1","Footwork+1","Well Laid Plans","Venomology+1","Cloak And Dagger+1","Bite","Bite","Bite","Bite","Bite","Well Laid Plans+1","Storm of Steel+1","Flash of Steel"],"relics":["Ring of the Snake","Dead Branch","Dodecahedron","MawBank","Lantern","Bag of Marbles","White Beast Statue","MutagenicStrength","Bottled Flame","Art of War","Membership Card","Eternal Feather","Anchor","Mango","Gremlin Horn","Pen Nib","SsserpentHead"],"potions_floor_usage":[12,16,16,22,24,25,25,29,31,33,33,47,48,48,48,50],"damage_taken":[{"damage":7,"enemies":"Small Slimes","floor":1,"turns":4},{"damage":1,"enemies":"2 Louse","floor":3,"turns":3},{"damage":0,"enemies":"Jaw Worm","floor":7,"turns":2},{"damage":26,"enemies":"3 Sentries","floor":10,"turns":8},{"damage":21,"enemies":"Lagavulin","floor":12,"turns":6},{"damage":2,"enemies":"3 Louse","floor":14,"turns":4},{"damage":16,"enemies":"Slime Boss","floor":16,"turns":6},{"damage":25,"enemies":"Shell Parasite","floor":18,"turns":6},{"damage":11,"enemies":"2 Thieves","floor":22,"turns":4},{"damage":9,"enemies":"Sentry and Sphere","floor":24,"turns":6},{"damage":0,"enemies":"Centurion and Healer","floor":25,"turns":3},{"damage":2,"enemies":"Snecko","floor":29,"turns":4},{"damage":9,"enemies":"Shelled Parasite and Fungi","floor":31,"turns":10},{"damage":51,"enemies":"Collector","floor":33,"turns":15},{"damage":4,"enemies":"Orb Walker","floor":35,"turns":3},{"damage":0,"enemies":"3 Shapes","floor":46,"turns":4},{"damage":24,"enemies":"Sphere and 2 Shapes","floor":47,"turns":6},{"damage":10,"enemies":"Maw","floor":48,"turns":9},{"damage":64,"enemies":"Time Eater","floor":50,"turns":5}],"seed_played":"8538220574040369802","potions_obtained":[{"floor":10,"key":"SkillPotion"},{"floor":12,"key":"PowerPotion"},{"floor":16,"key":"Regen Potion"},{"floor":18,"key":"Dexterity Potion"},{"floor":22,"key":"EssenceOfSteel"},{"floor":25,"key":"SkillPotion"},{"floor":29,"key":"EssenceOfSteel"},{"floor":33,"key":"Block Potion"},{"floor":35,"key":"Regen Potion"}],"is_trial":false,"path_per_floor":["M","?","M","?","$","R","M","?","T","E","R","E","R","M","R","B",null,"M","?","?","?","M","R","M","M","T","R","$","M","$","M","R","B",null,"M","$","?","$","$","R","T","R","T","$","?","M","M","M","R","B"],"character_chosen":"THE_SILENT","items_purchased":["Fire Potion","Poisoned Stab","Art of War","Membership Card","Anchor","Flash of Steel","Pen Nib"],"campfire_rested":2,"item_purchase_floors":[5,5,28,30,36,38,44],"current_hp_per_floor":[52,52,51,51,51,51,51,51,51,25,25,4,22,20,38,22,51,26,26,26,26,39,39,42,42,42,42,42,42,42,42,42,10,34,36,36,36,36,36,42,56,56,56,56,56,56,46,48,56,0],"gold":110,"neow_bonus":"ONE_RARE_RELIC","is_prod":false,"is_daily":false,"chose_seed":false,"campfire_upgraded":8,"win_rate":0,"timestamp":1554401367,"path_taken":["M","?","M","?","?","R","M","?","T","E","R","E","R","M","R","BOSS","M","?","?","?","M","R","M","?","T","R","$","M","?","M","R","BOSS","M","$","?","?","$","R","?","R","T","?","?","M","?","M","R","BOSS"],"build_version":"2019-01-23","purchased_purges":1,"victory":false,"max_hp_per_floor":[60,60,60,60,60,60,60,60,60,60,60,60,60,60,60,60,60,60,42,42,42,42,42,42,42,42,42,42,42,42,42,42,42,42,42,42,42,42,42,42,56,56,56,56,56,56,56,56,56,56],"card_choices":[{"not_picked":["Outmaneuver","Riddle With Holes"],"picked":"Deadly Poison","floor":1},{"not_picked":["Flying Knee","Caltrops"],"picked":"PiercingWail","floor":3},{"not_picked":["Riddle With Holes","Catalyst"],"picked":"Crippling Poison","floor":7},{"not_picked":["Cloak And Dagger","Finisher"],"picked":"Footwork","floor":10},{"not_picked":["Concentrate","Outmaneuver"],"picked":"Well Laid Plans","floor":12},{"not_picked":["Tactician","Backflip","Terror"],"picked":"SKIP","floor":14},{"not_picked":["Bullet Time","Unload"],"picked":"Venomology","floor":16},{"not_picked":["Acrobatics","Bane"],"picked":"Cloak And Dagger","floor":18},{"not_picked":["Poisoned Stab","Unload"],"picked":"Well Laid Plans+1","floor":22},{"not_picked":["Outmaneuver","Cloak And Dagger","Flying Knee"],"picked":"SKIP","floor":24},{"not_picked":["Bane","Flying Knee","Terror"],"picked":"SKIP","floor":25},{"not_picked":["Noxious Fumes","Slice","Dagger Throw"],"picked":"SKIP","floor":29},{"not_picked":["Reflex","Escape Plan","Underhanded Strike+1"],"picked":"SKIP","floor":31},{"not_picked":["Glass Knife","Die Die Die"],"picked":"Storm of Steel","floor":33},{"not_picked":["Quick Slash","Deadly Poison","Predator"],"picked":"SKIP","floor":35},{"not_picked":["Quick Slash","Eviscerate","Backflip"],"picked":"SKIP","floor":46},{"not_picked":["All Out Attack","Backflip+1","Prepared+1"],"picked":"SKIP","floor":47},{"not_picked":["Poisoned Stab","Slice","Dagger Throw"],"picked":"SKIP","floor":48}],"player_experience":445884,"relics_obtained":[{"floor":9,"key":"MawBank"},{"floor":10,"key":"Lantern"},{"floor":12,"key":"Bag of Marbles"},{"floor":26,"key":"Bottled Flame"},{"floor":41,"key":"Mango"},{"floor":43,"key":"Gremlin Horn"}],"event_choices":[{"damage_healed":0,"gold_gain":0,"player_choice":"Grow","damage_taken":0,"max_hp_gain":0,"max_hp_loss":0,"event_name":"Living Wall","floor":2,"gold_loss":0,"cards_upgraded":["Neutralize"]},{"damage_healed":0,"gold_gain":0,"player_choice":"Ignored","damage_taken":0,"max_hp_gain":0,"max_hp_loss":0,"event_name":"Liars Game","floor":4,"gold_loss":0},{"cards_removed":["Poisoned Stab"],"damage_healed":0,"gold_gain":0,"player_choice":"Gave Card","damage_taken":0,"relics_obtained":["Dodecahedron"],"max_hp_gain":0,"max_hp_loss":0,"event_name":"WeMeetAgain","floor":8,"gold_loss":0},{"damage_healed":0,"gold_gain":0,"player_choice":"Became a vampire","damage_taken":0,"max_hp_gain":0,"max_hp_loss":18,"event_name":"Vampires","floor":19,"gold_loss":0,"cards_obtained":["Bite","Bite","Bite","Bite","Bite"]},{"damage_healed":0,"gold_gain":0,"player_choice":"Inject Mutagens","damage_taken":0,"relics_obtained":["MutagenicStrength"],"max_hp_gain":0,"max_hp_loss":0,"event_name":"Drug Dealer","floor":20,"gold_loss":0},{"damage_healed":0,"gold_gain":50,"player_choice":"Pray","damage_taken":0,"max_hp_gain":0,"max_hp_loss":0,"event_name":"Golden Shrine","floor":21,"gold_loss":0},{"damage_healed":0,"gold_gain":0,"player_choice":"Ignored","damage_taken":0,"max_hp_gain":0,"max_hp_loss":0,"event_name":"SecretPortal","floor":37,"gold_loss":0},{"damage_healed":0,"gold_gain":0,"player_choice":"Trade","damage_taken":0,"relics_obtained":["SsserpentHead"],"max_hp_gain":0,"max_hp_loss":0,"event_name":"FaceTrader","floor":45,"gold_loss":0}],"is_beta":false,"boss_relics":[{"not_picked":["Philosopher\u0027s Stone","HoveringKite"],"picked":"White Beast Statue"},{"not_picked":["Orrery","Empty Cage"],"picked":"Eternal Feather"}],"items_purged_floors":[28],"is_endless":false,"potions_floor_spawned":[10,12,16,18,22,24,25,29,31,33,35,46,47,48],"killed_by":"Time Eater","ascension_level":20}