{"gold_per_floor":[112,67,87,87,52,52,82,159,237,271,32,32,32,32,32,127,127,143,161,161,177,177,177,191,208,208,208,223,233,233,259,271,384,396,422,434,446,478,502,514,557,569,881,893,918,930,958,298,298,298],"floor_reached":51,"playtime":1711,"items_purged":["Strike_R"],"score":933,"play_id":"68b64b0e-39f0-454c-aa3a-739982662235","local_time":"20181027174839","is_ascension_mode":true,"campfire_choices":[{"data":"Twin Strike","floor":6,"key":"SMITH"},{"data":"Offering","floor":12,"key":"SMITH"},{"data":"Bash","floor":15,"key":"SMITH"},{"data":"RitualDagger","floor":23,"key":"SMITH"},{"data":"Feed","floor":30,"key":"SMITH"},{"data":"Shrug It Off","floor":32,"key":"SMITH"},{"data":"Feed","floor":40,"key":"SMITH"},{"floor":42,"key":"REST"},{"floor":44,"key":"REST"},{"data":"Strike_R","floor":46,"key":"SMITH"},{"floor":49,"key":"REST"}],"neow_cost":"NONE","seed_source_timestamp":28619979011729,"circlet_count":0,"master_deck":["Strike_R","Strike_R","Strike_R+1","Strike_R+1","Defend_R","Defend_R","Defend_R","Defend_R","Bash+1","Flex+1","Twin Strike+1","Iron Wave+1","Offering+1","Demon Form+1","Armaments+1","Shrug It Off+1","Sword Boomerang+1","RitualDagger+1","Feed+1","Feed+1","Inflame+1","Limit Break+1","Armaments+1","Parasite","Thunderclap+1","Good Instincts","Secret Technique"],"relics":["Burning Blood","NeowsBlessing","Letter Opener","Question Card","Frozen Egg 2","Mango","Meat on the Bone","Ancient Tea Set","Busted Crown","Matryoshka","MawBank","Philosopher\u0027s Stone","Nunchaku","Mummified Hand","Old Coin","Paper Frog"],"potions_floor_usage":[24,24,33,33,41,50,50,50],"damage_taken":[{"damage":0,"enemies":"2 Louse","floor":1,"turns":1},{"damage":0,"enemies":"Cultist","floor":3,"turns":1},{"damage":0,"enemies":"Lagavulin","floor":7,"turns":1},{"damage":27,"enemies":"Gremlin Nob","floor":10,"turns":4},{"damage":60,"enemies":"The Guardian","floor":16,"turns":12},{"damage":10,"enemies":"Spheric Guardian","floor":18,"turns":3},{"damage":8,"enemies":"3 Byrds","floor":19,"turns":4},{"damage":46,"enemies":"Snecko","floor":21,"turns":5},{"damage":8,"enemies":"Shelled Parasite and Fungi","floor":24,"turns":4},{"damage":10,"enemies":"Centurion and Healer","floor":25,"turns":5},{"damage":7,"enemies":"3 Cultists","floor":28,"turns":5},{"damage":28,"enemies":"Snake Plant","floor":29,"turns":3},{"damage":19,"enemies":"Gremlin Leader","floor":31,"turns":5},{"damage":21,"enemies":"Collector","floor":33,"turns":7},{"damage":12,"enemies":"3 Shapes","floor":35,"turns":4},{"damage":20,"enemies":"Orb Walker","floor":38,"turns":3},{"damage":14,"enemies":"Writhing Mass","floor":39,"turns":3},{"damage":54,"enemies":"Reptomancer","floor":41,"turns":6},{"damage":22,"enemies":"Jaw Worm Horde","floor":45,"turns":3},{"damage":31,"enemies":"4 Shapes","floor":47,"turns":5},{"damage":85,"enemies":"Donu and Deca","floor":50,"turns":8}],"seed_played":"6608560830040895033","potions_obtained":[{"floor":7,"key":"Block Potion"},{"floor":16,"key":"SpeedPotion"},{"floor":19,"key":"Block Potion"},{"floor":24,"key":"Weak Potion"},{"floor":31,"key":"Block Potion"},{"floor":35,"key":"SkillPotion"},{"floor":38,"key":"Ancient Potion"}],"is_trial":false,"path_per_floor":["M","$","M","?","?","R","E","T","T","E","$","R","?","T","R","B",null,"M","M","?","M","?","R","M","M","T","?","M","M","R","E","R","B",null,"M","$","?","M","M","R","E","R","T","R","M","R","M","$","R","B"],"character_chosen":"IRONCLAD","items_purchased":["Flex","Meat on the Bone","Paper Frog","EssenceOfSteel","Good Instincts","Secret Technique"],"campfire_rested":3,"item_purchase_floors":[2,11,48,48,48,48],"current_hp_per_floor":[80,80,80,64,80,80,80,80,80,73,73,73,73,73,73,31,94,90,88,88,60,54,54,64,60,60,60,62,52,52,51,51,48,97,94,94,94,80,75,75,39,69,69,99,87,87,66,66,99,32],"gold":298,"neow_bonus":"THREE_ENEMY_KILL","is_prod":false,"is_daily":false,"chose_seed":false,"campfire_upgraded":8,"win_rate":0,"timestamp":1540622919,"path_taken":["M","$","M","?","?","R","E","?","T","E","$","R","?","?","R","BOSS","M","M","?","M","?","R","M","M","T","?","?","M","R","E","R","BOSS","M","$","?","M","M","R","E","R","T","R","M","R","M","$","R","BOSS"],"build_version":"2018-10-25v2","purchased_purges":1,"victory":true,"max_hp_per_floor":[80,80,80,80,80,80,80,80,80,94,94,94,94,94,94,94,94,94,94,94,94,94,94,94,94,94,94,97,97,97,97,97,97,97,100,100,100,100,103,103,103,103,103,103,107,107,111,111,111,111],"card_choices":[{"not_picked":["Perfected Strike","Body Slam","Bloodletting"],"picked":"SKIP","floor":1},{"not_picked":["Pummel","Shrug It Off"],"picked":"Twin Strike","floor":3},{"not_picked":["Wild Strike","Clothesline"],"picked":"Iron Wave","floor":7},{"not_picked":["Body Slam","Sentinel","Battle Trance"],"picked":"Offering","floor":10},{"not_picked":["Berserk+1","Fiend Fire","Impervious"],"picked":"Demon Form+1","floor":16},{"not_picked":["Infernal Blade"],"picked":"Armaments+1","floor":18},{"not_picked":["Body Slam","Twin Strike"],"picked":"SKIP","floor":19},{"not_picked":["Heavy Blade"],"picked":"Sword Boomerang+1","floor":21},{"not_picked":["Shrug It Off"],"picked":"Feed","floor":24},{"not_picked":["Power Through","True Grit"],"picked":"SKIP","floor":25},{"not_picked":["Headbutt"],"picked":"Inflame+1","floor":28},{"not_picked":["Sever Soul","Warcry"],"picked":"SKIP","floor":29},{"not_picked":["Clash","True Grit"],"picked":"SKIP","floor":31},{"not_picked":["Double Tap"],"picked":"Limit Break","floor":33},{"not_picked":["Evolve+1","Sword Boomerang+1"],"picked":"SKIP","floor":35},{"not_picked":["True Grit"],"picked":"Armaments+1","floor":38},{"not_picked":["Uppercut+1","Armaments"],"picked":"SKIP","floor":39},{"not_picked":["Fiend Fire"],"picked":"Thunderclap+1","floor":41},{"not_picked":["Sword Boomerang+1","Thunderclap"],"picked":"SKIP","floor":45},{"not_picked":["Flex","Sword Boomerang"],"picked":"SKIP","floor":47}],"player_experience":128850,"relics_obtained":[{"floor":7,"key":"Letter Opener"},{"floor":8,"key":"Question Card"},{"floor":9,"key":"Frozen Egg 2"},{"floor":10,"key":"Mango"},{"floor":14,"key":"Ancient Tea Set"},{"floor":26,"key":"Matryoshka"},{"floor":31,"key":"MawBank"},{"floor":41,"key":"Nunchaku"},{"floor":43,"key":"Mummified Hand"},{"floor":43,"key":"Old Coin"}],"event_choices":[{"damage_healed":0,"gold_gain":0,"player_choice":"Entered Light","damage_taken":16,"max_hp_gain":0,"max_hp_loss":0,"event_name":"Shining Light","floor":4,"gold_loss":0,"cards_upgraded":["Strike_R","Flex"]},{"damage_healed":20,"gold_gain":0,"player_choice":"Healed","damage_taken":0,"max_hp_gain":0,"max_hp_loss":0,"event_name":"The Cleric","floor":5,"gold_loss":35},{"damage_healed":0,"gold_gain":0,"player_choice":"Grow","damage_taken":0,"max_hp_gain":0,"max_hp_loss":0,"event_name":"Living Wall","floor":13,"gold_loss":0,"cards_upgraded":["Iron Wave"]},{"damage_healed":0,"gold_gain":0,"player_choice":"Read","damage_taken":0,"max_hp_gain":0,"max_hp_loss":0,"event_name":"The Library","floor":20,"gold_loss":0,"cards_obtained":["Shrug It Off"]},{"damage_healed":0,"gold_gain":0,"player_choice":"Joined the Cult","damage_taken":6,"max_hp_gain":0,"max_hp_loss":0,"event_name":"Nest","floor":22,"gold_loss":0,"cards_obtained":["RitualDagger"]},{"damage_healed":0,"gold_gain":0,"player_choice":"1 cards matched","damage_taken":0,"max_hp_gain":0,"max_hp_loss":0,"event_name":"Match and Keep!","floor":27,"gold_loss":0,"cards_obtained":["Feed"]},{"damage_healed":0,"gold_gain":0,"player_choice":"Upgraded","damage_taken":0,"max_hp_gain":0,"max_hp_loss":0,"event_name":"Upgrade Shrine","floor":37,"gold_loss":0,"cards_upgraded":["Limit Break"]}],"is_beta":true,"boss_relics":[{"not_picked":["Cursed Key","Tiny House"],"picked":"Busted Crown"},{"not_picked":["Empty Cage","Sozu"],"picked":"Philosopher\u0027s Stone"}],"items_purged_floors":[48],"is_endless":false,"potions_floor_spawned":[7,16,19,24,31,35,38],"ascension_level":3}