{"path_per_floor":["M","?","M","?","M","R","M","R","T","E","?","R","M","E","R","B",null,"M","?","$","?","?","R","E","R","T","$","?","R","M","M","R","B",null,"M","$","M","$","M","R","E","$","T","R","E","M","R","M","R","B"],"character_chosen":"IRONCLAD","items_purchased":["Kunai","Double Tap"],"gold_per_floor":[111,111,122,122,135,135,154,154,181,216,216,216,231,264,264,367,367,383,383,308,231,181,181,208,208,281,181,181,181,195,208,208,305,305,318,318,338,98,117,117,150,1,83,83,117,134,134,144,144,144],"floor_reached":51,"campfire_rested":1,"playtime":1842,"item_purchase_floors":[38,42],"current_hp_per_floor":[80,80,80,85,85,85,83,83,83,69,69,69,71,63,63,38,85,80,80,80,80,80,80,63,63,73,73,73,73,74,36,65,54,99,80,80,88,88,89,89,109,109,109,109,67,86,86,92,92,59],"items_purged":["Writhe","Defend_R+1"],"gold":144,"score":841,"play_id":"ea4000df-1e15-4968-a7f5-000f3207a6cf","local_time":"20180601213205","is_prod":false,"is_daily":false,"chose_seed":false,"is_ascension_mode":true,"campfire_upgraded":11,"win_rate":0,"timestamp":1527852725,"campfire_choices":[{"data":"Limit Break","floor":6,"key":"SMITH"},{"data":"Shrug It Off","floor":8,"key":"SMITH"},{"data":"Iron Wave","floor":12,"key":"SMITH"},{"data":"Whirlwind","floor":15,"key":"SMITH"},{"data":"J.A.X.","floor":23,"key":"SMITH"},{"data":"Feed","floor":25,"key":"SMITH"},{"data":"Pummel","floor":29,"key":"SMITH"},{"floor":32,"key":"REST"},{"data":"Heavy Blade","floor":40,"key":"SMITH"},{"data":"Double Tap","floor":44,"key":"SMITH"},{"data":"Impervious","floor":47,"key":"SMITH"},{"data":"Bash","floor":49,"key":"SMITH"}],"path_taken":["M","?","M","?","M","R","M","R","T","E","?","R","?","E","R","BOSS","M","?","$","?","?","R","E","R","T","$","?","R","M","M","R","BOSS","M","$","M","$","M","R","E","$","T","R","E","M","R","M","R","BOSS"],"build_version":"2018-05-30v2","seed_source_timestamp":43007318566171,"purchased_purges":2,"victory":true,"master_deck":["Strike_R","Strike_R","Strike_R","Strike_R","Defend_R","Defend_R+1","Defend_R","Bash+1","Limit Break+1","Iron Wave+1","Shrug It Off+1","Barricade+1","Whirlwind+1","Shrug It Off","Feed+1","J.A.X.+1","Impervious+1","Pummel+1","Heavy Blade+1","Reaper","Double Tap+1"],"max_hp_per_floor":[80,80,80,85,85,85,85,85,85,85,85,85,85,85,85,85,85,87,87,87,87,87,87,87,87,97,97,97,97,97,99,99,99,99,101,101,103,103,105,105,121,121,121,121,127,129,129,131,131,135],"relics":["Burning Blood","Vajra","Singing Bowl","War Paint","Mark of Pain","Bag of Marbles","Unceasing Top","Pear","Philosopher\u0027s Stone","Kunai","Mango","Paper Frog","Charon\u0027s Ashes"],"card_choices":[{"not_picked":["Warcry","Intimidate","Sword Boomerang"],"picked":"SKIP","floor":1},{"not_picked":["Havoc","Ghostly Armor"],"picked":"Iron Wave","floor":3},{"not_picked":["Evolve","Reckless Charge","True Grit"],"picked":"SKIP","floor":5},{"not_picked":["Dropkick","Dual Wield"],"picked":"Shrug It Off","floor":7},{"not_picked":["Bloodletting","Disarm"],"picked":"Barricade","floor":10},{"not_picked":["Flex","Burning Pact"],"picked":"Whirlwind","floor":13},{"not_picked":["Uppercut","Iron Wave"],"picked":"Shrug It Off","floor":14},{"not_picked":["Double Tap","Limit Break"],"picked":"Feed","floor":16},{"not_picked":["Sword Boomerang","Rupture+1","Shrug It Off"],"picked":"Singing Bowl","floor":18},{"not_picked":["Spot Weakness","Havoc"],"picked":"Impervious","floor":24},{"not_picked":["Dual Wield","Pommel Strike"],"picked":"Heavy Blade","floor":30},{"not_picked":["Second Wind","Heavy Blade+1","Body Slam"],"picked":"Singing Bowl","floor":31},{"not_picked":["Barricade","Dark Embrace"],"picked":"Reaper","floor":33},{"not_picked":["Battle Trance","Sever Soul","Havoc"],"picked":"Singing Bowl","floor":35},{"not_picked":["Pommel Strike","Flex+1","Burning Pact"],"picked":"Singing Bowl","floor":37},{"not_picked":["Cleave+1","Flex","Armaments+1"],"picked":"Singing Bowl","floor":39},{"not_picked":["Twin Strike","Bloodletting","Hemokinesis"],"picked":"Singing Bowl","floor":41},{"not_picked":["Rampage","Power Through","Headbutt+1"],"picked":"Singing Bowl","floor":45},{"not_picked":["Carnage","Iron Wave+1","Flex+1"],"picked":"Singing Bowl","floor":46},{"not_picked":["Clash+1","Iron Wave+1","Entrench"],"picked":"Singing Bowl","floor":48}],"player_experience":44788,"potions_floor_usage":[14,14,37,50,50],"damage_taken":[{"damage":3,"enemies":"2 Louse","floor":1,"turns":3},{"damage":1,"enemies":"Cultist","floor":3,"turns":3},{"damage":1,"enemies":"Jaw Worm","floor":5,"turns":5},{"damage":8,"enemies":"Blue Slaver","floor":7,"turns":5},{"damage":20,"enemies":"Lagavulin","floor":10,"turns":7},{"damage":4,"enemies":"Looter","floor":13,"turns":5},{"damage":14,"enemies":"Gremlin Nob","floor":14,"turns":3},{"damage":31,"enemies":"Hexaghost","floor":16,"turns":14},{"damage":13,"enemies":"Chosen","floor":18,"turns":5},{"damage":23,"enemies":"Slavers","floor":24,"turns":3},{"damage":5,"enemies":"Spheric Guardian","floor":30,"turns":5},{"damage":46,"enemies":"Cultist and Chosen","floor":31,"turns":7},{"damage":17,"enemies":"Collector","floor":33,"turns":6},{"damage":27,"enemies":"3 Darklings","floor":35,"turns":6},{"damage":18,"enemies":"Flame Bruiser 1 Orb","floor":37,"turns":6},{"damage":19,"enemies":"Maw","floor":39,"turns":7},{"damage":3,"enemies":"Nemesis","floor":41,"turns":7},{"damage":66,"enemies":"2 Orb Walkers","floor":45,"turns":5},{"damage":3,"enemies":"Transient","floor":46,"turns":5},{"damage":26,"enemies":"Flame Bruiser 2 Orb","floor":48,"turns":6},{"damage":67,"enemies":"Awakened One","floor":50,"turns":8}],"relics_obtained":[{"floor":9,"key":"Vajra"},{"floor":10,"key":"Singing Bowl"},{"floor":14,"key":"War Paint"},{"floor":24,"key":"Unceasing Top"},{"floor":26,"key":"Pear"},{"floor":41,"key":"Mango"},{"floor":43,"key":"Paper Frog"},{"floor":45,"key":"Charon\u0027s Ashes"}],"event_choices":[{"event_name":"Wheel of Change","player_choice":"Card Removal","floor":2,"damage_taken":0},{"event_name":"Big Fish","player_choice":"Donut","floor":4,"damage_taken":0},{"event_name":"Living Wall","player_choice":"Grow","floor":11,"damage_taken":0},{"event_name":"The Mausoleum","player_choice":"Yes","floor":19,"damage_taken":0},{"event_name":"Drug Dealer","player_choice":"Got JAXXED","floor":21,"damage_taken":0},{"event_name":"The Joust","player_choice":"Bet on Owner","floor":22,"damage_taken":0},{"event_name":"The Library","player_choice":"Read","floor":28,"damage_taken":0}],"boss_relics":[{"not_picked":["Lizard Tail","Runic Dome"],"picked":"Mark of Pain"},{"not_picked":["Calling Bell","Velvet Choker"],"picked":"Philosopher\u0027s Stone"}],"items_purged_floors":[20,27],"potions_floor_spawned":[3,7,16,30,33,37,41,45,46,48],"seed_played":"5722182305010570670","ascension_level":1,"potions_obtained":[{"floor":3,"key":"Energy Potion"},{"floor":7,"key":"Strength Potion"},{"floor":16,"key":"LiquidBronze"},{"floor":30,"key":"Swift Potion"},{"floor":33,"key":"FearPotion"},{"floor":37,"key":"Ancient Potion"},{"floor":41,"key":"Fire Potion"},{"floor":45,"key":"Energy Potion"}],"is_trial":false}