{"gold_per_floor":[363,376,387,399,83,112,112,140,164,182,39,39,54,66,66,171,171,185,195,195,210,225,225,7,7,7,40,53,53,66,66,66,169,169,182,182,182,202,220,220,495,524,524,539,558,231,243,256,256,256],"floor_reached":50,"playtime":2620,"items_purged":["Strike_B","Strike_B"],"score":637,"play_id":"51d5769a-e6fc-4465-8db0-f8304c1258ac","local_time":"20190604213101","is_ascension_mode":true,"campfire_choices":[{"floor":7.0,"key":"REST"},{"data":"Go for the Eyes","floor":12.0,"key":"SMITH"},{"floor":15.0,"key":"REST"},{"data":"Machine Learning","floor":23.0,"key":"SMITH"},{"data":"Sunder","floor":25.0,"key":"SMITH"},{"floor":29.0,"key":"REST"},{"floor":32.0,"key":"REST"},{"floor":40,"key":"RECALL"},{"floor":49,"key":"REST"}],"neow_cost":"PERCENT_DAMAGE","seed_source_timestamp":350781762675605,"circlet_count":0,"master_deck":["Defend_B","Defend_B","Defend_B","Defend_B","Zap+1","Dualcast+1","Cold Snap","Ball Lightning","Melter","Sunder+1","Go for the Eyes+1","Capacitor","Leap","Machine Learning+1","Doom and Gloom","BootSequence","Core Surge","Coolheaded","White Noise+1","Leap+1","Defragment"],"special_seed":0,"relics":["Cracked Core","Mercury Hourglass","Singing Bowl","War Paint","Bronze Scales","Empty Cage","Oddly Smooth Stone","PreservedInsect","FossilizedHelix","Omamori","Lantern","Runic Pyramid","Symbiotic Virus","Strawberry"],"potions_floor_usage":[42,42,45,47,50,50],"damage_taken":[{"damage":0.0,"enemies":"Cultist","floor":1.0,"turns":4.0},{"damage":0.0,"enemies":"2 Louse","floor":2.0,"turns":3.0},{"damage":7.0,"enemies":"Jaw Worm","floor":3.0,"turns":3.0},{"damage":5.0,"enemies":"Looter","floor":4.0,"turns":3.0},{"damage":16.0,"enemies":"Gremlin Nob","floor":6.0,"turns":3.0},{"damage":26.0,"enemies":"Lagavulin","floor":8.0,"turns":5.0},{"damage":0.0,"enemies":"Lots of Slimes","floor":10.0,"turns":3.0},{"damage":13.0,"enemies":"Exordium Wildlife","floor":13.0,"turns":3.0},{"damage":7.0,"enemies":"2 Fungi Beasts","floor":14.0,"turns":2.0},{"damage":19.0,"enemies":"The Guardian","floor":16.0,"turns":9.0},{"damage":0.0,"enemies":"Chosen","floor":18.0,"turns":4.0},{"damage":15.0,"enemies":"2 Thieves","floor":19.0,"turns":3.0},{"damage":14.0,"enemies":"Snecko","floor":21.0,"turns":7.0},{"damage":0.0,"enemies":"Sentry and Sphere","floor":22.0,"turns":3.0},{"damage":38.0,"enemies":"Slavers","floor":27.0,"turns":3.0},{"damage":12.0,"enemies":"Snake Plant","floor":28.0,"turns":3.0},{"damage":7.0,"enemies":"Centurion and Healer","floor":30.0,"turns":6.0},{"damage":45.0,"enemies":"Collector","floor":33.0,"turns":11.0},{"damage":9.0,"enemies":"3 Darklings","floor":35.0,"turns":4.0},{"damage":0.0,"enemies":"Orb Walker","floor":38.0,"turns":4.0},{"damage":0,"enemies":"3 Darklings","floor":39,"turns":5},{"damage":23,"enemies":"Giant Head","floor":42,"turns":9},{"damage":36,"enemies":"Writhing Mass","floor":44,"turns":5},{"damage":0,"enemies":"Maw","floor":45,"turns":8},{"damage":0,"enemies":"Sphere and 2 Shapes","floor":47,"turns":4},{"damage":14,"enemies":"Spire Growth","floor":48,"turns":5},{"damage":74,"enemies":"Awakened One","floor":50,"turns":11}],"seed_played":"5823255531641559143","potions_obtained":[{"floor":2.0,"key":"SpeedPotion"},{"floor":4.0,"key":"Strength Potion"},{"floor":10.0,"key":"LiquidBronze"},{"floor":14.0,"key":"Weak Potion"},{"floor":22.0,"key":"FairyPotion"},{"floor":27.0,"key":"Weak Potion"},{"floor":28.0,"key":"EntropicBrew"},{"floor":30.0,"key":"Dexterity Potion"},{"floor":35.0,"key":"EssenceOfSteel"},{"floor":44,"key":"Energy Potion"},{"floor":45,"key":"EssenceOfSteel"},{"floor":47,"key":"AttackPotion"}],"is_trial":false,"path_per_floor":["M","M","M","M","$","E","R","E","T","M","$","R","M","M","R","B",null,"M","M","?","M","M","R","$","R","T","E","M","R","M","T","R","B",null,"M","?","?","M","M","R","?","E","T","M","M","$","M","M","R","B"],"character_chosen":"DEFECT","items_purchased":["Mercury Hourglass","Melter","Bronze Scales","PreservedInsect","Regen Potion","Defragment","LiquidBronze"],"campfire_rested":5,"item_purchase_floors":[5,5,11,24,46,46,46],"current_hp_per_floor":[54,54,47,42,42,26,48,22,22,24,24,24,11,4,27,8,77,79,64,64,52,54,54,54,54,54,16,6,31,26,26,52,7,87,80,80,82,82,84,84,84,61,68,32,34,34,48,36,66,0],"gold":256,"neow_bonus":"TWO_FIFTY_GOLD","is_prod":false,"is_daily":false,"chose_seed":false,"campfire_upgraded":3,"win_rate":0,"timestamp":1559705461,"path_taken":["M","M","M","M","$","E","R","E","T","M","$","R","M","M","R","BOSS","M","M","?","M","M","R","$","R","T","E","?","R","M","?","R","BOSS","M","?","?","M","?","R","?","E","T","M","M","$","?","M","R","BOSS"],"build_version":"2019-01-23","purchased_purges":2,"victory":false,"max_hp_per_floor":[75,75,75,75,75,75,75,75,75,77,77,77,77,77,77,77,77,79,79,79,81,83,83,83,83,83,83,85,85,87,87,87,87,87,89,85,87,87,89,89,89,89,96,96,98,98,100,102,102,102],"card_choices":[{"not_picked":["Hologram","Barrage"],"picked":"Cold Snap","floor":1.0},{"not_picked":["Gash","Hologram","Cold Snap"],"picked":"SKIP","floor":2.0},{"not_picked":["Hyperbeam","Cold Snap"],"picked":"Ball Lightning","floor":3.0},{"not_picked":["Conserve Battery","Cold Snap","Static Discharge"],"picked":"SKIP","floor":4.0},{"not_picked":["Hyperbeam","Beam Cell"],"picked":"Sunder","floor":6.0},{"not_picked":["Beam Cell","Streamline"],"picked":"Go for the Eyes","floor":8.0},{"not_picked":["Hologram","Rebound","Go for the Eyes"],"picked":"Singing Bowl","floor":10.0},{"not_picked":["Melter","Go for the Eyes"],"picked":"Capacitor","floor":13.0},{"not_picked":["Sunder","Undo"],"picked":"Leap","floor":14.0},{"not_picked":["Rainbow","Reboot"],"picked":"Machine Learning","floor":16.0},{"not_picked":["Steam","Rebound","Auto Shields"],"picked":"Singing Bowl","floor":18.0},{"not_picked":["Recycle","Compile Driver"],"picked":"Doom and Gloom","floor":19.0},{"not_picked":["Tempest","Coolheaded","Beam Cell+1"],"picked":"Singing Bowl","floor":21.0},{"not_picked":["Chaos","Melter","Darkness+1"],"picked":"Singing Bowl","floor":22.0},{"not_picked":["Force Field+1","Turbo"],"picked":"BootSequence","floor":27.0},{"not_picked":["Turbo","Doom and Gloom","Barrage"],"picked":"Singing Bowl","floor":28.0},{"not_picked":["Steam","Creative AI","Beam Cell"],"picked":"Singing Bowl","floor":30.0},{"not_picked":["Thunder Strike","Buffer"],"picked":"Core Surge","floor":33.0},{"not_picked":["Consume","Conserve Battery+1","BootSequence+1"],"picked":"Singing Bowl","floor":35.0},{"not_picked":["Impatience","Mind Blast","Mayhem"],"picked":"Singing Bowl","floor":37.0},{"not_picked":["Chaos+1","Rip and Tear+1"],"picked":"Coolheaded","floor":38.0},{"not_picked":["Coolheaded+1","Aggregate+1","Sunder+1"],"picked":"Singing Bowl","floor":39},{"not_picked":["Go for the Eyes+1","Reprogram+1"],"picked":"White Noise+1","floor":42},{"not_picked":["Auto Shields","Chaos+1"],"picked":"Leap+1","floor":44},{"not_picked":["Hologram+1","Barrage+1","Stack+1"],"picked":"Singing Bowl","floor":45},{"not_picked":["Gash+1","Auto Shields+1","Reinforced Body"],"picked":"Singing Bowl","floor":47},{"not_picked":["Barrage","Electrodynamics","Steam"],"picked":"Singing Bowl","floor":48}],"player_experience":664669,"relics_obtained":[{"floor":6.0,"key":"Singing Bowl"},{"floor":8.0,"key":"War Paint"},{"floor":20.0,"key":"Oddly Smooth Stone"},{"floor":26.0,"key":"FossilizedHelix"},{"floor":27.0,"key":"Omamori"},{"floor":31.0,"key":"Lantern"},{"floor":42,"key":"Symbiotic Virus"},{"floor":43,"key":"Strawberry"}],"event_choices":[{"damage_healed":0.0,"max_hp_gain":0.0,"max_hp_loss":0.0,"gold_gain":0.0,"event_name":"Wheel of Change","player_choice":"Relic","floor":20.0,"gold_loss":0.0,"damage_taken":0.0},{"damage_healed":0.0,"max_hp_gain":0.0,"max_hp_loss":4.0,"gold_gain":0.0,"event_name":"Winding Halls","player_choice":"Max HP","floor":36.0,"gold_loss":0.0,"damage_taken":0.0},{"damage_healed":0.0,"max_hp_gain":0.0,"max_hp_loss":0.0,"gold_gain":0.0,"event_name":"SensoryStone","player_choice":"Memory 1","floor":37.0,"gold_loss":0.0,"damage_taken":0.0},{"damage_healed":0,"gold_gain":275,"player_choice":"Desecrate","damage_taken":0,"max_hp_gain":0,"max_hp_loss":0,"event_name":"Golden Shrine","floor":41,"gold_loss":0,"cards_obtained":["Regret"]}],"is_beta":false,"boss_relics":[{"not_picked":["Runic Dome","Pandora\u0027s Box"],"picked":"Empty Cage"},{"not_picked":["Philosopher\u0027s Stone","FrozenCore"],"picked":"Runic Pyramid"}],"items_purged_floors":[24,46],"is_endless":false,"potions_floor_spawned":[2,4,10,14,22,27,28,30,35,44,45,47,48],"killed_by":"Awakened One","ascension_level":3}