{"gold_per_floor":[112,30,30,30,51,51,85,85,85,100,25,49,80,96,96,217,217,235,235,256,355,355,355,378,378,430,430,449,463,476,476],"floor_reached":31,"playtime":825,"items_purged":["Injury"],"score":272,"play_id":"02b7e104-92fd-430d-b8e0-75497dc05152","local_time":"20190609200739","is_ascension_mode":false,"campfire_choices":[{"floor":6,"key":"RECALL"},{"data":"Double Tap","floor":8,"key":"SMITH"},{"data":"Perfected Strike","floor":15,"key":"SMITH"},{"data":"Limit Break","floor":23,"key":"SMITH"},{"data":"Inflame","floor":27,"key":"SMITH"}],"neow_cost":"NONE","seed_source_timestamp":27383140216563,"circlet_count":0,"master_deck":["Strike_R+1","Strike_R+1","Strike_R+1","Strike_R+1","Strike_R+1","Defend_R+1","Defend_R+1","Defend_R+1","Defend_R+1","Bash","Perfected Strike+1","Dramatic Entrance+1","Metallicize","Double Tap+1","Spot Weakness+1","Twin Strike","Wild Strike","Limit Break+1","Inflame+1","Pain","Flex","Pummel","Doubt","Havoc+1","Heavy Blade"],"relics":["Burning Blood","NeowsBlessing","Golden Idol","Dream Catcher","War Paint","Cursed Key","WarpedTongs","Potion Belt"],"potions_floor_usage":[16,20,28,30,31],"damage_taken":[{"damage":0,"enemies":"Cultist","floor":1,"turns":1},{"damage":0,"enemies":"2 Louse","floor":5,"turns":1},{"damage":0,"enemies":"Gremlin Nob","floor":7,"turns":1},{"damage":6,"enemies":"Jaw Worm","floor":10,"turns":2},{"damage":8,"enemies":"3 Louse","floor":12,"turns":2},{"damage":50,"enemies":"Lagavulin","floor":13,"turns":7},{"damage":2,"enemies":"Gremlin Gang","floor":14,"turns":3},{"damage":24,"enemies":"Hexaghost","floor":16,"turns":8},{"damage":2,"enemies":"Spheric Guardian","floor":18,"turns":3},{"damage":7,"enemies":"3 Byrds","floor":20,"turns":5},{"damage":3,"enemies":"Snecko","floor":24,"turns":3},{"damage":51,"enemies":"Shelled Parasite and Fungi","floor":28,"turns":5},{"damage":16,"enemies":"Centurion and Healer","floor":29,"turns":4},{"damage":21,"enemies":"Snake Plant","floor":30,"turns":2},{"damage":11,"enemies":"Cultist and Chosen","floor":31,"turns":1}],"seed_played":"-4872774475676363588","potions_obtained":[{"floor":5,"key":"Block Potion"},{"floor":14,"key":"SkillPotion"},{"floor":18,"key":"Dexterity Potion"},{"floor":24,"key":"EssenceOfSteel"},{"floor":28,"key":"Ancient Potion"},{"floor":30,"key":"PowerPotion"}],"is_trial":false,"path_per_floor":["M","$","?","?","M","R","E","R","T","M","$","M","E","M","R","B",null,"M","?","M","?","?","R","M","?","T","R","M","M","M","M"],"character_chosen":"IRONCLAD","items_purchased":["Dramatic Entrance"],"campfire_rested":0,"item_purchase_floors":[2],"current_hp_per_floor":[80,80,80,80,80,80,80,80,80,80,80,78,34,38,38,20,80,80,80,79,79,79,79,80,80,80,80,35,25,10,0],"gold":476,"neow_bonus":"THREE_ENEMY_KILL","is_prod":false,"is_daily":false,"chose_seed":false,"campfire_upgraded":4,"win_rate":0,"timestamp":1560074859,"path_taken":["M","?","?","?","M","R","E","R","T","M","?","M","E","M","R","BOSS","M","?","?","?","?","R","M","?","T","R","?","M","M","M"],"build_version":"2019-01-23","purchased_purges":1,"victory":false,"max_hp_per_floor":[80,80,80,80,80,80,80,80,80,80,80,80,80,80,80,80,80,80,80,80,80,80,80,80,80,80,80,80,80,80,80],"card_choices":[{"not_picked":["Power Through","True Grit"],"picked":"Perfected Strike","floor":1},{"not_picked":["Thunderclap","Blood for Blood"],"picked":"Metallicize","floor":5},{"not_picked":["Perfected Strike","Sword Boomerang"],"picked":"Double Tap","floor":7},{"not_picked":["Anger","Wild Strike"],"picked":"Spot Weakness","floor":10},{"not_picked":["Rampage","Evolve"],"picked":"Twin Strike","floor":12},{"not_picked":["Evolve","Hemokinesis","Body Slam"],"picked":"SKIP","floor":13},{"not_picked":["Carnage","Thunderclap"],"picked":"Wild Strike","floor":14},{"not_picked":["Feed","Fiend Fire"],"picked":"Limit Break","floor":16},{"not_picked":["Intimidate","Thunderclap"],"picked":"Inflame","floor":18},{"not_picked":["Feel No Pain+1","Burning Pact"],"picked":"Flex","floor":20},{"not_picked":["Flex","Power Through"],"picked":"Pummel","floor":24},{"not_picked":["Warcry","Intimidate"],"picked":"Havoc+1","floor":28},{"not_picked":["Perfected Strike","Flame Barrier"],"picked":"Heavy Blade","floor":29},{"not_picked":["Heavy Blade","Blood for Blood","Hemokinesis+1"],"picked":"SKIP","floor":30}],"player_experience":154639,"relics_obtained":[{"floor":7,"key":"Dream Catcher"},{"floor":13,"key":"War Paint"},{"floor":26,"key":"Potion Belt"}],"event_choices":[{"damage_healed":0,"gold_gain":0,"player_choice":"Take Wound","damage_taken":0,"relics_obtained":["Golden Idol"],"max_hp_gain":0,"max_hp_loss":0,"event_name":"Golden Idol","floor":3,"gold_loss":0,"cards_obtained":["Injury"]},{"damage_healed":0,"gold_gain":0,"player_choice":"Grow","damage_taken":0,"max_hp_gain":0,"max_hp_loss":0,"event_name":"Living Wall","floor":4,"gold_loss":0,"cards_upgraded":["Dramatic Entrance"]},{"damage_healed":0,"gold_gain":0,"player_choice":"Rummage","damage_taken":0,"relics_obtained":["WarpedTongs"],"max_hp_gain":0,"max_hp_loss":0,"event_name":"Accursed Blacksmith","floor":19,"gold_loss":0,"cards_obtained":["Pain"]},{"damage_healed":0,"gold_gain":99,"player_choice":"Stole From Cult","damage_taken":0,"max_hp_gain":0,"max_hp_loss":0,"event_name":"Nest","floor":21,"gold_loss":0},{"damage_healed":0,"gold_gain":0,"player_choice":"Simplicity","damage_taken":0,"max_hp_gain":0,"max_hp_loss":0,"event_name":"Back to Basics","floor":22,"gold_loss":0,"cards_upgraded":["Strike_R","Strike_R","Strike_R","Strike_R","Strike_R","Defend_R","Defend_R","Defend_R"]},{"damage_healed":0,"gold_gain":0,"player_choice":"Ignored","damage_taken":0,"max_hp_gain":0,"max_hp_loss":0,"event_name":"NoteForYourself","floor":25,"gold_loss":0}],"is_beta":false,"boss_relics":[{"not_picked":["Fusion Hammer","Tiny House"],"picked":"Cursed Key"}],"items_purged_floors":[11],"is_endless":false,"potions_floor_spawned":[5,14,18,24,28,30],"killed_by":"Cultist and Chosen","ascension_level":0}