{"gold_per_floor":[114,36,36,56,71,71,71,71,71,71,87,99,99,118,118,207,207,228,253,271,271],"floor_reached":21,"playtime":726,"items_purged":[],"score":346,"play_id":"a6ac6efe-5196-4bb0-baef-a2d786701d43","local_time":"20190404234754","is_ascension_mode":true,"campfire_choices":[{"data":"1","floor":6,"key":"LIFT"},{"data":"2","floor":8,"key":"LIFT"},{"data":"3","floor":10,"key":"LIFT"},{"data":"Cloak And Dagger","floor":15,"key":"SMITH"}],"neow_cost":"NONE","seed_source_timestamp":614270823928588,"circlet_count":0,"master_deck":["AscendersBane","Defend_G","Defend_G","Defend_G","Defend_G","Defend_G","Strike_G","Strike_G","Strike_G+1","Strike_G","Strike_G","Survivor","Neutralize","Well Laid Plans","Predator+1","Footwork","Backstab","Cloak And Dagger+1","Skewer"],"relics":["Ring of the Snake","NeowsBlessing","Girya","Shuriken","Golden Idol","Busted Crown"],"potions_floor_usage":[19],"damage_taken":[{"damage":0,"enemies":"Jaw Worm","floor":1,"turns":1},{"damage":0,"enemies":"Cultist","floor":4,"turns":1},{"damage":0,"enemies":"Small Slimes","floor":5,"turns":1},{"damage":4,"enemies":"2 Fungi Beasts","floor":11,"turns":2},{"damage":10,"enemies":"Exordium Wildlife","floor":12,"turns":3},{"damage":0,"enemies":"Gremlin Gang","floor":14,"turns":5},{"damage":13,"enemies":"The Guardian","floor":16,"turns":10},{"damage":11,"enemies":"Shell Parasite","floor":18,"turns":5},{"damage":0,"enemies":"Spheric Guardian","floor":19,"turns":3},{"damage":33,"enemies":"Snake Plant","floor":20,"turns":5},{"damage":8,"enemies":"3 Cultists","floor":21,"turns":3}],"seed_played":"-3381301540546728234","potions_obtained":[{"floor":5,"key":"LiquidBronze"},{"floor":14,"key":"Explosive Potion"}],"is_trial":false,"path_per_floor":["M","$","?","M","M","R","?","R","T","R","M","M","?","M","R","B",null,"M","M","M","M"],"character_chosen":"THE_SILENT","items_purchased":["Well Laid Plans"],"campfire_rested":0,"item_purchase_floors":[2],"current_hp_per_floor":[59,59,59,59,59,59,39,39,39,39,35,25,25,25,25,12,48,37,37,4,0],"gold":271,"neow_bonus":"THREE_ENEMY_KILL","is_prod":false,"is_daily":false,"chose_seed":false,"campfire_upgraded":1,"win_rate":0,"timestamp":1554443274,"path_taken":["M","$","?","M","?","R","?","R","T","R","M","M","?","?","R","BOSS","M","?","M","?"],"build_version":"2019-01-23","purchased_purges":0,"victory":false,"max_hp_per_floor":[66,66,66,66,66,66,66,66,66,66,66,66,60,60,60,60,60,60,60,60,60],"card_choices":[{"not_picked":["Quick Slash","Escape Plan","Bane"],"picked":"SKIP","floor":1},{"not_picked":["Slice","Sucker Punch","Outmaneuver"],"picked":"SKIP","floor":4},{"not_picked":["Bouncing Flask","Quick Slash"],"picked":"Predator","floor":5},{"not_picked":["Dagger Throw","Sucker Punch"],"picked":"Footwork","floor":11},{"not_picked":["Prepared","Backflip"],"picked":"Backstab","floor":12},{"not_picked":["Blur","Acrobatics"],"picked":"Cloak And Dagger","floor":14},{"not_picked":[],"picked":"Skewer","floor":18},{"not_picked":["Poisoned Stab"],"picked":"SKIP","floor":19},{"not_picked":["Bane"],"picked":"SKIP","floor":20}],"player_experience":449137,"relics_obtained":[{"floor":3,"key":"Girya"},{"floor":9,"key":"Shuriken"}],"event_choices":[{"damage_healed":0,"gold_gain":0,"player_choice":"Relic","damage_taken":0,"max_hp_gain":0,"max_hp_loss":0,"event_name":"Wheel of Change","floor":3,"gold_loss":0},{"damage_healed":0,"gold_gain":0,"player_choice":"Entered Light","damage_taken":20,"max_hp_gain":0,"max_hp_loss":0,"event_name":"Shining Light","floor":7,"gold_loss":0,"cards_upgraded":["Strike_G","Predator"]},{"damage_healed":0,"gold_gain":0,"player_choice":"Lose Max HP","damage_taken":0,"relics_obtained":["Golden Idol"],"max_hp_gain":0,"max_hp_loss":6,"event_name":"Golden Idol","floor":13,"gold_loss":0}],"is_beta":false,"boss_relics":[{"not_picked":["Philosopher\u0027s Stone","Fusion Hammer"],"picked":"Busted Crown"}],"items_purged_floors":[],"is_endless":false,"potions_floor_spawned":[5,14,18],"killed_by":"3 Cultists","ascension_level":20}