{"gold_per_floor":[113,113,123,138,157,157,186,186,213,213,232,232,232],"floor_reached":13,"playtime":772,"items_purged":[],"score":149,"play_id":"afba4ff4-36a7-40bd-a2c9-2f1570a78f52","local_time":"20190524172344","is_ascension_mode":true,"campfire_choices":[{"data":"Spot Weakness","floor":6,"key":"SMITH"},{"data":"True Grit","floor":10,"key":"SMITH"},{"data":"Battle Trance","floor":12,"key":"SMITH"}],"neow_cost":"NONE","seed_source_timestamp":285750330670646,"circlet_count":0,"master_deck":["AscendersBane","Strike_R","Strike_R","Strike_R","Strike_R","Strike_R","Defend_R","Defend_R","Defend_R","Defend_R","Bash+1","True Grit+1","Spot Weakness+1","Cleave","Disarm","Battle Trance+1"],"special_seed":0,"relics":["Burning Blood","Centennial Puzzle","Orichalcum"],"potions_floor_usage":[7],"damage_taken":[{"damage":6,"enemies":"2 Louse","floor":1,"turns":4},{"damage":6,"enemies":"Cultist","floor":3,"turns":3},{"damage":10,"enemies":"Small Slimes","floor":4,"turns":4},{"damage":17,"enemies":"Exordium Thugs","floor":5,"turns":5},{"damage":48,"enemies":"Lagavulin","floor":7,"turns":7},{"damage":7,"enemies":"Large Slime","floor":11,"turns":3},{"damage":20,"enemies":"3 Sentries","floor":13,"turns":4}],"seed_played":"-2041786916621633462","potions_obtained":[{"floor":1,"key":"AttackPotion"},{"floor":3,"key":"Ancient Potion"},{"floor":7,"key":"AttackPotion"}],"is_trial":false,"path_per_floor":["M","?","M","M","M","R","E","$","T","R","M","R","E"],"character_chosen":"IRONCLAD","items_purchased":[],"campfire_rested":0,"item_purchase_floors":[],"current_hp_per_floor":[75,75,75,71,60,60,18,18,18,18,17,17,0],"gold":232,"neow_bonus":"TEN_PERCENT_HP_BONUS","is_prod":false,"is_daily":false,"chose_seed":false,"campfire_upgraded":3,"win_rate":0,"timestamp":1558740224,"path_taken":["M","?","M","M","?","R","E","?","T","R","M","R","E"],"build_version":"2019-01-23","purchased_purges":0,"victory":false,"max_hp_per_floor":[82,82,82,82,82,82,82,82,82,82,82,82,82],"card_choices":[{"not_picked":["Blood for Blood","Iron Wave","Warcry"],"picked":"SKIP","floor":1},{"not_picked":["Dual Wield","Clash"],"picked":"True Grit","floor":3},{"not_picked":["Thunderclap","Rage"],"picked":"Spot Weakness","floor":4},{"not_picked":["Inflame","Sword Boomerang"],"picked":"Cleave","floor":5},{"not_picked":["Armaments","Spot Weakness"],"picked":"Disarm","floor":7},{"not_picked":["Headbutt","Power Through"],"picked":"Battle Trance","floor":11}],"player_experience":589712,"relics_obtained":[{"floor":7,"key":"Centennial Puzzle"},{"floor":9,"key":"Orichalcum"}],"event_choices":[{"damage_healed":0,"gold_gain":0,"player_choice":"Forge","damage_taken":0,"max_hp_gain":0,"max_hp_loss":0,"event_name":"Accursed Blacksmith","floor":2,"gold_loss":0,"cards_upgraded":["Bash"]}],"is_beta":false,"boss_relics":[],"items_purged_floors":[],"is_endless":false,"potions_floor_spawned":[1,3,7],"killed_by":"3 Sentries","ascension_level":15}