{"gold_per_floor":[119,119,44,44,144,144,174,174,201,229,229,242,242,257,257,357,357,370,370,390,91,91,91,11,11,35,35,55,67,67,67,67,166,166,176,188,188,201,212,212,63,77,104,104,204,204],"floor_reached":46,"playtime":1797,"items_purged":["Strike_R","Writhe"],"score":641,"play_id":"aacc720f-7a1c-4cab-ab42-9293a1476864","local_time":"20180813175729","is_ascension_mode":true,"campfire_choices":[{"data":"Bash","floor":6.0,"key":"SMITH"},{"data":"Juggernaut","floor":13.0,"key":"SMITH"},{"data":"Armaments","floor":15.0,"key":"SMITH"},{"data":"True Grit","floor":23.0,"key":"SMITH"},{"data":"True Grit","floor":25.0,"key":"SMITH"},{"data":"Shrug It Off","floor":27.0,"key":"SMITH"},{"floor":32.0,"key":"REST"},{"data":"Combust","floor":40,"key":"SMITH"}],"neow_cost":"NONE","seed_source_timestamp":757021499551270,"circlet_count":0,"master_deck":["Strike_R","Strike_R","Defend_R","Defend_R","Defend_R","Defend_R","Bash+1","Armaments+1","Ghostly Armor","Juggernaut+1","Rage","Immolate","Shrug It Off+1","True Grit+1","True Grit+1","Iron Wave","Combust+1","Impervious","Whirlwind+1","Disarm+1","Shrug It Off"],"special_seed":0,"relics":["Burning Blood","NeowsBlessing","Bronze Scales","Mercury Hourglass","Pear","Vajra","Boot","Empty Cage","Bottled Tornado","Ancient Tea Set","Sozu","Omamori"],"potions_floor_usage":[36],"damage_taken":[{"damage":0.0,"enemies":"2 Louse","floor":1.0,"turns":1.0},{"damage":0.0,"enemies":"Lagavulin","floor":7.0,"turns":1.0},{"damage":0.0,"enemies":"3 Sentries","floor":10.0,"turns":1.0},{"damage":7.0,"enemies":"Jaw Worm","floor":12.0,"turns":3.0},{"damage":1.0,"enemies":"Cultist","floor":14.0,"turns":3.0},{"damage":16.0,"enemies":"The Guardian","floor":16.0,"turns":9.0},{"damage":29.0,"enemies":"2 Thieves","floor":18.0,"turns":3.0},{"damage":11.0,"enemies":"Spheric Guardian","floor":20.0,"turns":4.0},{"damage":6.0,"enemies":"Centurion and Healer","floor":28.0,"turns":6.0},{"damage":13.0,"enemies":"Sentry and Sphere","floor":29.0,"turns":4.0},{"damage":57.0,"enemies":"Automaton","floor":33.0,"turns":10.0},{"damage":12.0,"enemies":"3 Shapes","floor":35.0,"turns":4.0},{"damage":0,"enemies":"3 Darklings","floor":36,"turns":3},{"damage":1,"enemies":"4 Shapes","floor":38,"turns":4},{"damage":39,"enemies":"Spire Growth","floor":39,"turns":5},{"damage":30,"enemies":"Maw","floor":42,"turns":9},{"damage":38,"enemies":"Transient","floor":46,"turns":4}],"seed_played":"-944334167066871649","potions_obtained":[{"floor":1.0,"key":"Dexterity Potion"},{"floor":7.0,"key":"Dexterity Potion"},{"floor":10.0,"key":"Ancient Potion"},{"floor":20.0,"key":"Ancient Potion"},{"floor":22.0,"key":"Fruit Juice"},{"floor":22.0,"key":"Explosive Potion"},{"floor":29.0,"key":"SteroidPotion"}],"is_trial":false,"path_per_floor":["M","?","$","T","?","R","E","?","T","E","?","M","R","M","R","B",null,"M","?","M","$","?","R","$","R","T","R","M","M","?","?","R","B",null,"M","M","?","M","M","R","$","M","T","?","?"],"character_chosen":"IRONCLAD","items_purchased":["Bottled Tornado","Iron Wave","Combust","Shrug It Off"],"campfire_rested":1,"item_purchase_floors":[21,21,24,41],"current_hp_per_floor":[78,66,66,66,66,66,82,82,82,88,88,87,87,90,90,80,88,65,65,60,60,60,60,60,60,60,60,65,58,58,58,86,35,80,74,80,95,95,62,62,62,38,38,38,38,0],"gold":204,"neow_bonus":"THREE_ENEMY_KILL","is_prod":false,"is_daily":false,"chose_seed":false,"campfire_upgraded":7,"win_rate":0,"timestamp":1534197449,"path_taken":["M","?","$","?","?","R","E","?","T","E","?","M","R","M","R","BOSS","M","?","M","$","?","R","$","R","T","R","M","M","?","?","R","BOSS","M","M","?","M","M","R","$","M","T","?","?","M"],"build_version":"2018-08-09","purchased_purges":2,"victory":false,"max_hp_per_floor":[80,80,80,80,80,80,90,90,90,90,90,90,90,90,90,90,90,90,90,90,90,90,90,90,90,90,90,95,95,95,95,95,95,95,95,95,95,95,95,95,95,95,95,95,95,95],"card_choices":[{"not_picked":["Anger","Searing Blow"],"picked":"Armaments","floor":1.0},{"not_picked":["Thunderclap","Corruption"],"picked":"Ghostly Armor","floor":7.0},{"not_picked":["Fire Breathing","Intimidate"],"picked":"Juggernaut","floor":10.0},{"not_picked":["Dropkick","Flex","Thunderclap"],"picked":"SKIP","floor":12.0},{"not_picked":["Ghostly Armor","Anger"],"picked":"Rage","floor":14.0},{"not_picked":["Reaper","Double Tap"],"picked":"Immolate","floor":16.0},{"not_picked":["Sword Boomerang+1","Dual Wield"],"picked":"Shrug It Off","floor":18.0},{"not_picked":["Spot Weakness+1","Uppercut"],"picked":"True Grit","floor":20.0},{"not_picked":["Armaments","Headbutt","Thunderclap"],"picked":"SKIP","floor":28.0},{"not_picked":["Immolate","Flex","True Grit"],"picked":"SKIP","floor":29.0},{"not_picked":["Double Tap","Berserk"],"picked":"Impervious","floor":33.0},{"not_picked":["Reckless Charge","Corruption+1"],"picked":"Whirlwind+1","floor":35.0},{"not_picked":["Sword Boomerang+1","Intimidate","Clash"],"picked":"SKIP","floor":36},{"not_picked":["Twin Strike","Anger"],"picked":"Disarm+1","floor":38},{"not_picked":["Armaments+1","Thunderclap","Brutality"],"picked":"SKIP","floor":39},{"not_picked":["Wild Strike","Perfected Strike+1","Cleave+1"],"picked":"SKIP","floor":42}],"player_experience":72715,"relics_obtained":[{"floor":4.0,"key":"Mercury Hourglass"},{"floor":7.0,"key":"Pear"},{"floor":9.0,"key":"Vajra"},{"floor":10.0,"key":"Boot"},{"floor":26.0,"key":"Ancient Tea Set"},{"floor":43,"key":"Omamori"}],"event_choices":[{"event_name":"Scrap Ooze","player_choice":"success","floor":2.0,"damage_taken":12.0},{"event_name":"Golden Shrine","player_choice":"Pray","floor":5.0,"damage_taken":0.0},{"event_name":"Dead Adventurer","player_choice":"Searched \u00270\u0027 times","floor":8.0,"damage_taken":0.0},{"event_name":"The Woman in Blue","player_choice":"Bought 0 Potions","floor":11.0,"damage_taken":0.0},{"event_name":"The Library","player_choice":"Read","floor":19.0,"damage_taken":0.0},{"event_name":"The Lab","player_choice":"Got Potions","floor":22.0,"damage_taken":0.0},{"event_name":"Cursed Tome","player_choice":"Ignored","floor":30.0,"damage_taken":0.0},{"event_name":"Beggar","player_choice":"Ignored","floor":31.0,"damage_taken":0.0},{"event_name":"Winding Halls","player_choice":"Writhe","floor":37,"damage_taken":0},{"event_name":"The Moai Head","player_choice":"Ignored","floor":44,"damage_taken":0},{"event_name":"Golden Shrine","player_choice":"Pray","floor":45,"damage_taken":0}],"is_beta":false,"boss_relics":[{"not_picked":["Fusion Hammer","Runic Pyramid"],"picked":"Empty Cage"},{"not_picked":["Black Blood","Philosopher\u0027s Stone"],"picked":"Sozu"}],"items_purged_floors":[3,41],"is_endless":false,"potions_floor_spawned":[1,7,10,20,29,38,39],"killed_by":"Transient","ascension_level":6}