{"gold_per_floor":[116,130,141,157,173,173,199,219,276,241,267,280,315,315,315,315],"floor_reached":16,"playtime":562,"items_purged":[],"score":161,"play_id":"ee1915f6-6942-4b8c-8d25-cc079f0ab6d6","local_time":"20190421233053","is_ascension_mode":true,"campfire_choices":[{"data":"Flame Barrier","floor":6.0,"key":"SMITH"},{"floor":15,"key":"REST"}],"neow_cost":"NONE","seed_source_timestamp":695386382883597,"circlet_count":0,"master_deck":["Strike_R","Strike_R","Strike_R","Strike_R","Strike_R","Defend_R","Defend_R","Defend_R","Defend_R","Bash","Flame Barrier+1","Pommel Strike","Impervious"],"special_seed":0,"relics":["Burning Blood","Bronze Scales","Blue Candle","Tiny Chest","PreservedInsect","Regal Pillow","Golden Idol"],"potions_floor_usage":[13,13,16],"damage_taken":[{"damage":10.0,"enemies":"Small Slimes","floor":1.0,"turns":3.0},{"damage":5.0,"enemies":"2 Louse","floor":2.0,"turns":3.0},{"damage":8.0,"enemies":"Jaw Worm","floor":3.0,"turns":4.0},{"damage":41.0,"enemies":"Large Slime","floor":4.0,"turns":8.0},{"damage":10.0,"enemies":"3 Louse","floor":5.0,"turns":4.0},{"damage":9.0,"enemies":"Lagavulin","floor":7.0,"turns":6.0},{"damage":5.0,"enemies":"Lots of Slimes","floor":8.0,"turns":4.0},{"damage":32.0,"enemies":"Gremlin Nob","floor":11.0,"turns":4.0},{"damage":10.0,"enemies":"Exordium Thugs","floor":12.0,"turns":6.0},{"damage":15,"enemies":"Lagavulin","floor":13,"turns":7},{"damage":59,"enemies":"Hexaghost","floor":16,"turns":9}],"seed_played":"8634364524690871733","potions_obtained":[{"floor":1.0,"key":"Dexterity Potion"},{"floor":4.0,"key":"PowerPotion"},{"floor":7.0,"key":"Energy Potion"},{"floor":8.0,"key":"Ancient Potion"},{"floor":13,"key":"Regen Potion"}],"is_trial":false,"path_per_floor":["M","M","M","M","M","R","E","M","T","?","E","M","E","?","R","B"],"character_chosen":"IRONCLAD","items_purchased":[],"campfire_rested":1,"item_purchase_floors":[],"current_hp_per_floor":[68,69,67,32,28,28,25,26,26,46,20,16,7,7,44,0],"gold":315,"neow_bonus":"RANDOM_COMMON_RELIC","is_prod":false,"is_daily":false,"chose_seed":false,"campfire_upgraded":1,"win_rate":0,"timestamp":1555911053,"path_taken":["M","M","M","M","M","R","E","M","T","?","E","M","E","?","R","BOSS"],"build_version":"2019-01-23","purchased_purges":0,"victory":false,"max_hp_per_floor":[80,80,80,80,80,80,80,80,80,80,80,80,80,74,74,74],"card_choices":[{"not_picked":["Seeing Red","Warcry","True Grit"],"picked":"SKIP","floor":1.0},{"not_picked":["Corruption","Fire Breathing","Twin Strike"],"picked":"SKIP","floor":2.0},{"not_picked":["Cleave","Offering"],"picked":"Flame Barrier","floor":3.0},{"not_picked":["Armaments","Anger","Spot Weakness"],"picked":"SKIP","floor":4.0},{"not_picked":["Anger","Shrug It Off","Combust"],"picked":"SKIP","floor":5.0},{"not_picked":["Twin Strike","Clothesline"],"picked":"Pommel Strike","floor":7.0},{"not_picked":["Sword Boomerang","Carnage","Armaments"],"picked":"SKIP","floor":8.0},{"not_picked":["Evolve","Armaments"],"picked":"Impervious","floor":11.0},{"not_picked":["Armaments","Power Through","Headbutt"],"picked":"SKIP","floor":12.0},{"not_picked":["Sword Boomerang","Twin Strike","Headbutt"],"picked":"SKIP","floor":13}],"player_experience":505867,"relics_obtained":[{"floor":7.0,"key":"Blue Candle"},{"floor":9.0,"key":"Tiny Chest"},{"floor":11.0,"key":"PreservedInsect"},{"floor":13,"key":"Regal Pillow"}],"event_choices":[{"damage_healed":20.0,"max_hp_gain":0.0,"max_hp_loss":0.0,"gold_gain":0.0,"event_name":"The Cleric","player_choice":"Healed","floor":10.0,"gold_loss":35.0,"damage_taken":0.0},{"damage_healed":0,"gold_gain":0,"player_choice":"Lose Max HP","damage_taken":0,"relics_obtained":["Golden Idol"],"max_hp_gain":0,"max_hp_loss":6,"event_name":"Golden Idol","floor":14,"gold_loss":0}],"is_beta":false,"boss_relics":[],"items_purged_floors":[],"is_endless":false,"potions_floor_spawned":[1,4,7,8,11,13],"killed_by":"Hexaghost","ascension_level":6}