{"path_per_floor":["M","?","?","?","M","R","$","E","T","M","M","R","?","$","R","B",null,"M","M","?","M","?","R","E","R","T","R","M","M","M","M","R","B",null,"M","$","M","M","M","R","E","M","T","R","M","E","?","M","R"],"character_chosen":"DEFECT","items_purchased":["Melter","Loop","Toxic Egg 2"],"gold_per_floor":[109,109,109,109,119,119,44,72,98,108,126,126,126,6,6,104,104,120,137,137,149,149,149,174,174,174,174,184,204,215,228,228,330,330,345,3,18,36,46,46,79,96,122,122,136,161,161,171,171,171],"floor_reached":50,"campfire_rested":4,"playtime":3108,"item_purchase_floors":[14,14,36],"current_hp_per_floor":[69,69,57,50,50,50,50,35,35,35,31,31,31,31,53,65,75,71,71,81,79,79,79,40,40,40,40,36,34,23,8,33,3,85,74,74,63,35,11,36,18,22,22,47,47,11,85,54,54,0],"items_purged":["Defend_B","Strike_B"],"gold":171,"score":526,"play_id":"5f5011ca-e748-4290-bccb-cf1d73472cea","local_time":"20180529140554","is_prod":false,"is_daily":false,"chose_seed":false,"is_ascension_mode":false,"campfire_upgraded":6,"win_rate":0,"timestamp":1527566754,"campfire_choices":[{"data":"Dualcast","floor":6,"key":"SMITH"},{"data":"Double Energy","floor":12,"key":"SMITH"},{"floor":15,"key":"REST"},{"data":"Loop","floor":23,"key":"SMITH"},{"data":"Doom and Gloom","floor":25,"key":"SMITH"},{"data":"Thunder Strike","floor":27,"key":"SMITH"},{"floor":32,"key":"REST"},{"floor":40,"key":"REST"},{"floor":44,"key":"REST"},{"data":"Rainbow","floor":49,"key":"SMITH"}],"path_taken":["M","?","?","?","M","R","$","E","T","M","?","R","?","?","R","BOSS","M","M","?","M","?","R","E","R","T","R","M","M","M","M","R","BOSS","M","?","M","M","M","R","E","M","T","R","M","E","?","M","R","BOSS"],"build_version":"2018-05-27","seed_source_timestamp":15343151186185,"purchased_purges":2,"victory":false,"master_deck":["Strike_B+1","Defend_B","Defend_B","Defend_B","Zap+1","Dualcast+1","Cold Snap","Leap","Double Energy+1","Melter+1","Loop+1","Thunder Strike+1","Cold Snap","Doom and Gloom+1","Redo+1","Injury","White Noise+1","Darkness+1","Redo+1","Capacitor+1","Rainbow+1","Loop+1","Chill+1","Tempest+1","Doom and Gloom+1","Aggregate+1","Sunder+1","Parasite","Force Field+1","Consume+1"],"max_hp_per_floor":[75,75,75,75,75,75,75,75,75,75,75,75,75,75,75,75,75,75,75,85,85,85,85,85,85,85,85,85,85,85,85,85,85,85,85,85,85,85,85,85,85,85,85,85,85,85,85,85,85,85],"relics":["Cracked Core","Pantograph","Thread and Needle","Pen Nib","Cursed Key","Pear","Frozen Egg 2","Mummified Hand","Inserter","Toxic Egg 2","Bird Faced Urn","Omamori","Whetstone"],"card_choices":[{"not_picked":["Beam Cell","Turbo","Scrape"],"picked":"SKIP","floor":1},{"not_picked":["Sweeping Beam","Compile Driver"],"picked":"Cold Snap","floor":5},{"not_picked":["Reboot","Compile Driver"],"picked":"Reprogram","floor":8},{"not_picked":["Sweeping Beam","BootSequence"],"picked":"Leap","floor":10},{"not_picked":["Darkness","Leap"],"picked":"Double Energy","floor":11},{"not_picked":["Reboot","All For One"],"picked":"Thunder Strike","floor":16},{"not_picked":["Coolheaded","Genetic Algorithm+1"],"picked":"Cold Snap","floor":18},{"not_picked":["Loop","Self Repair"],"picked":"Doom and Gloom","floor":19},{"not_picked":["Sweeping Beam","Stack+1"],"picked":"Redo+1","floor":21},{"not_picked":["All For One","Heatsinks+1","Darkness"],"picked":"SKIP","floor":24},{"not_picked":["Steam","Go for the Eyes"],"picked":"White Noise+1","floor":28},{"not_picked":["Chaos","Undo"],"picked":"Darkness+1","floor":29},{"not_picked":["Turbo","Streamline+1"],"picked":"Redo+1","floor":30},{"not_picked":["Streamline+1","Barrage+1"],"picked":"Capacitor+1","floor":31},{"not_picked":["Multi-Cast","All For One"],"picked":"Rainbow","floor":33},{"not_picked":["Stack+1","Compile Driver"],"picked":"Loop+1","floor":35},{"not_picked":["Streamline+1","Glacier+1"],"picked":"Chill+1","floor":37},{"not_picked":["Conserve Battery+1","Rebound"],"picked":"Tempest+1","floor":38},{"not_picked":["Ball Lightning","Beam Cell"],"picked":"Doom and Gloom+1","floor":39},{"not_picked":["Ball Lightning","Multi-Cast+1"],"picked":"Aggregate+1","floor":41},{"not_picked":["Compile Driver","Hologram+1"],"picked":"Sunder+1","floor":42},{"not_picked":["Hologram+1","Undo+1"],"picked":"Force Field+1","floor":45},{"not_picked":["Barrage+1","Doom and Gloom"],"picked":"Consume+1","floor":46},{"not_picked":["Hologram+1","Streamline+1","Melter"],"picked":"SKIP","floor":48}],"player_experience":14375,"potions_floor_usage":[16,29,31,33,39,41,46,50],"damage_taken":[{"damage":6,"enemies":"2 Louse","floor":1,"turns":3},{"damage":0,"enemies":"Small Slimes","floor":5,"turns":3},{"damage":15,"enemies":"3 Sentries","floor":8,"turns":8},{"damage":0,"enemies":"Jaw Worm","floor":10,"turns":2},{"damage":4,"enemies":"Exordium Wildlife","floor":11,"turns":5},{"damage":10,"enemies":"The Guardian","floor":16,"turns":14},{"damage":4,"enemies":"Spheric Guardian","floor":18,"turns":4},{"damage":0,"enemies":"Shell Parasite","floor":19,"turns":5},{"damage":2,"enemies":"Snecko","floor":21,"turns":6},{"damage":39,"enemies":"Gremlin Leader","floor":24,"turns":6},{"damage":4,"enemies":"Cultist and Chosen","floor":28,"turns":6},{"damage":2,"enemies":"3 Cultists","floor":29,"turns":4},{"damage":11,"enemies":"Snecko","floor":30,"turns":5},{"damage":15,"enemies":"Centurion and Healer","floor":31,"turns":6},{"damage":55,"enemies":"Collector","floor":33,"turns":9},{"damage":11,"enemies":"Flame Bruiser 1 Orb","floor":35,"turns":6},{"damage":11,"enemies":"3 Shapes","floor":37,"turns":4},{"damage":28,"enemies":"Transient","floor":38,"turns":5},{"damage":24,"enemies":"Spire Growth","floor":39,"turns":5},{"damage":40,"enemies":"Giant Head","floor":41,"turns":8},{"damage":0,"enemies":"Sphere and 2 Shapes","floor":42,"turns":3},{"damage":8,"enemies":"Transient","floor":45,"turns":5},{"damage":44,"enemies":"Nemesis","floor":46,"turns":9},{"damage":37,"enemies":"Spire Growth","floor":48,"turns":5},{"damage":89,"enemies":"Time Eater","floor":50,"turns":6}],"relics_obtained":[{"floor":8,"key":"Thread and Needle"},{"floor":9,"key":"Pen Nib"},{"floor":24,"key":"Frozen Egg 2"},{"floor":26,"key":"Mummified Hand"},{"floor":41,"key":"Bird Faced Urn"},{"floor":43,"key":"Omamori"},{"floor":46,"key":"Whetstone"}],"event_choices":[{"event_name":"Liars Game","player_choice":"disagreed","floor":2,"damage_taken":0},{"event_name":"Scrap Ooze","player_choice":"success","floor":3,"damage_taken":12},{"event_name":"Golden Wing","player_choice":"Card Removal","floor":4,"damage_taken":0},{"event_name":"Wheel of Change","player_choice":"Card Removal","floor":13,"damage_taken":0},{"event_name":"The Mausoleum","player_choice":"Yes","floor":20,"damage_taken":0},{"event_name":"Drug Dealer","player_choice":"Ignored","floor":22,"damage_taken":0},{"event_name":"Bonfire Elementals","player_choice":"UNCOMMON","floor":47,"damage_taken":0}],"boss_relics":[{"not_picked":["Velvet Choker","White Beast Statue"],"picked":"Cursed Key"},{"not_picked":["Lizard Tail","Orrery"],"picked":"Inserter"}],"items_purged_floors":[7,36],"potions_floor_spawned":[5,8,11,18,21,31,33,35,37,39,46],"seed_played":"-699873433700951687","killed_by":"Time Eater","ascension_level":0,"potions_obtained":[{"floor":5,"key":"Energy Potion"},{"floor":8,"key":"Swift Potion"},{"floor":11,"key":"PowerPotion"},{"floor":18,"key":"Strength Potion"},{"floor":31,"key":"Weak Potion"},{"floor":33,"key":"FearPotion"},{"floor":35,"key":"Block Potion"},{"floor":37,"key":"SpeedPotion"},{"floor":39,"key":"Regen Potion"},{"floor":46,"key":"Poison Potion"}],"is_trial":false}