{"gold_per_floor":[111,123,135,148,159,159,192,254,277,301,314,334,143,156,156,256,256,274,274,374,167,167,224,242,255,278,278,310,324,355,386,398,511,523,545,557,585,614,645,683,715,162,187,187,62,90,90,100,100,100],"floor_reached":51,"playtime":9581,"items_purged":["Strike_R","Defend_R"],"score":848,"play_id":"53e6d6ee-5846-47f9-ae75-0136fb605b0e","local_time":"20190601103248","is_ascension_mode":false,"campfire_choices":[{"data":"Anger","floor":6,"key":"SMITH"},{"floor":15,"key":"REST"},{"floor":27,"key":"REST"},{"floor":32,"key":"REST"},{"floor":44,"key":"REST"},{"floor":49,"key":"REST"}],"neow_cost":"NONE","seed_source_timestamp":214094719439485,"circlet_count":0,"master_deck":["Strike_R+1","Strike_R+1","Strike_R+1","Strike_R+1","Defend_R+1","Defend_R+1","Defend_R+1","Bash+1","Headbutt+1","Shrug It Off+1","Anger+1","Dropkick+1","True Grit+1","Demon Form+1","Warcry+1","Perfected Strike+1","Twin Strike+1","Rebound+1","Secret Weapon+1","Combust+1","Headbutt+1","Distraction+1","Double Energy+1","PiercingWail+1","Twin Strike+1","Iron Wave+1","Iron Wave+1","Headbutt+1","Reaper+1","Finesse+1","Steam+1","Dagger Spray+1","Headbutt+1","Fiend Fire+1","Clash+1","Rebound+1","Dramatic Entrance+1","Clash+1","All For One+1","Stack+1","All For One+1","Flash of Steel"],"relics":["Burning Blood","Potion Belt","Mummified Hand","Red Skull","Bronze Scales","Vajra","PrismaticShard","Black Star","Calipers","Mercury Hourglass","Lee\u0027s Waffle","Kunai","Tiny Chest","Pantograph","Centennial Puzzle","Blood Vial","Bag of Preparation","MawBank","Bottled Flame","Orrery","Smiling Mask","Anchor","Oddly Smooth Stone","Ancient Tea Set","Toolbox","Regal Pillow","Question Card","Letter Opener","Mark of the Bloom"],"potions_floor_usage":[20,20,20,29,30,33,33,40,48,50,50,50,50,50],"damage_taken":[{"damage":5,"enemies":"Cultist","floor":1,"turns":4},{"damage":11,"enemies":"Jaw Worm","floor":2,"turns":2},{"damage":0,"enemies":"2 Louse","floor":3,"turns":2},{"damage":16,"enemies":"Large Slime","floor":4,"turns":5},{"damage":10,"enemies":"Exordium Wildlife","floor":5,"turns":5},{"damage":27,"enemies":"3 Sentries","floor":7,"turns":10},{"damage":34,"enemies":"Gremlin Nob","floor":8,"turns":5},{"damage":1,"enemies":"2 Fungi Beasts","floor":11,"turns":3},{"damage":10,"enemies":"Lots of Slimes","floor":12,"turns":2},{"damage":5,"enemies":"Looter","floor":14,"turns":2},{"damage":28,"enemies":"Hexaghost","floor":16,"turns":8},{"damage":16,"enemies":"Shell Parasite","floor":18,"turns":5},{"damage":23,"enemies":"Colosseum Slavers","floor":20,"turns":3},{"damage":28,"enemies":"Colosseum Nobs","floor":20,"turns":4},{"damage":14,"enemies":"Gremlin Leader","floor":23,"turns":5},{"damage":5,"enemies":"2 Thieves","floor":24,"turns":4},{"damage":34,"enemies":"Centurion and Healer","floor":25,"turns":6},{"damage":50,"enemies":"Slavers","floor":28,"turns":4},{"damage":24,"enemies":"Sentry and Sphere","floor":29,"turns":4},{"damage":14,"enemies":"Book of Stabbing","floor":30,"turns":3},{"damage":0,"enemies":"Snake Plant","floor":31,"turns":2},{"damage":64,"enemies":"Automaton","floor":33,"turns":8},{"damage":24,"enemies":"3 Darklings","floor":35,"turns":4},{"damage":13,"enemies":"Orb Walker","floor":37,"turns":3},{"damage":38,"enemies":"Writhing Mass","floor":38,"turns":4},{"damage":6,"enemies":"3 Darklings","floor":39,"turns":3},{"damage":95,"enemies":"Nemesis","floor":40,"turns":9},{"damage":0,"enemies":"Maw","floor":41,"turns":6},{"damage":22,"enemies":"Reptomancer","floor":46,"turns":5},{"damage":0,"enemies":"Jaw Worm Horde","floor":48,"turns":2},{"damage":12,"enemies":"Time Eater","floor":50,"turns":9}],"seed_played":"8377909850389147757","potions_obtained":[{"floor":3,"key":"Explosive Potion"},{"floor":4,"key":"SpeedPotion"},{"floor":5,"key":"Strength Potion"},{"floor":7,"key":"Explosive Potion"},{"floor":12,"key":"SneckoOil"},{"floor":14,"key":"FairyPotion"},{"floor":20,"key":"Fruit Juice"},{"floor":24,"key":"FearPotion"},{"floor":25,"key":"Ancient Potion"},{"floor":28,"key":"Strength Potion"},{"floor":31,"key":"EssenceOfSteel"},{"floor":36,"key":"LiquidBronze"},{"floor":36,"key":"EssenceOfSteel"},{"floor":36,"key":"PowerPotion"},{"floor":40,"key":"Ancient Potion"},{"floor":41,"key":"Ancient Potion"},{"floor":46,"key":"AttackPotion"},{"floor":48,"key":"Poison Potion"}],"is_trial":false,"path_per_floor":["?","T","$","M","?","?","T","?","M","?"],"character_chosen":"IRONCLAD","items_purchased":["PrismaticShard","Lee\u0027s Waffle","Oddly Smooth Stone","Ancient Tea Set","Toolbox","BloodPotion"],"campfire_rested":5,"item_purchase_floors":[13,21,42,42,42,45],"current_hp_per_floor":[80,75,80,70,66,66,45,17,17,17,22,18,18,19,43,21,80,70,70,36,92,92,84,85,57,57,84,40,24,18,26,53,22,92,81,81,76,46,63,12,26,26,26,68,68,69,69,69,69,57],"gold":100,"neow_bonus":"RANDOM_COMMON_RELIC","is_prod":false,"is_daily":false,"chose_seed":false,"campfire_upgraded":1,"win_rate":0.0,"timestamp":1559413968,"path_taken":["M","M","M","M","M","R","E","?","T","?","M","M","?","?","R","BOSS","M","?","?","$","?","E","M","M","T","R","E","M","E","M","R","BOSS","M","?","M","M","?","E","M","$","T","R","$","E","?","M","R","BOSS"],"build_version":"2019-01-23","purchased_purges":2,"victory":true,"max_hp_per_floor":[80,80,80,80,80,80,80,80,80,80,80,80,80,80,80,80,80,80,80,85,92,92,92,92,92,92,92,92,92,92,92,92,92,92,92,92,92,92,92,92,92,92,92,92,92,92,92,92,92,92],"card_choices":[{"not_picked":["Body Slam","Pommel Strike"],"picked":"Headbutt","floor":1},{"not_picked":["Combust","Blood for Blood"],"picked":"Shrug It Off","floor":2},{"not_picked":["Warcry","True Grit"],"picked":"Anger","floor":3},{"not_picked":["Clash","Headbutt"],"picked":"Dropkick","floor":4},{"not_picked":["Flex","Berserk"],"picked":"True Grit","floor":5},{"not_picked":["Heavy Blade","Shrug It Off"],"picked":"Demon Form","floor":7},{"not_picked":["Shrug It Off","Burning Pact"],"picked":"Warcry","floor":8},{"not_picked":["Entrench","Armaments"],"picked":"Perfected Strike","floor":11},{"not_picked":["Body Slam","Clash"],"picked":"Twin Strike","floor":12},{"not_picked":["Impatience","Gash"],"picked":"Rebound","floor":14},{"not_picked":["A Thousand Cuts","Chrysalis"],"picked":"Secret Weapon","floor":16},{"not_picked":["Armaments","Coolheaded"],"picked":"Combust+1","floor":18},{"not_picked":["Reinforced Body","Rebound"],"picked":"Headbutt+1","floor":20},{"not_picked":["Clash","Body Slam"],"picked":"Distraction+1","floor":23},{"not_picked":["Heavy Blade","Reckless Charge"],"picked":"Double Energy+1","floor":24},{"not_picked":["Purity","Glacier"],"picked":"PiercingWail+1","floor":25},{"not_picked":["Riddle With Holes","True Grit+1"],"picked":"Twin Strike","floor":28},{"not_picked":["HandOfGreed","Deadly Poison+1"],"picked":"Iron Wave","floor":29},{"not_picked":["Sever Soul","Lockon"],"picked":"Iron Wave","floor":30},{"not_picked":["Sword Boomerang","Calculated Gamble"],"picked":"Headbutt+1","floor":31},{"not_picked":["Thunder Strike","Bludgeon"],"picked":"Reaper","floor":33},{"not_picked":["Undo+1","Noxious Fumes+1"],"picked":"Finesse","floor":34},{"not_picked":["Conserve Battery","Ball Lightning+1"],"picked":"Steam+1","floor":34},{"not_picked":["Coolheaded","True Grit"],"picked":"Dagger Spray","floor":34},{"not_picked":["Rupture+1","Underhanded Strike"],"picked":"Headbutt","floor":34},{"not_picked":["Barrage","Spot Weakness"],"picked":"Fiend Fire","floor":34},{"not_picked":["Stack+1","Outmaneuver+1"],"picked":"Clash","floor":35},{"not_picked":["Clothesline","Flex"],"picked":"Rebound+1","floor":37},{"not_picked":["Flex","Self Repair"],"picked":"Dramatic Entrance","floor":38},{"not_picked":["Quick Slash","Deflect"],"picked":"Clash+1","floor":39},{"not_picked":["Acrobatics","Steam+1"],"picked":"All For One","floor":40},{"not_picked":["Chill","Coolheaded"],"picked":"Stack+1","floor":41},{"not_picked":["Perfected Strike+1","Thunderclap+1"],"picked":"All For One","floor":46},{"not_picked":["Cleave","Intimidate+1","Hello World+1"],"picked":"Flash of Steel","floor":48}],"player_experience":24193,"relics_obtained":[{"floor":7,"key":"Mummified Hand"},{"floor":8,"key":"Red Skull"},{"floor":9,"key":"Bronze Scales"},{"floor":10,"key":"Vajra"},{"floor":20,"key":"Calipers"},{"floor":20,"key":"Mercury Hourglass"},{"floor":22,"key":"Kunai"},{"floor":23,"key":"Tiny Chest"},{"floor":23,"key":"Pantograph"},{"floor":26,"key":"Centennial Puzzle"},{"floor":28,"key":"Blood Vial"},{"floor":28,"key":"Bag of Preparation"},{"floor":30,"key":"MawBank"},{"floor":30,"key":"Bottled Flame"},{"floor":40,"key":"Smiling Mask"},{"floor":40,"key":"Anchor"},{"floor":43,"key":"Regal Pillow"},{"floor":46,"key":"Question Card"},{"floor":46,"key":"Letter Opener"}],"event_choices":[{"damage_healed":0,"gold_gain":0,"player_choice":"Searched \u00271\u0027 times","damage_taken":0,"max_hp_gain":0,"max_hp_loss":0,"event_name":"Dead Adventurer","floor":8,"gold_loss":0},{"damage_healed":0,"gold_gain":0,"player_choice":"Ignored","damage_taken":0,"max_hp_gain":0,"max_hp_loss":0,"event_name":"Beggar","floor":19,"gold_loss":0},{"damage_healed":0,"gold_gain":0,"player_choice":"Fight","damage_taken":0,"max_hp_gain":0,"max_hp_loss":0,"event_name":"Colosseum","floor":20,"gold_loss":0},{"damage_healed":0,"gold_gain":0,"player_choice":"Fought Nobs","damage_taken":0,"max_hp_gain":0,"max_hp_loss":0,"event_name":"Colosseum","floor":20,"gold_loss":0},{"damage_healed":0,"gold_gain":0,"player_choice":"Got Potions","damage_taken":0,"max_hp_gain":0,"max_hp_loss":0,"event_name":"Lab","floor":36,"gold_loss":0},{"damage_healed":0,"gold_gain":0,"player_choice":"Upgrade","damage_taken":0,"relics_obtained":["Mark of the Bloom"],"max_hp_gain":0,"max_hp_loss":0,"event_name":"MindBloom","floor":47,"gold_loss":0,"cards_upgraded":["Strike_R","Strike_R","Strike_R","Strike_R","Defend_R","Defend_R","Defend_R","Bash","Headbutt","Shrug It Off","Dropkick","True Grit","Demon Form","Warcry","Perfected Strike","Twin Strike","Rebound","Secret Weapon","Twin Strike","Iron Wave","Iron Wave","Reaper","Finesse","Dagger Spray","Headbutt","Fiend Fire","Clash","Dramatic Entrance","All For One","All For One"]}],"is_beta":false,"boss_relics":[{"not_picked":["Velvet Choker","Cursed Key"],"picked":"Black Star"},{"not_picked":["Calling Bell","Runic Cube"],"picked":"Orrery"}],"items_purged_floors":[42,45],"is_endless":false,"potions_floor_spawned":[3,4,5,7,12,14,20,24,25,28,31,40,41,46,48],"ascension_level":0}