{"gold_per_floor":[110,110,110,124,136,136,152,152,206,206,235,235,252,270,270,375,375,393,404,418,517,517,517,517],"floor_reached":24,"playtime":2365,"items_purged":[],"score":198,"play_id":"bcb559ec-1ea7-4424-9c4b-ebef1c9f39d1","local_time":"20190602034703","is_ascension_mode":false,"campfire_choices":[{"data":"Redo","floor":6,"key":"SMITH"},{"floor":8,"key":"REST"},{"floor":12,"key":"REST"},{"floor":15,"key":"REST"},{"floor":23,"key":"REST"}],"neow_cost":"PERCENT_DAMAGE","seed_source_timestamp":283411552712450,"circlet_count":0,"master_deck":["Strike_B","Strike_B+1","Defend_B","Defend_B","Defend_B","Zap","Dualcast","Redo+1","Lockon+1","Gash","Self Repair","Pain","Chaos","Cold Snap","Steam","Core Surge","Ball Lightning","Loop+1","Barrage","Decay"],"relics":["Cracked Core","Whetstone","WarpedTongs","Pen Nib","Black Star"],"potions_floor_usage":[16,16,24],"damage_taken":[{"damage":6,"enemies":"2 Louse","floor":1,"turns":2},{"damage":3,"enemies":"Jaw Worm","floor":4,"turns":4},{"damage":0,"enemies":"Cultist","floor":5,"turns":3},{"damage":12,"enemies":"Large Slime","floor":7,"turns":5},{"damage":42,"enemies":"Lagavulin","floor":11,"turns":7},{"damage":24,"enemies":"Red Slaver","floor":13,"turns":3},{"damage":15,"enemies":"3 Louse","floor":14,"turns":2},{"damage":17,"enemies":"The Guardian","floor":16,"turns":10},{"damage":15,"enemies":"Chosen","floor":18,"turns":5},{"damage":24,"enemies":"2 Thieves","floor":19,"turns":4},{"damage":23,"enemies":"Snake Plant","floor":20,"turns":4},{"damage":67,"enemies":"Slavers","floor":24,"turns":4}],"seed_played":"-8558806384423154413","potions_obtained":[{"floor":3,"key":"Ancient Potion"},{"floor":3,"key":"SkillPotion"},{"floor":3,"key":"Weak Potion"},{"floor":5,"key":"SkillPotion"},{"floor":19,"key":"Ancient Potion"}],"is_trial":false,"path_per_floor":["?","?","M","?","M","?","?"],"character_chosen":"DEFECT","items_purchased":[],"campfire_rested":4,"item_purchase_floors":[],"current_hp_per_floor":[48,41,41,38,38,38,26,48,48,48,16,38,24,9,31,24,75,70,53,40,40,40,62,0],"gold":517,"neow_bonus":"REMOVE_TWO","is_prod":false,"is_daily":false,"chose_seed":false,"campfire_upgraded":1,"win_rate":0,"timestamp":1559476023,"path_taken":["M","?","?","M","M","R","?","R","T","?","E","R","?","M","R","BOSS","M","M","M","?","?","R","E"],"build_version":"2019-01-23","purchased_purges":0,"victory":false,"max_hp_per_floor":[75,75,75,75,75,75,75,75,75,75,75,75,75,75,75,75,75,75,75,75,75,75,75,75],"card_choices":[{"not_picked":["Barrage","Stack"],"picked":"Redo","floor":1},{"not_picked":["Hologram","Tempest"],"picked":"Lockon","floor":4},{"not_picked":["Go for the Eyes","Ball Lightning"],"picked":"Gash","floor":5},{"not_picked":["Hologram","Leap"],"picked":"Self Repair","floor":7},{"not_picked":["Beam Cell","Hello World"],"picked":"Chaos","floor":11},{"not_picked":["Go for the Eyes","Rebound"],"picked":"Cold Snap","floor":13},{"not_picked":["Hologram","Tempest"],"picked":"Steam","floor":14},{"not_picked":["Thunder Strike","Meteor Strike"],"picked":"Core Surge","floor":16},{"not_picked":["Hologram","Blizzard+1"],"picked":"Ball Lightning","floor":18},{"not_picked":["Leap","Steam+1"],"picked":"Loop+1","floor":19},{"not_picked":["Darkness","Blizzard"],"picked":"Barrage","floor":20}],"player_experience":52311,"relics_obtained":[{"floor":9,"key":"Whetstone"},{"floor":11,"key":"Pen Nib"}],"event_choices":[{"cards_removed":["Strike_B"],"damage_healed":0,"gold_gain":0,"player_choice":"Card Removal","damage_taken":7,"max_hp_gain":0,"max_hp_loss":0,"event_name":"Golden Wing","floor":2,"gold_loss":0},{"damage_healed":0,"gold_gain":0,"player_choice":"Got Potions","damage_taken":0,"max_hp_gain":0,"max_hp_loss":0,"event_name":"Lab","floor":3,"gold_loss":0},{"damage_healed":0,"gold_gain":0,"player_choice":"Rummage","damage_taken":0,"relics_obtained":["WarpedTongs"],"max_hp_gain":0,"max_hp_loss":0,"event_name":"Accursed Blacksmith","floor":10,"gold_loss":0,"cards_obtained":["Pain"]},{"damage_healed":0,"gold_gain":99,"player_choice":"Stole From Cult","damage_taken":0,"max_hp_gain":0,"max_hp_loss":0,"event_name":"Nest","floor":21,"gold_loss":0},{"damage_healed":0,"gold_gain":0,"player_choice":"Cursed","damage_taken":0,"max_hp_gain":0,"max_hp_loss":0,"event_name":"Wheel of Change","floor":22,"gold_loss":0,"cards_obtained":["Decay"]}],"is_beta":false,"boss_relics":[{"not_picked":["Snecko Eye","Orrery"],"picked":"Black Star"}],"items_purged_floors":[],"is_endless":false,"potions_floor_spawned":[5,13,14,19],"killed_by":"Slavers","ascension_level":0}