{"gold_per_floor":[216,235,235,235,256,256,256,295,295,315,315,69,83,107,107,203,203,223,19,43,68,68],"floor_reached":22,"playtime":608,"items_purged":[],"score":367,"play_id":"0d7b15c3-3156-48e4-9307-43fdbc50c2cc","local_time":"20190526113309","is_ascension_mode":true,"campfire_choices":[{"data":"Bludgeon","floor":7.0,"key":"SMITH"},{"floor":15.0,"key":"REST"}],"neow_cost":"NONE","seed_source_timestamp":72709232138372,"circlet_count":0,"master_deck":["AscendersBane","Strike_R","Strike_R","Strike_R","Strike_R","Strike_R+1","Defend_R","Defend_R","Defend_R","Defend_R+1","Bash","Headbutt","Pommel Strike+1","Heavy Blade","Bludgeon+1","Disarm","Inflame","Barricade","Metallicize"],"special_seed":0,"relics":["Burning Blood","Golden Idol","FossilizedHelix","Charon\u0027s Ashes","Bronze Scales","Velvet Choker","Anchor"],"potions_floor_usage":[18,18],"damage_taken":[{"damage":8.0,"enemies":"Cultist","floor":1.0,"turns":5.0},{"damage":12.0,"enemies":"Jaw Worm","floor":2.0,"turns":3.0},{"damage":3.0,"enemies":"2 Louse","floor":5.0,"turns":3.0},{"damage":32.0,"enemies":"Gremlin Nob","floor":8.0,"turns":4.0},{"damage":0.0,"enemies":"Exordium Thugs","floor":10.0,"turns":4.0},{"damage":0.0,"enemies":"Looter","floor":13.0,"turns":1.0},{"damage":14.0,"enemies":"Lots of Slimes","floor":14.0,"turns":4.0},{"damage":39.0,"enemies":"Hexaghost","floor":16.0,"turns":8.0},{"damage":9,"enemies":"2 Thieves","floor":18,"turns":3},{"damage":9,"enemies":"Chosen","floor":20,"turns":4},{"damage":36,"enemies":"Centurion and Healer","floor":21,"turns":5},{"damage":19,"enemies":"Shelled Parasite and Fungi","floor":22,"turns":3}],"seed_played":"-5519541388223002410","potions_obtained":[{"floor":2.0,"key":"FearPotion"},{"floor":10.0,"key":"SteroidPotion"},{"floor":13.0,"key":"Strength Potion"},{"floor":16.0,"key":"AttackPotion"},{"floor":20,"key":"SpeedPotion"},{"floor":21,"key":"Ancient Potion"}],"is_trial":false,"path_per_floor":["M","M","?","?","M","?","R","E","T","M","?","$","M","M","R","B",null,"M","$","M","M","M"],"character_chosen":"IRONCLAD","items_purchased":["Bronze Scales","Inflame","Anchor","Metallicize"],"campfire_rested":1,"item_purchase_floors":[12,12,19,19],"current_hp_per_floor":[66,60,60,40,43,43,43,17,17,23,23,23,29,21,41,8,53,50,50,47,17,0],"gold":68,"neow_bonus":"HUNDRED_GOLD","is_prod":false,"is_daily":false,"chose_seed":false,"campfire_upgraded":1,"win_rate":0,"timestamp":1558891989,"path_taken":["M","M","?","?","M","?","R","E","T","?","?","$","M","M","R","BOSS","M","$","M","M","M"],"build_version":"2019-01-23","purchased_purges":0,"victory":false,"max_hp_per_floor":[75,75,68,68,68,68,68,68,68,68,68,68,68,68,68,68,68,68,68,68,68,68],"card_choices":[{"not_picked":["Havoc","Evolve"],"picked":"Headbutt","floor":1.0},{"not_picked":["Armaments","Body Slam"],"picked":"Pommel Strike","floor":2.0},{"not_picked":["Perfected Strike","Havoc","Thunderclap"],"picked":"SKIP","floor":5.0},{"not_picked":["Clash","Thunderclap"],"picked":"Disarm","floor":8.0},{"not_picked":["Flex","Anger","Clothesline"],"picked":"SKIP","floor":10.0},{"not_picked":["Warcry","Clash","Perfected Strike"],"picked":"SKIP","floor":13.0},{"not_picked":["Combust","Wild Strike","Carnage"],"picked":"SKIP","floor":14.0},{"not_picked":["Reaper","Exhume"],"picked":"Barricade","floor":16.0},{"not_picked":["Warcry+1","Fire Breathing","Thunderclap"],"picked":"SKIP","floor":18},{"not_picked":["Disarm","Havoc","Feel No Pain"],"picked":"SKIP","floor":20},{"not_picked":["Infernal Blade","Rupture","Twin Strike+1"],"picked":"SKIP","floor":21}],"player_experience":611567,"relics_obtained":[{"floor":8.0,"key":"FossilizedHelix"},{"floor":9.0,"key":"Charon\u0027s Ashes"}],"event_choices":[{"damage_healed":0.0,"max_hp_gain":0.0,"max_hp_loss":7.0,"gold_gain":0.0,"event_name":"Golden Idol","player_choice":"Lose Max HP","floor":3.0,"gold_loss":0.0,"damage_taken":0.0,"relics_obtained":["Golden Idol"]},{"damage_healed":0.0,"max_hp_gain":0.0,"max_hp_loss":0.0,"gold_gain":0.0,"event_name":"Shining Light","player_choice":"Entered Light","floor":4.0,"gold_loss":0.0,"damage_taken":20.0,"cards_upgraded":["Strike_R","Defend_R"]},{"damage_healed":0.0,"max_hp_gain":0.0,"max_hp_loss":0.0,"gold_gain":0.0,"event_name":"Match and Keep!","player_choice":"2 cards matched","floor":6.0,"gold_loss":0.0,"damage_taken":0.0,"cards_obtained":["Heavy Blade","Bludgeon"]},{"damage_healed":0.0,"max_hp_gain":0.0,"max_hp_loss":0.0,"gold_gain":0.0,"event_name":"Accursed Blacksmith","player_choice":"Forge","floor":11.0,"gold_loss":0.0,"damage_taken":0.0,"cards_upgraded":["Pommel Strike"]}],"is_beta":false,"boss_relics":[{"not_picked":["Snecko Eye","Busted Crown"],"picked":"Velvet Choker"}],"items_purged_floors":[],"is_endless":false,"potions_floor_spawned":[2,10,13,16,20,21],"killed_by":"Shelled Parasite and Fungi","ascension_level":19}