{"gold_per_floor":[109,184,184,67,67,99,111,139,163,163,5,19,19,33,33,110,110,127,147,147,117,132,132,144,144,144,159,159,178,178,194,194,273,273,288,302,302,402,402,402,402],"floor_reached":41,"playtime":1319,"items_purged":["Regret"],"score":852,"play_id":"e621069c-6779-4f6a-b2d7-86fab6f0b355","local_time":"20190527174931","is_ascension_mode":true,"campfire_choices":[{"data":"Spot Weakness","floor":10.0,"key":"SMITH"},{"data":"Shrug It Off","floor":13.0,"key":"SMITH"},{"data":"Bash","floor":15.0,"key":"SMITH"},{"floor":23.0,"key":"REST"},{"floor":25.0,"key":"REST"},{"data":"Perfected Strike","floor":28.0,"key":"SMITH"},{"data":"Anger","floor":32.0,"key":"SMITH"},{"floor":40,"key":"REST"}],"neow_cost":"NONE","seed_source_timestamp":180934231649696,"circlet_count":0,"master_deck":["AscendersBane","Strike_R","Strike_R","Strike_R","Defend_R","Defend_R","Defend_R","Defend_R","Bash+1","Whirlwind+1","Battle Trance","Perfected Strike+1","Spot Weakness+1","Shrug It Off+1","Anger+1","Uppercut+1","Ghostly+1","Ghostly+1","Ghostly+1","Thinking Ahead+1","Fire Breathing"],"special_seed":0,"relics":["Burning Blood","NeowsBlessing","Lantern","Regal Pillow","Mercury Hourglass","Bag of Marbles","Happy Flower","Sozu","Toxic Egg 2","Cursed Key","Calipers"],"potions_floor_usage":[],"damage_taken":[{"damage":0.0,"enemies":"Small Slimes","floor":1.0,"turns":1.0},{"damage":0.0,"enemies":"Gremlin Nob","floor":6.0,"turns":1.0},{"damage":0.0,"enemies":"2 Louse","floor":7.0,"turns":1.0},{"damage":15.0,"enemies":"3 Sentries","floor":8.0,"turns":3.0},{"damage":0.0,"enemies":"Jaw Worm","floor":12.0,"turns":1.0},{"damage":0.0,"enemies":"Red Slaver","floor":14.0,"turns":1.0},{"damage":25.0,"enemies":"The Guardian","floor":16.0,"turns":12.0},{"damage":19.0,"enemies":"Spheric Guardian","floor":18.0,"turns":4.0},{"damage":12.0,"enemies":"Shell Parasite","floor":19.0,"turns":3.0},{"damage":33.0,"enemies":"Snake Plant","floor":22.0,"turns":3.0},{"damage":32.0,"enemies":"Cultist and Chosen","floor":24.0,"turns":4.0},{"damage":21.0,"enemies":"Shelled Parasite and Fungi","floor":27.0,"turns":2.0},{"damage":21.0,"enemies":"Snake Plant","floor":29.0,"turns":3.0},{"damage":0.0,"enemies":"Snecko","floor":31.0,"turns":3.0},{"damage":20.0,"enemies":"Collector","floor":33.0,"turns":7.0},{"damage":29.0,"enemies":"3 Darklings","floor":35.0,"turns":2.0},{"damage":4.0,"enemies":"3 Shapes","floor":36.0,"turns":5.0},{"damage":0,"enemies":"Mind Bloom Boss Battle","floor":38,"turns":5},{"damage":38,"enemies":"Nemesis","floor":41,"turns":5}],"seed_played":"8028108530658476342","potions_obtained":[{"floor":6.0,"key":"SpeedPotion"},{"floor":8.0,"key":"Swift Potion"},{"floor":12.0,"key":"AttackPotion"}],"is_trial":false,"path_per_floor":["M","?","?","$","?","E","M","E","T","R","$","M","R","M","R","B",null,"M","M","?","$","M","R","M","R","T","M","R","M","?","M","R","B",null,"M","M","?","?","?","R","E"],"character_chosen":"IRONCLAD","items_purchased":["Battle Trance","Happy Flower","Anger"],"campfire_rested":3,"item_purchase_floors":[4,11,21],"current_hp_per_floor":[74,63,63,63,63,69,75,66,66,66,66,72,72,75,75,56,70,57,51,51,51,24,61,35,72,72,57,57,42,37,37,37,23,34,11,13,13,19,19,37,0],"gold":402,"neow_bonus":"THREE_ENEMY_KILL","is_prod":false,"is_daily":false,"chose_seed":false,"campfire_upgraded":5,"win_rate":0,"timestamp":1559000971,"path_taken":["M","?","?","$","?","E","?","E","T","R","?","M","R","M","R","BOSS","M","M","?","?","?","R","M","R","T","M","R","M","?","M","R","BOSS","M","M","?","?","?","R","E"],"build_version":"2019-01-23","purchased_purges":1,"victory":false,"max_hp_per_floor":[75,75,75,75,75,75,75,75,75,75,75,75,75,75,75,75,75,75,75,75,75,75,75,75,75,75,75,75,75,37,37,37,37,37,37,37,37,37,37,37,37],"card_choices":[{"not_picked":["Clothesline","Anger"],"picked":"Whirlwind","floor":1.0},{"not_picked":["Havoc","Twin Strike"],"picked":"Perfected Strike","floor":6.0},{"not_picked":["Second Wind","Wild Strike","True Grit"],"picked":"SKIP","floor":7.0},{"not_picked":["Rampage","Anger"],"picked":"Spot Weakness","floor":8.0},{"not_picked":["Dark Embrace","Thunderclap"],"picked":"Shrug It Off","floor":12.0},{"not_picked":["Metallicize","Second Wind","Flex"],"picked":"SKIP","floor":14.0},{"not_picked":["Perfected Strike","Pummel","Heavy Blade"],"picked":"SKIP","floor":18.0},{"not_picked":["Clash","Twin Strike","Body Slam"],"picked":"SKIP","floor":19.0},{"not_picked":["Warcry","True Grit","Sword Boomerang"],"picked":"SKIP","floor":22.0},{"not_picked":["Pommel Strike","Rupture"],"picked":"Uppercut+1","floor":24.0},{"not_picked":["Flex+1","Heavy Blade","Clothesline"],"picked":"SKIP","floor":27.0},{"not_picked":["Brutality","Searing Blow","Clothesline"],"picked":"SKIP","floor":29.0},{"not_picked":["Headbutt","Burning Pact+1","Anger"],"picked":"SKIP","floor":31.0},{"not_picked":["Entrench+1","Perfected Strike","Second Wind+1"],"picked":"SKIP","floor":35.0},{"not_picked":["Havoc+1","Combust","Perfected Strike"],"picked":"SKIP","floor":36.0},{"not_picked":["Mayhem","Metamorphosis+1"],"picked":"Thinking Ahead+1","floor":37.0}],"player_experience":643758,"relics_obtained":[{"floor":6.0,"key":"Regal Pillow"},{"floor":8.0,"key":"Mercury Hourglass"},{"floor":9.0,"key":"Bag of Marbles"},{"floor":26.0,"key":"Toxic Egg 2"},{"floor":38,"key":"Calipers"}],"event_choices":[{"damage_healed":0.0,"max_hp_gain":0.0,"max_hp_loss":0.0,"gold_gain":75.0,"event_name":"World of Goop","player_choice":"Gather Gold","floor":2.0,"gold_loss":0.0,"damage_taken":11.0},{"damage_healed":0.0,"max_hp_gain":0.0,"max_hp_loss":0.0,"gold_gain":0.0,"event_name":"Big Fish","player_choice":"Box","floor":3.0,"gold_loss":0.0,"damage_taken":0.0,"relics_obtained":["Lantern"],"cards_obtained":["Regret"]},{"damage_healed":0.0,"max_hp_gain":0.0,"max_hp_loss":0.0,"gold_gain":0.0,"event_name":"Living Wall","player_choice":"Grow","floor":5.0,"gold_loss":0.0,"damage_taken":0.0,"cards_upgraded":["Whirlwind"]},{"cards_removed":["Strike_R"],"damage_healed":0.0,"max_hp_gain":0.0,"max_hp_loss":0.0,"gold_gain":0.0,"event_name":"Purifier","player_choice":"Purged","floor":20.0,"gold_loss":0.0,"damage_taken":0.0},{"damage_healed":0.0,"max_hp_gain":0.0,"max_hp_loss":38.0,"gold_gain":0.0,"event_name":"Ghosts","player_choice":"Became a Ghost","floor":30.0,"gold_loss":0.0,"damage_taken":0.0,"cards_obtained":["Ghostly","Ghostly","Ghostly"]},{"damage_healed":0.0,"max_hp_gain":0.0,"max_hp_loss":0.0,"gold_gain":0.0,"event_name":"SensoryStone","player_choice":"Memory 1","floor":37.0,"gold_loss":0.0,"damage_taken":0.0},{"damage_healed":0,"gold_gain":0,"player_choice":"Fight","damage_taken":0,"max_hp_gain":0,"max_hp_loss":0,"event_name":"MindBloom","floor":38,"gold_loss":0},{"damage_healed":0,"gold_gain":0,"cards_transformed":["Strike_R"],"player_choice":"Transformed","damage_taken":0,"max_hp_gain":0,"max_hp_loss":0,"event_name":"Transmorgrifier","floor":39,"gold_loss":0,"cards_obtained":["Fire Breathing"]}],"is_beta":false,"boss_relics":[{"not_picked":["Astrolabe","Velvet Choker"],"picked":"Sozu"},{"not_picked":["Calling Bell","Lizard Tail"],"picked":"Cursed Key"}],"items_purged_floors":[4],"is_endless":false,"potions_floor_spawned":[6,8,12,14,18,27,31,33,36,38],"killed_by":"Nemesis","ascension_level":20}