{"gold_per_floor":[112,112,128,144,144,144,164,164,164,164,164],"floor_reached":11,"playtime":330,"items_purged":[],"score":123,"play_id":"4a0a10bb-5043-4170-9b61-c24a7fc04c6e","local_time":"20190330214352","is_ascension_mode":true,"campfire_choices":[{"data":"1","floor":6,"key":"LIFT"},{"data":"2","floor":8,"key":"LIFT"},{"data":"3","floor":10,"key":"LIFT"}],"neow_cost":"PERCENT_DAMAGE","seed_source_timestamp":175223536402266,"circlet_count":0,"master_deck":["AscendersBane","Defend_G","Defend_G","Defend_G","Defend_G","Defend_G","Strike_G","Strike_G","Strike_G","Strike_G","Strike_G","Survivor","Neutralize","Backflip","Cloak And Dagger"],"relics":["Ring of the Snake","Girya","Pantograph","Ornamental Fan"],"potions_floor_usage":[],"damage_taken":[{"damage":2,"enemies":"Small Slimes","floor":1,"turns":6},{"damage":4,"enemies":"Jaw Worm","floor":3,"turns":6},{"damage":0,"enemies":"2 Louse","floor":4,"turns":3},{"damage":27,"enemies":"Exordium Thugs","floor":7,"turns":5},{"damage":9,"enemies":"Lagavulin","floor":11,"turns":3}],"seed_played":"-2850663507166166886","potions_obtained":[],"is_trial":false,"path_per_floor":["M","?","M","M","?","R","M","R","T","R","E"],"character_chosen":"THE_SILENT","items_purchased":[],"campfire_rested":0,"item_purchase_floors":[],"current_hp_per_floor":[42,42,38,38,33,33,6,6,6,6,0],"gold":164,"neow_bonus":"ONE_RARE_RELIC","is_prod":false,"is_daily":false,"chose_seed":false,"campfire_upgraded":0,"win_rate":0,"timestamp":1554003832,"path_taken":["M","?","M","M","?","R","M","R","T","R","E"],"build_version":"2019-01-23","purchased_purges":0,"victory":false,"max_hp_per_floor":[66,66,66,66,66,66,66,66,66,66,66],"card_choices":[{"not_picked":["Quick Slash","Underhanded Strike"],"picked":"Backflip","floor":1},{"not_picked":["Acrobatics","Poisoned Stab","Flechettes"],"picked":"SKIP","floor":3},{"not_picked":["Reflex","Heel Hook"],"picked":"Cloak And Dagger","floor":4},{"not_picked":["Blade Dance","PiercingWail","Outmaneuver"],"picked":"SKIP","floor":7}],"player_experience":368009,"relics_obtained":[{"floor":9,"key":"Ornamental Fan"}],"event_choices":[{"damage_healed":0,"gold_gain":0,"player_choice":"Ignored","damage_taken":0,"max_hp_gain":0,"max_hp_loss":0,"event_name":"Liars Game","floor":2,"gold_loss":0},{"damage_healed":0,"gold_gain":0,"player_choice":"Success","damage_taken":5,"relics_obtained":["Pantograph"],"max_hp_gain":0,"max_hp_loss":0,"event_name":"Scrap Ooze","floor":5,"gold_loss":0}],"is_beta":false,"boss_relics":[],"items_purged_floors":[],"is_endless":false,"potions_floor_spawned":[],"killed_by":"Lagavulin","ascension_level":19}