{"gold_per_floor":[110,60,135,154,154,185,205,236,284,309,350,238,238,262,262,262],"floor_reached":16,"playtime":480,"items_purged":[],"score":239,"play_id":"18ebc190-dd93-4ee9-b11c-c8fab65cde5d","local_time":"20190517002849","is_ascension_mode":true,"campfire_choices":[{"data":"Heavy Blade","floor":13,"key":"SMITH"},{"data":"Uppercut","floor":15,"key":"SMITH"}],"neow_cost":"NONE","seed_source_timestamp":1215558925483520,"circlet_count":0,"master_deck":["AscendersBane","Strike_R","Strike_R","Strike_R","Strike_R","Defend_R","Defend_R","Defend_R","Defend_R","Bash","Carnage","Cleave","Shrug It Off+1","Inflame","Heavy Blade+1","Deep Breath+1","Shrug It Off+1","Uppercut+1"],"relics":["Burning Blood","NeowsBlessing","Golden Idol","Toxic Egg 2","PreservedInsect","Pen Nib","Bird Faced Urn"],"potions_floor_usage":[],"damage_taken":[{"damage":0,"enemies":"Jaw Worm","floor":1,"turns":1},{"damage":0,"enemies":"2 Louse","floor":4,"turns":1},{"damage":0,"enemies":"Lagavulin","floor":6,"turns":1},{"damage":7,"enemies":"Small Slimes","floor":7,"turns":4},{"damage":30,"enemies":"3 Sentries","floor":8,"turns":6},{"damage":12,"enemies":"Looter","floor":10,"turns":4},{"damage":24,"enemies":"Lagavulin","floor":11,"turns":5},{"damage":8,"enemies":"Blue Slaver","floor":14,"turns":4},{"damage":27,"enemies":"The Guardian","floor":16,"turns":11}],"seed_played":"-229038531572605439","potions_obtained":[{"floor":1,"key":"SteroidPotion"},{"floor":4,"key":"Dexterity Potion"},{"floor":8,"key":"Fire Potion"}],"is_trial":false,"path_per_floor":["M","?","?","M","?","E","M","E","T","M","E","$","R","M","R","B"],"character_chosen":"IRONCLAD","items_purchased":["Deep Breath+1","Shrug It Off+1"],"campfire_rested":0,"item_purchase_floors":[12,12],"current_hp_per_floor":[78,78,67,73,73,74,73,49,49,43,25,25,25,25,25,0],"gold":262,"neow_bonus":"THREE_ENEMY_KILL","is_prod":false,"is_daily":false,"chose_seed":false,"campfire_upgraded":2,"win_rate":0,"timestamp":1558074529,"path_taken":["M","?","?","M","?","E","M","E","T","M","E","$","R","M","R","BOSS"],"build_version":"2019-01-23","purchased_purges":0,"victory":false,"max_hp_per_floor":[80,80,80,80,74,74,74,74,74,74,74,74,74,74,74,74],"card_choices":[{"not_picked":["Burning Pact","Wild Strike"],"picked":"Carnage","floor":1},{"not_picked":["Battle Trance","Intimidate","Seeing Red"],"picked":"SKIP","floor":4},{"not_picked":["Feel No Pain","Juggernaut"],"picked":"Cleave","floor":6},{"not_picked":["Headbutt","Anger"],"picked":"Shrug It Off+1","floor":7},{"not_picked":["Metallicize","Havoc+1"],"picked":"Inflame","floor":8},{"not_picked":["Rupture","Pommel Strike"],"picked":"Heavy Blade","floor":10},{"not_picked":["Bloodletting+1","Shrug It Off+1","Cleave"],"picked":"SKIP","floor":11},{"not_picked":["Cleave","Wild Strike"],"picked":"Uppercut","floor":14}],"player_experience":557296,"relics_obtained":[{"floor":6,"key":"Toxic Egg 2"},{"floor":8,"key":"PreservedInsect"},{"floor":9,"key":"Pen Nib"},{"floor":11,"key":"Bird Faced Urn"}],"event_choices":[{"cards_removed":["Strike_R"],"damage_healed":0,"gold_gain":0,"player_choice":"Card Removal","damage_taken":0,"max_hp_gain":0,"max_hp_loss":0,"event_name":"The Cleric","floor":2,"gold_loss":50},{"damage_healed":0,"gold_gain":75,"player_choice":"Gather Gold","damage_taken":11,"max_hp_gain":0,"max_hp_loss":0,"event_name":"World of Goop","floor":3,"gold_loss":0},{"damage_healed":0,"gold_gain":0,"player_choice":"Lose Max HP","damage_taken":0,"relics_obtained":["Golden Idol"],"max_hp_gain":0,"max_hp_loss":6,"event_name":"Golden Idol","floor":5,"gold_loss":0}],"is_beta":false,"boss_relics":[],"items_purged_floors":[],"is_endless":false,"potions_floor_spawned":[1,4,7,8],"killed_by":"The Guardian","ascension_level":13}