{"gold_per_floor":[119,119,139,152,171,202,202,182,482,493,511,511,522,522,522,617,617,637,657,582,582],"floor_reached":21,"playtime":1420,"items_purged":[],"score":320,"play_id":"a5e2cf6d-aa2b-45cc-ae5f-470f4dff35d8","local_time":"20190521140427","is_ascension_mode":true,"campfire_choices":[{"floor":7,"key":"REST"},{"floor":12,"key":"REST"},{"data":"Zap","floor":15,"key":"SMITH"}],"neow_cost":"NONE","seed_source_timestamp":167845113625000,"circlet_count":0,"master_deck":["AscendersBane","Strike_B","Strike_B","Strike_B","Defend_B","Defend_B","Defend_B","Defend_B","Zap+1","Dualcast","All For One","Scrape","Reinforced Body","Rebound","Go for the Eyes","Beam Cell","Self Repair","Turbo","Machine Learning","Beam Cell","Hologram"],"relics":["Cracked Core","Blue Candle","Old Coin","Golden Idol","Nuclear Battery"],"potions_floor_usage":[13,13,18,18],"damage_taken":[{"damage":13,"enemies":"2 Louse","floor":1,"turns":3},{"damage":1,"enemies":"Cultist","floor":3,"turns":3},{"damage":7,"enemies":"Jaw Worm","floor":4,"turns":3},{"damage":9,"enemies":"Blue Slaver","floor":5,"turns":5},{"damage":30,"enemies":"Lagavulin","floor":6,"turns":8},{"damage":12,"enemies":"Exordium Wildlife","floor":10,"turns":2},{"damage":7,"enemies":"Large Slime","floor":11,"turns":6},{"damage":9,"enemies":"Blue Slaver","floor":13,"turns":3},{"damage":28,"enemies":"Slime Boss","floor":16,"turns":9},{"damage":19,"enemies":"2 Thieves","floor":18,"turns":4},{"damage":2,"enemies":"Chosen","floor":19,"turns":4},{"damage":53,"enemies":"Snake Plant","floor":21,"turns":4}],"seed_played":"8672048331383104286","potions_obtained":[{"floor":1,"key":"SpeedPotion"},{"floor":8,"key":"Swift Potion"},{"floor":13,"key":"Fruit Juice"},{"floor":16,"key":"Regen Potion"}],"is_trial":false,"path_per_floor":["M","?","M","M","M","E","R","?","T","M","M","R","M","?","R","B",null,"M","M","?","M"],"character_chosen":"DEFECT","items_purchased":[],"campfire_rested":2,"item_purchase_floors":[],"current_hp_per_floor":[51,51,50,43,34,4,25,25,25,13,13,34,37,37,37,16,56,46,51,51,0],"gold":582,"neow_bonus":"ONE_RANDOM_RARE_CARD","is_prod":false,"is_daily":false,"chose_seed":false,"campfire_upgraded":1,"win_rate":0,"timestamp":1558469067,"path_taken":["M","?","M","M","M","E","R","?","T","?","M","R","M","?","R","BOSS","M","M","?","M"],"build_version":"2019-01-23","purchased_purges":0,"victory":false,"max_hp_per_floor":[71,71,71,71,71,71,71,71,71,71,71,71,76,69,69,69,69,69,69,69,69],"card_choices":[{"not_picked":["Barrage","Rebound"],"picked":"Scrape","floor":1},{"not_picked":["Rebound","Conserve Battery"],"picked":"Reinforced Body","floor":3},{"not_picked":["Aggregate","Stack"],"picked":"Rebound","floor":4},{"not_picked":["Barrage","Compile Driver"],"picked":"Go for the Eyes","floor":5},{"not_picked":["Barrage","Tempest"],"picked":"Beam Cell","floor":6},{"not_picked":["Streamline","Capacitor"],"picked":"Self Repair","floor":10},{"not_picked":["Streamline","Rainbow","Melter"],"picked":"SKIP","floor":11},{"not_picked":["Barrage","Redo"],"picked":"Turbo","floor":13},{"not_picked":["Fission","Biased Cognition"],"picked":"Machine Learning","floor":16},{"not_picked":["Coolheaded","Go for the Eyes"],"picked":"Beam Cell","floor":18},{"not_picked":["Compile Driver","Go for the Eyes+1"],"picked":"Hologram","floor":19}],"player_experience":755901,"relics_obtained":[{"floor":6,"key":"Blue Candle"},{"floor":9,"key":"Old Coin"}],"event_choices":[{"damage_healed":0,"gold_gain":0,"player_choice":"Ignored","damage_taken":0,"max_hp_gain":0,"max_hp_loss":0,"event_name":"Shining Light","floor":2,"gold_loss":0},{"damage_healed":0,"gold_gain":0,"player_choice":"Bought 1 Potion","damage_taken":0,"max_hp_gain":0,"max_hp_loss":0,"event_name":"The Woman in Blue","floor":8,"gold_loss":0},{"damage_healed":0,"gold_gain":0,"player_choice":"Lose Max HP","damage_taken":0,"relics_obtained":["Golden Idol"],"max_hp_gain":0,"max_hp_loss":7,"event_name":"Golden Idol","floor":14,"gold_loss":0},{"cards_removed":["Strike_B"],"damage_healed":0,"gold_gain":0,"player_choice":"Gave Gold","damage_taken":0,"max_hp_gain":0,"max_hp_loss":0,"event_name":"Beggar","floor":20,"gold_loss":75}],"is_beta":false,"boss_relics":[{"not_picked":["Ectoplasm","Philosopher\u0027s Stone"],"picked":"Nuclear Battery"}],"items_purged_floors":[],"is_endless":false,"potions_floor_spawned":[1,13,16],"killed_by":"Snake Plant","ascension_level":15}