{"path_per_floor":["M","?","?","M","$","R","E","M","T","M","R","M","$","M","R","B",null,"M","?","M","M","M","E","R","M","T","M","M","R","?","M","R","B",null,"M","M","M","?","M","R","E","R","T","M","M","$","M","?","R"],"character_chosen":"IRONCLAD","items_purchased":["Bag of Marbles","Gambling Chip"],"gold_per_floor":[116,116,96,115,115,115,140,153,177,195,195,207,62,80,80,176,176,186,186,205,224,240,267,267,284,284,294,306,306,229,240,240,341,341,361,371,389,389,406,406,439,439,439,458,473,104,115,115,115,115],"floor_reached":50,"campfire_rested":1,"playtime":2012,"item_purchase_floors":[13,46],"current_hp_per_floor":[80,85,85,85,85,85,63,68,68,73,73,79,79,71,71,15,85,67,72,76,71,72,62,62,43,43,45,47,47,47,45,45,33,85,85,76,75,65,52,52,30,30,30,18,7,7,9,9,34,0],"items_purged":["Dual Wield"],"gold":115,"score":527,"play_id":"379e1d45-8c00-414c-bbc4-1d265c010683","local_time":"20180528221246","is_prod":false,"is_daily":false,"chose_seed":false,"is_ascension_mode":false,"campfire_upgraded":8,"win_rate":0.0,"timestamp":1527509566,"campfire_choices":[{"data":"Searing Blow","floor":6,"key":"SMITH"},{"data":"Searing Blow+1","floor":11,"key":"SMITH"},{"data":"Searing Blow+2","floor":15,"key":"SMITH"},{"data":"Searing Blow+3","floor":24,"key":"SMITH"},{"data":"Shockwave","floor":29,"key":"SMITH"},{"data":"Searing Blow+4","floor":32,"key":"SMITH"},{"data":"Apotheosis","floor":40,"key":"SMITH"},{"data":"Searing Blow+5","floor":42,"key":"SMITH"},{"floor":49,"key":"REST"}],"path_taken":["M","?","?","?","?","R","E","M","T","?","R","M","?","M","R","BOSS","M","?","M","M","M","E","R","M","T","?","M","R","?","M","R","BOSS","M","M","M","?","?","R","E","R","T","?","M","$","M","?","R","BOSS"],"build_version":"2018-05-27","seed_source_timestamp":49132053313075,"purchased_purges":1,"victory":false,"master_deck":["Strike_R","Strike_R","Strike_R","Strike_R","Defend_R","Defend_R","Defend_R+1","Defend_R","Bash","Searing Blow+6","Shrug It Off+1","Pommel Strike","Twin Strike","Offering","Shrug It Off","Inflame+1","Shockwave+1","J.A.X.","Bandage Up","Thinking Ahead","Apotheosis+1"],"max_hp_per_floor":[80,85,85,85,85,85,85,85,85,85,85,85,85,85,85,85,85,85,85,85,85,85,85,85,85,85,85,85,85,85,85,85,85,85,85,85,85,85,85,85,85,85,85,85,85,85,85,85,85,85],"relics":["Burning Blood","Anchor","War Paint","Bag of Marbles","Velvet Choker","Pen Nib","Ornamental Fan","Mark of Pain","Bottled Flame","Pantograph","Gambling Chip"],"card_choices":[{"not_picked":["Clash","Searing Blow"],"picked":"Thunderclap","floor":1},{"not_picked":["True Grit","Clothesline"],"picked":"Searing Blow","floor":4},{"not_picked":["Clash","Carnage","Juggernaut"],"picked":"SKIP","floor":7},{"not_picked":["Sword Boomerang","Infernal Blade"],"picked":"Shrug It Off","floor":8},{"not_picked":["Rampage","Flex"],"picked":"Pommel Strike","floor":10},{"not_picked":["Sword Boomerang","Searing Blow"],"picked":"Dual Wield","floor":12},{"not_picked":["Anger","Metallicize"],"picked":"Twin Strike","floor":14},{"not_picked":["Brutality","Double Tap"],"picked":"Offering","floor":16},{"not_picked":["Iron Wave","Searing Blow"],"picked":"Shrug It Off","floor":18},{"not_picked":["Iron Wave","Sword Boomerang+1","Flex"],"picked":"SKIP","floor":20},{"not_picked":["Burning Pact","Fire Breathing+1","Corruption"],"picked":"SKIP","floor":21},{"not_picked":["Perfected Strike","Iron Wave","Warcry"],"picked":"SKIP","floor":22},{"not_picked":["Ghostly Armor","Pommel Strike","Sword Boomerang"],"picked":"SKIP","floor":23},{"not_picked":["Body Slam","Sword Boomerang","Anger"],"picked":"SKIP","floor":25},{"not_picked":["Hemokinesis","Cleave"],"picked":"Inflame+1","floor":27},{"not_picked":["Sever Soul+1","True Grit"],"picked":"Shockwave","floor":28},{"not_picked":["True Grit","Blood for Blood","Headbutt"],"picked":"SKIP","floor":31},{"not_picked":["Anger+1","Flex+1","Hemokinesis+1"],"picked":"SKIP","floor":35},{"not_picked":["Power Through","Armaments+1","Uppercut"],"picked":"SKIP","floor":36},{"not_picked":["Carnage","Perfected Strike","Fire Breathing"],"picked":"SKIP","floor":37},{"not_picked":["Mind Blast","Panacea"],"picked":"Bandage Up","floor":38},{"not_picked":["Good Instincts","Panacea"],"picked":"Thinking Ahead","floor":38},{"not_picked":["Good Instincts","Finesse"],"picked":"Apotheosis","floor":38},{"not_picked":["Flex+1","Twin Strike","Searing Blow"],"picked":"SKIP","floor":39},{"not_picked":["Sword Boomerang","Body Slam+1","Dropkick+1"],"picked":"SKIP","floor":41},{"not_picked":["Combust+1","Reckless Charge","Warcry+1"],"picked":"SKIP","floor":44},{"not_picked":["Searing Blow","Body Slam","Berserk"],"picked":"SKIP","floor":45},{"not_picked":["Thunderclap","Warcry","Second Wind+1"],"picked":"SKIP","floor":47}],"player_experience":427,"potions_floor_usage":[10,10,12,16,23,33,44,47,50],"damage_taken":[{"damage":2,"enemies":"2 Louse","floor":1,"turns":3},{"damage":0,"enemies":"Small Slimes","floor":4,"turns":2},{"damage":28,"enemies":"Gremlin Nob","floor":7,"turns":4},{"damage":1,"enemies":"Cultist","floor":8,"turns":3},{"damage":1,"enemies":"Blue Slaver","floor":10,"turns":4},{"damage":0,"enemies":"Exordium Wildlife","floor":12,"turns":5},{"damage":14,"enemies":"Exordium Thugs","floor":14,"turns":5},{"damage":62,"enemies":"The Guardian","floor":16,"turns":11},{"damage":24,"enemies":"Spheric Guardian","floor":18,"turns":4},{"damage":2,"enemies":"Chosen","floor":20,"turns":4},{"damage":11,"enemies":"Centurion and Healer","floor":21,"turns":6},{"damage":5,"enemies":"Snake Plant","floor":22,"turns":2},{"damage":16,"enemies":"Book of Stabbing","floor":23,"turns":4},{"damage":25,"enemies":"Cultist and Chosen","floor":25,"turns":6},{"damage":4,"enemies":"Centurion and Healer","floor":27,"turns":3},{"damage":4,"enemies":"3 Cultists","floor":28,"turns":4},{"damage":8,"enemies":"Cultist and Chosen","floor":31,"turns":5},{"damage":18,"enemies":"Champ","floor":33,"turns":7},{"damage":0,"enemies":"Orb Walker","floor":35,"turns":2},{"damage":15,"enemies":"Flame Bruiser 1 Orb","floor":36,"turns":3},{"damage":7,"enemies":"Transient","floor":37,"turns":5},{"damage":19,"enemies":"4 Shapes","floor":39,"turns":5},{"damage":32,"enemies":"Nemesis","floor":41,"turns":5},{"damage":22,"enemies":"Spire Growth","floor":44,"turns":4},{"damage":23,"enemies":"Transient","floor":45,"turns":5},{"damage":8,"enemies":"Flame Bruiser 2 Orb","floor":47,"turns":7},{"damage":67,"enemies":"Awakened One","floor":50,"turns":7}],"relics_obtained":[{"floor":7,"key":"Anchor"},{"floor":9,"key":"War Paint"},{"floor":23,"key":"Pen Nib"},{"floor":26,"key":"Ornamental Fan"},{"floor":41,"key":"Bottled Flame"},{"floor":43,"key":"Pantograph"}],"event_choices":[{"event_name":"Big Fish","player_choice":"Donut","floor":2,"damage_taken":0},{"event_name":"The Woman in Blue","player_choice":"Bought 1 Potion","floor":3,"damage_taken":0},{"event_name":"Bonfire Elementals","player_choice":"COMMON","floor":19,"damage_taken":0},{"event_name":"Drug Dealer","player_choice":"Got JAXXED","floor":30,"damage_taken":0},{"event_name":"SensoryStone","player_choice":"Memory 3","floor":38,"damage_taken":0}],"boss_relics":[{"not_picked":["Snecko Eye","Runic Pyramid"],"picked":"Velvet Choker"},{"not_picked":["White Beast Statue","Philosopher\u0027s Stone"],"picked":"Mark of Pain"}],"items_purged_floors":[46],"potions_floor_spawned":[8,10,12,14,18,21,23,25,31,36,37,39,41],"seed_played":"2377347010635123283","killed_by":"Awakened One","ascension_level":0,"potions_obtained":[{"floor":3,"key":"SteroidPotion"},{"floor":8,"key":"EntropicBrew"},{"floor":10,"key":"SpeedPotion"},{"floor":12,"key":"Explosive Potion"},{"floor":18,"key":"SteroidPotion"},{"floor":23,"key":"SteroidPotion"},{"floor":25,"key":"Dexterity Potion"},{"floor":36,"key":"Dexterity Potion"},{"floor":39,"key":"AttackPotion"}],"is_trial":false}