{"gold_per_floor":[114,36,36,36,52,52,66,85,85,85,105,117,128,157,157,157],"floor_reached":16,"playtime":491,"items_purged":[],"score":203,"play_id":"c50cc84e-effb-4c93-9292-7fd50a397d92","local_time":"20190330223714","is_ascension_mode":true,"campfire_choices":[{"data":"Neutralize","floor":6,"key":"SMITH"},{"data":"Backflip","floor":10,"key":"SMITH"},{"data":"Cloak And Dagger","floor":15,"key":"SMITH"}],"neow_cost":"NONE","seed_source_timestamp":178265706100120,"circlet_count":0,"master_deck":["AscendersBane","Defend_G","Defend_G","Defend_G","Defend_G","Defend_G","Strike_G","Strike_G","Strike_G","Strike_G","Strike_G","Survivor","Neutralize+1","Noxious Fumes+1","Backflip+1","Noxious Fumes","Cloak And Dagger+1","Cloak And Dagger"],"relics":["Ring of the Snake","NeowsBlessing","Kunai","PreservedInsect"],"potions_floor_usage":[11,16,16],"damage_taken":[{"damage":0,"enemies":"Small Slimes","floor":1,"turns":1},{"damage":0,"enemies":"Cultist","floor":5,"turns":1},{"damage":0,"enemies":"Jaw Worm","floor":7,"turns":1},{"damage":3,"enemies":"Looter","floor":8,"turns":4},{"damage":12,"enemies":"Exordium Thugs","floor":11,"turns":6},{"damage":0,"enemies":"Exordium Wildlife","floor":12,"turns":4},{"damage":5,"enemies":"Red Slaver","floor":13,"turns":5},{"damage":21,"enemies":"3 Sentries","floor":14,"turns":7},{"damage":18,"enemies":"Slime Boss","floor":16,"turns":4}],"seed_played":"5819501307463275421","potions_obtained":[{"floor":1,"key":"Fire Potion"},{"floor":8,"key":"FearPotion"},{"floor":14,"key":"AttackPotion"}],"is_trial":false,"path_per_floor":["M","$","?","$","M","R","M","M","T","R","M","M","M","E","R","B"],"character_chosen":"THE_SILENT","items_purchased":["Noxious Fumes"],"campfire_rested":0,"item_purchase_floors":[2],"current_hp_per_floor":[59,59,59,59,59,59,59,56,56,56,44,44,39,18,18,0],"gold":157,"neow_bonus":"THREE_ENEMY_KILL","is_prod":false,"is_daily":false,"chose_seed":false,"campfire_upgraded":3,"win_rate":0,"timestamp":1554007034,"path_taken":["M","$","?","?","M","R","M","M","T","R","M","M","M","E","R","BOSS"],"build_version":"2019-01-23","purchased_purges":0,"victory":false,"max_hp_per_floor":[66,66,66,66,66,66,66,66,66,66,66,66,66,66,66,66],"card_choices":[{"not_picked":["Heel Hook","Reflex","Dodge and Roll"],"picked":"SKIP","floor":1},{"not_picked":["Dagger Throw","Underhanded Strike","Riddle With Holes"],"picked":"SKIP","floor":5},{"not_picked":["Distraction","Deflect"],"picked":"Backflip","floor":7},{"not_picked":["Slice","Sucker Punch","Dagger Spray"],"picked":"SKIP","floor":8},{"not_picked":["Slice","Leg Sweep"],"picked":"Noxious Fumes","floor":11},{"not_picked":["Slice","Sucker Punch"],"picked":"Cloak And Dagger","floor":12},{"not_picked":["Deadly Poison","Tools of the Trade","Prepared"],"picked":"SKIP","floor":13},{"not_picked":["Blade Dance","Infinite Blades"],"picked":"Cloak And Dagger","floor":14}],"player_experience":370955,"relics_obtained":[{"floor":9,"key":"Kunai"},{"floor":14,"key":"PreservedInsect"}],"event_choices":[{"damage_healed":0,"gold_gain":0,"player_choice":"Upgraded","damage_taken":0,"max_hp_gain":0,"max_hp_loss":0,"event_name":"Upgrade Shrine","floor":3,"gold_loss":0,"cards_upgraded":["Noxious Fumes"]}],"is_beta":false,"boss_relics":[],"items_purged_floors":[],"is_endless":false,"potions_floor_spawned":[1,8,14],"killed_by":"Slime Boss","ascension_level":19}