{"gold_per_floor":[114,264,264,278,43,71,71,106,106,106,138,138,149,167,167,239,239,252,272,290,1,11,11],"floor_reached":23,"playtime":1777,"items_purged":["Doubt","Zap"],"score":457,"play_id":"80e189a1-f548-4bc8-9f97-9a7dda718e65","local_time":"20190519201119","is_ascension_mode":true,"campfire_choices":[{"data":"Loop","floor":7.0,"key":"SMITH"},{"data":"Buffer","floor":10.0,"key":"SMITH"},{"data":"Hologram","floor":15.0,"key":"SMITH"}],"neow_cost":"NONE","seed_source_timestamp":16370321736300,"circlet_count":0,"master_deck":["AscendersBane","Strike_B","Strike_B","Strike_B","Defend_B","Defend_B","Defend_B","Defend_B","Dualcast","Leap","Skim","Darkness","Loop+1","Cold Snap","Chaos","Buffer+1","Sweeping Beam","Self Repair","Hologram+1","Buffer","Redo","Capacitor","Steam"],"special_seed":0,"relics":["Cracked Core","NeowsBlessing","Kunai","Ornamental Fan","Mercury Hourglass","DataDisk","Black Star","Membership Card"],"potions_floor_usage":[22],"damage_taken":[{"damage":0.0,"enemies":"Jaw Worm","floor":1.0,"turns":1.0},{"damage":0.0,"enemies":"Small Slimes","floor":4.0,"turns":1.0},{"damage":0.0,"enemies":"Lagavulin","floor":6.0,"turns":1.0},{"damage":16.0,"enemies":"3 Sentries","floor":8.0,"turns":5.0},{"damage":0.0,"enemies":"Lagavulin","floor":11.0,"turns":6.0},{"damage":0.0,"enemies":"Cultist","floor":13.0,"turns":4.0},{"damage":0.0,"enemies":"Exordium Wildlife","floor":14.0,"turns":5.0},{"damage":21.0,"enemies":"Hexaghost","floor":16.0,"turns":6.0},{"damage":8.0,"enemies":"Spheric Guardian","floor":18.0,"turns":3.0},{"damage":11.0,"enemies":"Chosen","floor":19.0,"turns":5.0},{"damage":0,"enemies":"Centurion and Healer","floor":20,"turns":6},{"damage":8,"enemies":"Snake Plant","floor":22,"turns":4},{"damage":44,"enemies":"Slavers","floor":23,"turns":2}],"seed_played":"-8235612490203181534","potions_obtained":[{"floor":3.0,"key":"Fire Potion"},{"floor":3.0,"key":"AttackPotion"},{"floor":14.0,"key":"Weak Potion"},{"floor":18.0,"key":"SteroidPotion"},{"floor":19.0,"key":"Swift Potion"}],"is_trial":false,"path_per_floor":["M","?","?","M","$","E","R","E","T","R","E","?","M","M","R","B",null,"M","M","M","$","M","E"],"character_chosen":"DEFECT","items_purchased":["Darkness","Loop","Cold Snap","Membership Card","Capacitor"],"campfire_rested":0,"item_purchase_floors":[5,5,5,21,21],"current_hp_per_floor":[64,64,64,64,64,64,64,48,48,48,48,48,48,55,55,41,64,63,52,52,52,44,0],"gold":11,"neow_bonus":"THREE_ENEMY_KILL","is_prod":false,"is_daily":false,"chose_seed":false,"campfire_upgraded":3,"win_rate":0,"timestamp":1558318279,"path_taken":["M","?","?","?","$","E","R","E","T","R","E","?","M","M","R","BOSS","M","?","M","$","M","E"],"build_version":"2019-01-23","purchased_purges":2,"victory":false,"max_hp_per_floor":[71,71,71,71,71,71,71,71,71,71,71,71,71,71,71,71,71,71,71,71,71,71,71],"card_choices":[{"not_picked":["Coolheaded","Barrage"],"picked":"Leap","floor":1.0},{"not_picked":["Streamline","Rebound"],"picked":"Skim","floor":4.0},{"not_picked":["Storm","Beam Cell"],"picked":"Chaos","floor":6.0},{"not_picked":["Barrage","Streamline"],"picked":"Buffer","floor":8.0},{"not_picked":["Coolheaded","Reprogram"],"picked":"Sweeping Beam","floor":11.0},{"not_picked":["Cold Snap","Beam Cell"],"picked":"Self Repair","floor":13.0},{"not_picked":["Cold Snap","Stack"],"picked":"Hologram","floor":14.0},{"not_picked":["Creative AI","Meteor Strike"],"picked":"Buffer","floor":16.0},{"not_picked":["Hologram","Streamline"],"picked":"Redo","floor":18.0},{"not_picked":["Ball Lightning","Sunder","Blizzard"],"picked":"SKIP","floor":19.0},{"not_picked":["Hologram","Recycle","Sunder"],"picked":"SKIP","floor":20},{"not_picked":["Cold Snap","Doom and Gloom"],"picked":"Steam","floor":22}],"player_experience":744820,"relics_obtained":[{"floor":6.0,"key":"Kunai"},{"floor":8.0,"key":"Ornamental Fan"},{"floor":9.0,"key":"Mercury Hourglass"},{"floor":11.0,"key":"DataDisk"}],"event_choices":[{"damage_healed":0.0,"max_hp_gain":0.0,"max_hp_loss":0.0,"gold_gain":150.0,"event_name":"Liars Game","player_choice":"AGREE","floor":2.0,"gold_loss":0.0,"damage_taken":0.0,"cards_obtained":["Doubt"]},{"damage_healed":0.0,"max_hp_gain":0.0,"max_hp_loss":0.0,"gold_gain":0.0,"event_name":"Lab","player_choice":"Got Potions","floor":3.0,"gold_loss":0.0,"damage_taken":0.0},{"cards_removed":["Strike_B"],"damage_healed":0.0,"max_hp_gain":0.0,"max_hp_loss":0.0,"gold_gain":0.0,"event_name":"Bonfire Elementals","player_choice":"Offered Basic","floor":12.0,"gold_loss":0.0,"damage_taken":0.0}],"is_beta":false,"boss_relics":[{"not_picked":["Velvet Choker","Tiny House"],"picked":"Black Star"}],"items_purged_floors":[5,21],"is_endless":false,"potions_floor_spawned":[4,14,16,18,19],"killed_by":"Slavers","ascension_level":15}