{"gold_per_floor":[119,119,136,149,165,165,198,198,198,253,77,92,111,186,186,186],"floor_reached":16,"playtime":514,"items_purged":[],"score":204,"play_id":"2a9b817a-d0be-4924-9d6c-2c069dc5e1d5","local_time":"20190421114736","is_ascension_mode":true,"campfire_choices":[{"data":"Neutralize","floor":6,"key":"SMITH"},{"data":"Tools of the Trade","floor":8,"key":"SMITH"},{"floor":15,"key":"REST"}],"neow_cost":"NONE","seed_source_timestamp":653276739091972,"circlet_count":0,"master_deck":["AscendersBane","Defend_G","Defend_G","Defend_G","Defend_G","Defend_G","Strike_G","Strike_G","Strike_G","Strike_G","Strike_G","Survivor","Neutralize+1","Poisoned Stab","Poisoned Stab","Backflip","Tools of the Trade+1","A Thousand Cuts","PiercingWail","Cloak And Dagger"],"relics":["Ring of the Snake","NeowsBlessing","Gremlin Horn","Tingsha","Dream Catcher"],"potions_floor_usage":[5,7,16,16],"damage_taken":[{"damage":0,"enemies":"Small Slimes","floor":1,"turns":1},{"damage":0,"enemies":"Cultist","floor":3,"turns":1},{"damage":0,"enemies":"2 Louse","floor":4,"turns":1},{"damage":10,"enemies":"Lots of Slimes","floor":5,"turns":6},{"damage":25,"enemies":"Gremlin Nob","floor":7,"turns":5},{"damage":3,"enemies":"Looter","floor":12,"turns":3},{"damage":4,"enemies":"2 Fungi Beasts","floor":13,"turns":3},{"damage":26,"enemies":"Hexaghost","floor":16,"turns":12}],"seed_played":"4509670678040053358","potions_obtained":[{"floor":2,"key":"GhostInAJar"},{"floor":2,"key":"SkillPotion"},{"floor":7,"key":"Fire Potion"},{"floor":12,"key":"Swift Potion"}],"is_trial":false,"path_per_floor":["M","?","M","M","M","R","E","R","T","T","$","M","M","?","R","B"],"character_chosen":"THE_SILENT","items_purchased":["A Thousand Cuts"],"campfire_rested":1,"item_purchase_floors":[11],"current_hp_per_floor":[59,59,59,59,49,49,24,24,24,24,24,21,17,6,25,0],"gold":186,"neow_bonus":"THREE_ENEMY_KILL","is_prod":false,"is_daily":false,"chose_seed":false,"campfire_upgraded":2,"win_rate":0,"timestamp":1555868856,"path_taken":["M","?","M","M","?","R","E","R","T","?","$","?","M","?","R","BOSS"],"build_version":"2019-01-23","purchased_purges":0,"victory":false,"max_hp_per_floor":[66,66,66,66,66,66,66,66,66,66,66,66,66,66,66,66],"card_choices":[{"not_picked":["Blade Dance","Dagger Throw"],"picked":"Poisoned Stab","floor":1},{"not_picked":["Dagger Throw","Acrobatics"],"picked":"Poisoned Stab","floor":3},{"not_picked":["Flying Knee","Escape Plan"],"picked":"Backflip","floor":4},{"not_picked":["Prepared","Concentrate","Quick Slash"],"picked":"SKIP","floor":5},{"not_picked":["Blade Dance","Blur"],"picked":"Tools of the Trade","floor":7},{"not_picked":["Dagger Throw","Blade Dance","Accuracy"],"picked":"SKIP","floor":12},{"not_picked":["Sucker Punch","Dodge and Roll"],"picked":"PiercingWail","floor":13},{"not_picked":["Heel Hook","Escape Plan"],"picked":"Cloak And Dagger","floor":15}],"player_experience":483154,"relics_obtained":[{"floor":7,"key":"Gremlin Horn"},{"floor":9,"key":"Tingsha"},{"floor":10,"key":"Dream Catcher"}],"event_choices":[{"damage_healed":0,"gold_gain":0,"player_choice":"Got Potions","damage_taken":0,"max_hp_gain":0,"max_hp_loss":0,"event_name":"Lab","floor":2,"gold_loss":0},{"damage_healed":0,"gold_gain":75,"player_choice":"Gather Gold","damage_taken":11,"max_hp_gain":0,"max_hp_loss":0,"event_name":"World of Goop","floor":14,"gold_loss":0}],"is_beta":false,"boss_relics":[],"items_purged_floors":[],"is_endless":false,"potions_floor_spawned":[4,7,12],"killed_by":"Hexaghost","ascension_level":20}