{"path_per_floor":["M","$","?","M","?","R","E","M","T","M","R","?","M","M","R","B",null,"M","M"],"character_chosen":"IRONCLAD","items_purchased":["Blood for Blood"],"gold_per_floor":[116,37,37,56,129,129,163,180,180,199,199,199,213,228,228,329,329,345,355,355],"floor_reached":20,"campfire_rested":2,"playtime":2545,"current_hp_per_floor":[80,80,80,80,80,80,37,42,42,48,72,72,64,42,66,28,80,50,19,0],"items_purged":[],"gold":355,"score":176,"play_id":"ec73a899-881d-436b-a968-e263aa9bf14e","local_time":"20180519162224","is_prod":false,"is_daily":false,"chose_seed":false,"is_ascension_mode":false,"campfire_upgraded":1,"timestamp":1526710944,"campfire_choices":[{"data":"Bash","floor":6,"key":"SMITH"},{"floor":11,"key":"REST"},{"floor":15,"key":"REST"}],"path_taken":["M","$","?","M","?","R","E","M","T","M","R","?","?","M","R","BOSS","M","M","M"],"build_version":"2018-05-17","seed_source_timestamp":19959949236612,"purchased_purges":0,"victory":false,"master_deck":["Strike_R","Strike_R","Strike_R","Strike_R+1","Defend_R","Defend_R","Defend_R","Defend_R","Bash+1","Anger","Blood for Blood","Shrug It Off","Rupture","Seeing Red","Flame Barrier","Disarm","Juggernaut","Perfected Strike","Demon Form","Thunderclap+1","Thunderclap+1"],"max_hp_per_floor":[80,80,80,80,80,80,80,80,80,80,80,80,80,80,80,80,80,80,80,80],"relics":["Burning Blood","Gremlin Horn","Centennial Puzzle","Philosopher\u0027s Stone"],"card_choices":[{"not_picked":["Ghostly Armor","Thunderclap"],"picked":"Anger","floor":1},{"not_picked":["Sword Boomerang","Dual Wield"],"picked":"Rupture","floor":4},{"not_picked":["Warcry","Metallicize"],"picked":"Seeing Red","floor":7},{"not_picked":["Clothesline","Clash"],"picked":"Flame Barrier","floor":8},{"not_picked":["Burning Pact","Thunderclap"],"picked":"Disarm","floor":10},{"not_picked":["Rupture","Sword Boomerang"],"picked":"Juggernaut","floor":13},{"not_picked":["Anger","Twin Strike"],"picked":"Perfected Strike","floor":14},{"not_picked":["Fiend Fire","Bludgeon"],"picked":"Demon Form","floor":16},{"not_picked":["Shrug It Off+1","Inflame"],"picked":"Thunderclap+1","floor":18},{"not_picked":["Rupture","Flex"],"picked":"Thunderclap+1","floor":19}],"player_experience":0,"potions_floor_usage":[19],"damage_taken":[{"damage":0,"enemies":"Small Slimes","floor":1,"turns":3},{"damage":1,"enemies":"Cultist","floor":4,"turns":3},{"damage":49,"enemies":"Gremlin Nob","floor":7,"turns":5},{"damage":1,"enemies":"Jaw Worm","floor":8,"turns":4},{"damage":0,"enemies":"Large Slime","floor":10,"turns":5},{"damage":14,"enemies":"Exordium Wildlife","floor":13,"turns":7},{"damage":28,"enemies":"Exordium Thugs","floor":14,"turns":6},{"damage":44,"enemies":"The Guardian","floor":16,"turns":12},{"damage":36,"enemies":"2 Thieves","floor":18,"turns":5},{"damage":37,"enemies":"3 Byrds","floor":19,"turns":4},{"damage":22,"enemies":"Snake Plant","floor":20,"turns":2}],"relics_obtained":[{"floor":7,"key":"Gremlin Horn"},{"floor":9,"key":"Centennial Puzzle"}],"event_choices":[{"event_name":"Transmorgrifier","player_choice":"Transform","floor":3,"damage_taken":0},{"event_name":"Golden Wing","player_choice":"Gained Gold","floor":5,"damage_taken":0},{"event_name":"Upgrade Shrine","player_choice":"Upgraded","floor":12,"damage_taken":0}],"boss_relics":[{"not_picked":["Astrolabe","Runic Cube"],"picked":"Philosopher\u0027s Stone"}],"potions_floor_spawned":[1,8,13,16,18,19],"seed_played":"3948100697096524400","killed_by":"Snake Plant","ascension_level":0,"potions_obtained":[{"floor":1,"key":"GamblersBrew"},{"floor":8,"key":"Poison Potion"},{"floor":13,"key":"Swift Potion"},{"floor":19,"key":"Weak Potion"}],"is_trial":false}