{"gold_per_floor":[113,63,77,87,97,131,131,157,236,265,64,77,107,126,126,224,224,243,258,258,17,17,17,28,28,28,85,85,85,85,103,103,201,201,215,215,315,326,16,16,16,16,16,16,16,31,31,57,57,57],"floor_reached":51,"playtime":6037,"items_purged":["Strike_R"],"score":906,"play_id":"0aa31a3d-d801-461c-9092-574ab6424486","local_time":"20190608224949","is_ascension_mode":true,"campfire_choices":[{"floor":15.0,"key":"REST"},{"data":"1","floor":23.0,"key":"LIFT"},{"data":"2","floor":25.0,"key":"LIFT"},{"data":"3","floor":28.0,"key":"LIFT"},{"data":"Inflame","floor":30.0,"key":"SMITH"},{"floor":32.0,"key":"REST"},{"data":"Limit Break","floor":40,"key":"SMITH"},{"data":"Strike_R","floor":42,"key":"PURGE"},{"data":"Metallicize","floor":45,"key":"SMITH"},{"data":"Offering","floor":49,"key":"SMITH"}],"neow_cost":"NONE","seed_source_timestamp":0,"circlet_count":0,"master_deck":["Strike_R+1","Defend_R","Defend_R","Defend_R","Defend_R","Bash+1","Wild Strike","Barricade","Offering+1","Shrug It Off","Inflame+1","Headbutt","Metallicize+1","Flame Barrier","Immolate","Body Slam+1","PanicButton","Shrug It Off","Feed","Whirlwind","Limit Break+1","Warcry+1","Sword Boomerang+1","Pommel Strike+1"],"special_seed":0,"relics":["Black Blood","Whetstone","Girya","Pantograph","Potion Belt","Smiling Mask","Bag of Preparation","Ice Cream","Tiny Chest","Velvet Choker","Peace Pipe","Gambling Chip","Boot","Red Skull"],"potions_floor_usage":[46],"damage_taken":[{"damage":8.0,"enemies":"Jaw Worm","floor":1.0,"turns":7.0},{"damage":5.0,"enemies":"2 Louse","floor":3.0,"turns":3.0},{"damage":6.0,"enemies":"Cultist","floor":4.0,"turns":3.0},{"damage":21.0,"enemies":"Looter","floor":5.0,"turns":4.0},{"damage":35.0,"enemies":"3 Sentries","floor":6.0,"turns":12.0},{"damage":22.0,"enemies":"Lagavulin","floor":8.0,"turns":6.0},{"damage":21.0,"enemies":"3 Sentries","floor":10.0,"turns":6.0},{"damage":0.0,"enemies":"2 Fungi Beasts","floor":12.0,"turns":4.0},{"damage":15.0,"enemies":"Lagavulin","floor":13.0,"turns":7.0},{"damage":1.0,"enemies":"3 Louse","floor":14.0,"turns":3.0},{"damage":53.0,"enemies":"Hexaghost","floor":16.0,"turns":13.0},{"damage":6.0,"enemies":"Chosen","floor":18.0,"turns":6.0},{"damage":19.0,"enemies":"Shell Parasite","floor":19.0,"turns":6.0},{"damage":28.0,"enemies":"Colosseum Slavers","floor":20.0,"turns":7.0},{"damage":6.0,"enemies":"Cultist and Chosen","floor":24.0,"turns":4.0},{"damage":25.0,"enemies":"Slavers","floor":27.0,"turns":4.0},{"damage":13.0,"enemies":"Centurion and Healer","floor":31.0,"turns":7.0},{"damage":79.0,"enemies":"Collector","floor":33.0,"turns":7.0},{"damage":10.0,"enemies":"3 Darklings","floor":35.0,"turns":3.0},{"damage":17,"enemies":"Mind Bloom Boss Battle","floor":37,"turns":6},{"damage":2,"enemies":"Orb Walker","floor":38,"turns":3},{"damage":8,"enemies":"3 Darklings","floor":46,"turns":3},{"damage":10,"enemies":"Reptomancer","floor":48,"turns":3},{"damage":82,"enemies":"Donu and Deca","floor":50,"turns":6}],"seed_played":"7159674618433524197","potions_obtained":[{"floor":0.0,"key":"Regen Potion"},{"floor":0.0,"key":"Fruit Juice"},{"floor":0.0,"key":"PowerPotion"},{"floor":1.0,"key":"AttackPotion"},{"floor":10.0,"key":"Block Potion"},{"floor":13.0,"key":"SkillPotion"},{"floor":16.0,"key":"SteroidPotion"},{"floor":24.0,"key":"Dexterity Potion"},{"floor":31.0,"key":"Ancient Potion"},{"floor":37,"key":"Poison Potion"}],"is_trial":false,"path_per_floor":["M","?","M","M","M","E","?","E","T","E","$","M","E","M","R","B",null,"M","M","?","$","?","R","M","R","T","E","R","?","R","M","R","B",null,"M","?","?","M","$","R","?","R","T","$","R","M","?","E","R","B",null],"character_chosen":"IRONCLAD","items_purchased":["Inflame","FearPotion","PanicButton","Bag of Preparation","Gambling Chip"],"campfire_rested":2,"item_purchase_floors":[11,11,21,21,39],"current_hp_per_floor":[75,75,76,76,73,44,44,28,28,13,13,19,10,15,40,18,68,72,63,45,45,45,45,49,49,49,34,34,34,34,34,60,16,70,70,70,77,84,84,84,84,84,84,84,84,84,84,87,87,15],"gold":57,"neow_bonus":"THREE_SMALL_POTIONS","is_prod":false,"is_daily":false,"chose_seed":false,"campfire_upgraded":4,"win_rate":0,"timestamp":1560052189,"path_taken":["M","?","M","M","M","E","?","E","T","E","$","?","E","M","R","BOSS","M","M","?","$","?","R","M","R","T","E","R","?","R","M","R","BOSS","M","?","?","M","$","R","?","R","T","?","R","?","?","E","R","BOSS"],"build_version":"2019-01-23","purchased_purges":1,"victory":true,"max_hp_per_floor":[85,85,85,85,85,85,85,85,85,85,85,85,85,85,85,85,85,85,85,85,85,85,85,85,85,85,85,85,85,85,88,88,88,88,88,84,84,84,84,84,84,84,84,84,84,84,84,87,87,87],"card_choices":[{"not_picked":["Clash","Double Tap","Dual Wield"],"picked":"SKIP","floor":1.0},{"not_picked":["Wild Strike","Entrench","Thunderclap"],"picked":"SKIP","floor":3.0},{"not_picked":["Evolve","Thunderclap","Entrench"],"picked":"SKIP","floor":4.0},{"not_picked":["Second Wind","Body Slam"],"picked":"Pommel Strike","floor":5.0},{"not_picked":["Cleave","Iron Wave"],"picked":"Wild Strike","floor":6.0},{"not_picked":["Flex","Shockwave"],"picked":"Offering","floor":8.0},{"not_picked":["Pommel Strike","Entrench"],"picked":"Shrug It Off","floor":10.0},{"not_picked":["Infernal Blade","Clash"],"picked":"Headbutt","floor":12.0},{"not_picked":["Headbutt","Perfected Strike"],"picked":"Metallicize","floor":13.0},{"not_picked":["Thunderclap","Body Slam"],"picked":"Flame Barrier","floor":14.0},{"not_picked":["Demon Form","Feed"],"picked":"Immolate","floor":16.0},{"not_picked":["Clash","Flex"],"picked":"Body Slam+1","floor":18.0},{"not_picked":["Power Through+1","Fire Breathing","Wild Strike"],"picked":"SKIP","floor":19.0},{"not_picked":["Clothesline","Cleave+1"],"picked":"Shrug It Off","floor":24.0},{"not_picked":["Anger","Pommel Strike"],"picked":"Feed","floor":27.0},{"not_picked":["Wild Strike","Thunderclap"],"picked":"Whirlwind","floor":31.0},{"not_picked":["Berserk","Bludgeon"],"picked":"Limit Break","floor":33.0},{"not_picked":["Rampage+1","Pommel Strike"],"picked":"Warcry+1","floor":35.0},{"not_picked":["Havoc+1","Infernal Blade"],"picked":"Sword Boomerang+1","floor":37},{"not_picked":["Blood for Blood+1","Clash+1"],"picked":"Pommel Strike+1","floor":38},{"not_picked":["Iron Wave+1","Clothesline+1","Combust"],"picked":"SKIP","floor":46},{"not_picked":["Infernal Blade+1","Rampage","Wild Strike"],"picked":"SKIP","floor":48}],"player_experience":55082,"relics_obtained":[{"floor":6.0,"key":"Whetstone"},{"floor":8.0,"key":"Girya"},{"floor":9.0,"key":"Pantograph"},{"floor":10.0,"key":"Potion Belt"},{"floor":13.0,"key":"Smiling Mask"},{"floor":26.0,"key":"Ice Cream"},{"floor":27.0,"key":"Tiny Chest"},{"floor":37,"key":"Peace Pipe"},{"floor":43,"key":"Boot"},{"floor":48,"key":"Red Skull"}],"event_choices":[{"cards_removed":["Strike_R"],"damage_healed":0.0,"max_hp_gain":0.0,"max_hp_loss":0.0,"gold_gain":0.0,"event_name":"The Cleric","player_choice":"Card Removal","floor":2.0,"gold_loss":50.0,"damage_taken":0.0},{"damage_healed":0.0,"max_hp_gain":0.0,"max_hp_loss":0.0,"gold_gain":0.0,"cards_transformed":["Strike_R"],"event_name":"Transmorgrifier","player_choice":"Transformed","floor":7.0,"gold_loss":0.0,"damage_taken":0.0,"cards_obtained":["Barricade"]},{"damage_healed":0.0,"max_hp_gain":0.0,"max_hp_loss":0.0,"gold_gain":0.0,"event_name":"Colosseum","player_choice":"Fight","floor":20.0,"gold_loss":0.0,"damage_taken":0.0},{"damage_healed":0.0,"max_hp_gain":0.0,"max_hp_loss":0.0,"gold_gain":0.0,"event_name":"Colosseum","player_choice":"Fled From Nobs","floor":20.0,"gold_loss":0.0,"damage_taken":0.0},{"damage_healed":0.0,"max_hp_gain":0.0,"max_hp_loss":0.0,"gold_gain":0.0,"event_name":"Cursed Tome","player_choice":"Ignored","floor":22.0,"gold_loss":0.0,"damage_taken":0.0},{"damage_healed":0.0,"max_hp_gain":0.0,"max_hp_loss":0.0,"gold_gain":0.0,"event_name":"The Mausoleum","player_choice":"Ignored","floor":29.0,"gold_loss":0.0,"damage_taken":0.0},{"damage_healed":0.0,"max_hp_gain":0.0,"max_hp_loss":4.0,"gold_gain":0.0,"event_name":"Winding Halls","player_choice":"Max HP","floor":36.0,"gold_loss":0.0,"damage_taken":0.0},{"damage_healed":0,"gold_gain":0,"player_choice":"Fight","damage_taken":0,"max_hp_gain":0,"max_hp_loss":0,"event_name":"MindBloom","floor":37,"gold_loss":0},{"cards_removed":["Pommel Strike"],"damage_healed":0,"gold_gain":0,"player_choice":"Removed Attack","damage_taken":0,"max_hp_gain":0,"max_hp_loss":0,"event_name":"Falling","floor":41,"gold_loss":0},{"damage_healed":0,"gold_gain":0,"player_choice":"Leave","damage_taken":0,"max_hp_gain":0,"max_hp_loss":0,"event_name":"FaceTrader","floor":47,"gold_loss":0}],"is_beta":false,"boss_relics":[{"not_picked":["Lizard Tail","Fusion Hammer"],"picked":"Black Blood"},{"not_picked":["Philosopher\u0027s Stone","Calling Bell"],"picked":"Velvet Choker"}],"items_purged_floors":[11],"is_endless":false,"potions_floor_spawned":[1,3,10,13,16,20,24,31,37],"ascension_level":7}