{"gold_per_floor":[15,33,44,44,56,90,107,136,136,136,153,153,180,196,196,300,300,318,318,331,341,351,351,450,450,531,531,551,406,421,431,431,431],"floor_reached":33,"playtime":1276,"items_purged":[],"score":273,"play_id":"dae39e2b-7576-4054-8c85-3405213922b0","local_time":"20181103114824","is_ascension_mode":false,"campfire_choices":[{"floor":10,"key":"RECALL"},{"data":"Spot Weakness","floor":15,"key":"SMITH"},{"floor":23,"key":"REST"},{"data":"Inflame","floor":27,"key":"SMITH"},{"floor":32,"key":"REST"}],"neow_cost":"NO_GOLD","seed_source_timestamp":24697979690142,"circlet_count":0,"master_deck":["Strike_R","Strike_R","Strike_R","Strike_R","Strike_R","Defend_R","Defend_R","Defend_R","Defend_R","Bash","Pommel Strike","Iron Wave","Flex","Reaper","Spot Weakness+1","Sword Boomerang","Shrug It Off+1","Inflame+1","Pummel","Twin Strike","Rage+1","Armaments","Sword Boomerang+1"],"relics":["Burning Blood","Bird Faced Urn","Torii","Bag of Preparation","Letter Opener","White Beast Statue","Nloth\u0027s Gift","Bottled Flame","Oddly Smooth Stone"],"potions_floor_usage":[6,8,13,16,17,21,28,28,31],"damage_taken":[{"damage":10,"enemies":"Cultist","floor":1,"turns":4},{"damage":1,"enemies":"Jaw Worm","floor":2,"turns":5},{"damage":0,"enemies":"Small Slimes","floor":3,"turns":4},{"damage":6,"enemies":"Blue Slaver","floor":5,"turns":4},{"damage":53,"enemies":"Lagavulin","floor":6,"turns":7},{"damage":11,"enemies":"Large Slime","floor":7,"turns":7},{"damage":22,"enemies":"3 Sentries","floor":8,"turns":8},{"damage":9,"enemies":"Red Slaver","floor":11,"turns":3},{"damage":32,"enemies":"Gremlin Nob","floor":13,"turns":4},{"damage":13,"enemies":"2 Fungi Beasts","floor":14,"turns":3},{"damage":35,"enemies":"Hexaghost","floor":16,"turns":11},{"damage":18,"enemies":"Spheric Guardian","floor":18,"turns":4},{"damage":32,"enemies":"Shell Parasite","floor":20,"turns":6},{"damage":15,"enemies":"Snecko","floor":21,"turns":4},{"damage":15,"enemies":"Snake Plant","floor":22,"turns":3},{"damage":36,"enemies":"3 Cultists","floor":28,"turns":5},{"damage":18,"enemies":"Shelled Parasite and Fungi","floor":30,"turns":6},{"damage":28,"enemies":"Centurion and Healer","floor":31,"turns":4},{"damage":70,"enemies":"Automaton","floor":33,"turns":6}],"seed_played":"3814383354626302655","potions_obtained":[{"floor":2,"key":"FearPotion"},{"floor":5,"key":"Swift Potion"},{"floor":6,"key":"GamblersBrew"},{"floor":8,"key":"AttackPotion"},{"floor":13,"key":"Energy Potion"},{"floor":16,"key":"Fruit Juice"},{"floor":18,"key":"Explosive Potion"},{"floor":20,"key":"Swift Potion"},{"floor":21,"key":"Weak Potion"},{"floor":22,"key":"Swift Potion"},{"floor":28,"key":"SpeedPotion"},{"floor":30,"key":"FearPotion"},{"floor":31,"key":"Fruit Juice"}],"is_trial":false,"path_per_floor":["M","M","M","T","M","E","M","E","T","R","M","?","E","M","R","B",null,"M","?","M","M","M","R","?","?","T","R","M","$","M","M","R","B"],"character_chosen":"IRONCLAD","items_purchased":["Oddly Smooth Stone"],"campfire_rested":2,"item_purchase_floors":[29],"current_hp_per_floor":[76,80,80,80,80,33,34,39,39,39,42,68,42,61,61,32,85,73,73,51,44,37,62,62,62,62,62,55,55,56,41,68,0],"gold":431,"neow_bonus":"ONE_RARE_RELIC","is_prod":false,"is_daily":false,"chose_seed":false,"campfire_upgraded":2,"win_rate":0,"timestamp":1541206104,"path_taken":["M","M","M","?","M","E","M","E","T","R","M","?","E","M","R","BOSS","M","?","M","M","M","R","?","?","T","R","M","$","M","M","R","BOSS"],"build_version":"2018-11-02","purchased_purges":0,"victory":false,"max_hp_per_floor":[80,80,80,80,80,80,80,80,80,80,80,80,80,80,80,80,85,85,85,85,85,85,85,85,85,85,85,85,85,85,90,90,90],"card_choices":[{"not_picked":["Dropkick","Body Slam"],"picked":"Pommel Strike","floor":1},{"not_picked":["Seeing Red","Disarm","Heavy Blade"],"picked":"SKIP","floor":2},{"not_picked":["Sentinel","Pommel Strike"],"picked":"Iron Wave","floor":3},{"not_picked":["Sword Boomerang","Clash"],"picked":"Flex","floor":5},{"not_picked":["Offering","Shrug It Off"],"picked":"Reaper","floor":6},{"not_picked":["Flex","Body Slam"],"picked":"Spot Weakness","floor":7},{"not_picked":["Sentinel","Fire Breathing","Feel No Pain"],"picked":"SKIP","floor":8},{"not_picked":["Anger","Reckless Charge","Iron Wave"],"picked":"SKIP","floor":11},{"not_picked":["Havoc","Metallicize","Reaper"],"picked":"SKIP","floor":13},{"not_picked":["Body Slam","Infernal Blade"],"picked":"Sword Boomerang","floor":14},{"not_picked":["Body Slam+1","True Grit+1"],"picked":"Shrug It Off+1","floor":18},{"not_picked":["Shrug It Off","Body Slam"],"picked":"Pummel","floor":20},{"not_picked":["Wild Strike","Spot Weakness"],"picked":"Twin Strike","floor":21},{"not_picked":["Iron Wave","Perfected Strike"],"picked":"Rage+1","floor":22},{"not_picked":["Dark Embrace","Body Slam"],"picked":"Armaments","floor":28},{"not_picked":["Pommel Strike","Evolve+1","Iron Wave"],"picked":"SKIP","floor":30},{"not_picked":["Perfected Strike","Body Slam"],"picked":"Sword Boomerang+1","floor":31}],"player_experience":169657,"relics_obtained":[{"floor":6,"key":"Torii"},{"floor":8,"key":"Bag of Marbles"},{"floor":9,"key":"Bag of Preparation"},{"floor":13,"key":"Letter Opener"},{"floor":26,"key":"Bottled Flame"}],"event_choices":[{"damage_healed":26,"gold_gain":0,"player_choice":"Banana","damage_taken":0,"max_hp_gain":0,"max_hp_loss":0,"event_name":"Big Fish","floor":12,"gold_loss":0},{"damage_healed":0,"gold_gain":0,"player_choice":"Read","damage_taken":0,"max_hp_gain":0,"max_hp_loss":0,"event_name":"The Library","floor":19,"gold_loss":0,"cards_obtained":["Inflame"]},{"damage_healed":0,"gold_gain":99,"player_choice":"Stole From Cult","damage_taken":0,"max_hp_gain":0,"max_hp_loss":0,"event_name":"Nest","floor":24,"gold_loss":0},{"damage_healed":0,"gold_gain":0,"player_choice":"Traded Relic","damage_taken":0,"relics_obtained":["Nloth\u0027s Gift"],"max_hp_gain":0,"max_hp_loss":0,"event_name":"N\u0027loth","floor":25,"relics_lost":["Bag of Marbles"],"gold_loss":0}],"is_beta":true,"boss_relics":[{"not_picked":["Eternal Feather","Coffee Dripper"],"picked":"White Beast Statue"}],"items_purged_floors":[],"is_endless":false,"potions_floor_spawned":[2,5,6,8,13,16,18,20,21,22,28,30,31],"killed_by":"Automaton","ascension_level":0}