{"gold_per_floor":[110,124,142,217,235,235,72,101,126,137,137,153,181,201,201,274,304,319,319,59,59,59,59,59],"floor_reached":24,"playtime":864,"items_purged":["Pain"],"score":386,"play_id":"ac4c4cda-2a49-467e-8bf5-0e50272e8005","local_time":"20190524164749","is_ascension_mode":true,"campfire_choices":[{"data":"Inflame","floor":6.0,"key":"SMITH"},{"data":"Heavy Blade","floor":11.0,"key":"SMITH"},{"data":"Cleave","floor":15.0,"key":"SMITH"},{"data":"Barricade","floor":23,"key":"SMITH"}],"neow_cost":"NONE","seed_source_timestamp":283355803890463,"circlet_count":0,"master_deck":["AscendersBane","Defend_R","Defend_R","Defend_R","Defend_R","Bash","Inflame+1","Twin Strike","Pommel Strike","Impervious","Heavy Blade+1","Cleave+1","Barricade+1","Doubt","Bite","Bite","Bite","Bite","Bite"],"special_seed":0,"relics":["Burning Blood","NeowsBlessing","Bag of Marbles","Blood Vial","Art of War","Calling Bell","Tiny Chest","The Courier","StoneCalendar","Paper Frog"],"potions_floor_usage":[],"damage_taken":[{"damage":0.0,"enemies":"2 Louse","floor":1.0,"turns":1.0},{"damage":0.0,"enemies":"Small Slimes","floor":2.0,"turns":1.0},{"damage":0.0,"enemies":"Jaw Worm","floor":3.0,"turns":1.0},{"damage":14.0,"enemies":"3 Louse","floor":5.0,"turns":4.0},{"damage":30.0,"enemies":"3 Sentries","floor":8.0,"turns":11.0},{"damage":8.0,"enemies":"Blue Slaver","floor":10.0,"turns":4.0},{"damage":11.0,"enemies":"Exordium Wildlife","floor":12.0,"turns":4.0},{"damage":5.0,"enemies":"Gremlin Nob","floor":13.0,"turns":3.0},{"damage":6.0,"enemies":"Exordium Thugs","floor":14.0,"turns":4.0},{"damage":41.0,"enemies":"The Guardian","floor":16.0,"turns":12.0},{"damage":51,"enemies":"Shell Parasite","floor":18,"turns":7},{"damage":8,"enemies":"Slavers","floor":24,"turns":1}],"seed_played":"-3843204078982035246","potions_obtained":[{"floor":3.0,"key":"Poison Potion"},{"floor":5.0,"key":"BloodPotion"},{"floor":12.0,"key":"Swift Potion"}],"is_trial":false,"path_per_floor":["M","M","M","?","M","R","$","E","T","M","R","M","E","M","R","B",null,"M","?","$","?","?","R","E"],"character_chosen":"IRONCLAD","items_purchased":["Impervious","Paper Frog"],"campfire_rested":0,"item_purchase_floors":[7,20],"current_hp_per_floor":[74,75,75,64,56,56,56,39,39,39,39,36,39,41,41,8,58,15,15,15,6,6,6,0],"gold":59,"neow_bonus":"THREE_ENEMY_KILL","is_prod":false,"is_daily":false,"chose_seed":false,"campfire_upgraded":4,"win_rate":0,"timestamp":1558738069,"path_taken":["M","M","M","?","M","R","$","E","T","M","R","M","E","M","R","BOSS","M","?","$","?","?","R","E"],"build_version":"2019-01-23","purchased_purges":1,"victory":false,"max_hp_per_floor":[75,75,75,75,75,75,75,75,75,75,75,75,75,75,75,75,75,75,52,52,52,52,52,52],"card_choices":[{"not_picked":["Sword Boomerang","Wild Strike","Clash"],"picked":"SKIP","floor":1.0},{"not_picked":["Wild Strike","Clothesline"],"picked":"Inflame","floor":2.0},{"not_picked":["Thunderclap","Pummel"],"picked":"Twin Strike","floor":3.0},{"not_picked":["Headbutt","Flex"],"picked":"Pommel Strike","floor":5.0},{"not_picked":["Feel No Pain","Offering","Corruption"],"picked":"SKIP","floor":8.0},{"not_picked":["Burning Pact","Disarm"],"picked":"Heavy Blade","floor":10.0},{"not_picked":["Hemokinesis","Wild Strike","Fire Breathing"],"picked":"SKIP","floor":12.0},{"not_picked":["Flex","Headbutt"],"picked":"Cleave","floor":13.0},{"not_picked":["Anger","Armaments","Dual Wield"],"picked":"SKIP","floor":14.0},{"not_picked":["Dark Embrace","Brutality"],"picked":"Barricade","floor":16.0},{"not_picked":["Heavy Blade","Armaments","Warcry"],"picked":"SKIP","floor":18}],"player_experience":587623,"relics_obtained":[{"floor":8.0,"key":"Bag of Marbles"},{"floor":9.0,"key":"Blood Vial"},{"floor":13.0,"key":"Art of War"},{"floor":17,"key":"Tiny Chest"},{"floor":17,"key":"The Courier"},{"floor":17,"key":"StoneCalendar"}],"event_choices":[{"damage_healed":0.0,"max_hp_gain":0.0,"max_hp_loss":0.0,"gold_gain":75.0,"event_name":"World of Goop","player_choice":"Gather Gold","floor":4.0,"gold_loss":0.0,"damage_taken":11.0},{"damage_healed":0,"gold_gain":0,"player_choice":"Became a vampire","damage_taken":0,"max_hp_gain":0,"max_hp_loss":23,"event_name":"Vampires","floor":19,"gold_loss":0,"cards_obtained":["Bite","Bite","Bite","Bite","Bite"]},{"damage_healed":0,"gold_gain":0,"player_choice":"Stopped","damage_taken":9,"max_hp_gain":0,"max_hp_loss":0,"event_name":"Cursed Tome","floor":21,"gold_loss":0},{"cards_removed":["Doubt"],"damage_healed":0,"gold_gain":0,"player_choice":"Elegance","damage_taken":0,"max_hp_gain":0,"max_hp_loss":0,"event_name":"Back to Basics","floor":22,"gold_loss":0}],"is_beta":false,"boss_relics":[{"not_picked":["Orrery","Empty Cage"],"picked":"Calling Bell"}],"items_purged_floors":[20],"is_endless":false,"potions_floor_spawned":[3,5,12,14],"killed_by":"Slavers","ascension_level":15}