{"gold_per_floor":[118,118,128,128,145,145,172,172,196,196,210,210,237,251,251,353,353,334,350,131,46,46,46,80,80,80,98,109,137,157,157,157,256,256,266,27,27,27,44,44,77,94,171,171,171,230,247,282,282,282],"floor_reached":51,"playtime":2701,"items_purged":[],"score":908,"play_id":"9ba416f0-a94a-47ee-bc89-79ea74ea74c1","local_time":"20181103021636","is_ascension_mode":false,"campfire_choices":[{"data":"Skewer","floor":6,"key":"SMITH"},{"data":"Neutralize","floor":10,"key":"SMITH"},{"data":"Dagger Spray","floor":12,"key":"SMITH"},{"data":"Dodge and Roll","floor":15,"key":"SMITH"},{"data":"Infinite Blades","floor":23,"key":"SMITH"},{"data":"Malaise","floor":25,"key":"SMITH"},{"floor":32,"key":"REST"},{"data":"Storm of Steel","floor":40,"key":"SMITH"},{"floor":49,"key":"REST"}],"neow_cost":"NONE","seed_source_timestamp":248755839689,"circlet_count":0,"master_deck":["Defend_G+1","Defend_G+1","Defend_G+1","Defend_G+1","Defend_G+1","Strike_G+1","Strike_G+1","Strike_G+1","Strike_G+1","Survivor","Neutralize+1","Skewer+1","Backflip","Flying Knee","Dagger Throw","Dagger Spray+1","Dodge and Roll+1","Malaise+1","Outmaneuver","Cloak And Dagger","Infinite Blades+1","Acrobatics","Tactician","Storm of Steel+1","Accuracy+1","Die Die Die","Blade Dance+1","Panache","Flying Knee+1","PiercingWail+1","Escape Plan+1","Skewer+1","Dodge and Roll+1"],"relics":["Ring of the Snake","PreservedInsect","Pen Nib","Ornamental Fan","Vajra","Orichalcum","Black Star","Bag of Marbles","Snake Skull","Centennial Puzzle","Lantern","Potion Belt","Tough Bandages","Mango","Sozu","Letter Opener","Bronze Scales","Peace Pipe","Thread and Needle","Mercury Hourglass","Anchor","Tiny Chest","Happy Flower","Omamori","Ancient Tea Set"],"potions_floor_usage":[7,11,24,28,29,33,33,33],"damage_taken":[{"damage":0,"enemies":"Small Slimes","floor":1,"turns":5},{"damage":0,"enemies":"Jaw Worm","floor":3,"turns":3},{"damage":2,"enemies":"Cultist","floor":5,"turns":4},{"damage":9,"enemies":"Lagavulin","floor":7,"turns":4},{"damage":1,"enemies":"Exordium Thugs","floor":11,"turns":4},{"damage":0,"enemies":"3 Sentries","floor":13,"turns":3},{"damage":0,"enemies":"2 Fungi Beasts","floor":14,"turns":2},{"damage":35,"enemies":"The Guardian","floor":16,"turns":13},{"damage":21,"enemies":"2 Thieves","floor":18,"turns":4},{"damage":1,"enemies":"Chosen","floor":19,"turns":6},{"damage":0,"enemies":"Slavers","floor":24,"turns":3},{"damage":0,"enemies":"Snecko","floor":27,"turns":4},{"damage":5,"enemies":"Chosen and Byrds","floor":28,"turns":6},{"damage":15,"enemies":"Book of Stabbing","floor":29,"turns":3},{"damage":6,"enemies":"Shelled Parasite and Fungi","floor":30,"turns":7},{"damage":33,"enemies":"Champ","floor":33,"turns":15},{"damage":0,"enemies":"3 Shapes","floor":35,"turns":4},{"damage":0,"enemies":"3 Darklings","floor":39,"turns":1},{"damage":30,"enemies":"Giant Head","floor":41,"turns":9},{"damage":0,"enemies":"Writhing Mass","floor":42,"turns":6},{"damage":6,"enemies":"Reptomancer","floor":46,"turns":4},{"damage":0,"enemies":"4 Shapes","floor":47,"turns":4},{"damage":0,"enemies":"Giant Head","floor":48,"turns":6},{"damage":40,"enemies":"Awakened One","floor":50,"turns":14}],"seed_played":"3656220713838224644","potions_obtained":[{"floor":1,"key":"GhostInAJar"},{"floor":3,"key":"GhostInAJar"},{"floor":11,"key":"GamblersBrew"},{"floor":14,"key":"SteroidPotion"},{"floor":18,"key":"Energy Potion"},{"floor":24,"key":"Ancient Potion"},{"floor":27,"key":"Ancient Potion"},{"floor":30,"key":"SkillPotion"},{"floor":33,"key":"AttackPotion"}],"is_trial":false,"path_per_floor":["M","?","M","?","M","R","E","T","T","R","M","R","E","M","R","B",null,"M","M","$","?","$","R","E","R","T","M","M","E","M","?","R","B",null,"M","$","?","?","M","R","E","M","T","T","?","E","M","E","R","B",null],"character_chosen":"THE_SILENT","items_purchased":["Bag of Marbles","Infinite Blades","Letter Opener"],"campfire_rested":2,"item_purchase_floors":[20,20,36],"current_hp_per_floor":[70,75,75,68,66,66,57,57,57,57,56,56,56,56,56,21,75,54,53,53,53,53,53,53,53,53,53,48,47,41,41,67,34,89,89,89,89,89,89,89,59,59,59,59,59,53,53,53,79,39],"gold":282,"neow_bonus":"RANDOM_COMMON_RELIC","is_prod":false,"is_daily":false,"chose_seed":false,"campfire_upgraded":7,"win_rate":0,"timestamp":1541171796,"path_taken":["M","?","M","?","M","R","E","?","T","R","M","R","E","M","R","BOSS","M","M","$","?","?","R","E","R","T","M","M","E","M","?","R","BOSS","M","$","?","?","M","R","E","?","T","?","?","E","M","E","R","BOSS"],"build_version":"2018-11-01v2","purchased_purges":0,"victory":true,"max_hp_per_floor":[70,75,75,75,75,75,75,75,75,75,75,75,75,75,75,75,75,75,75,75,75,75,75,75,75,75,75,75,89,89,89,89,89,89,89,89,89,89,89,89,89,89,89,89,89,89,89,89,89,89],"card_choices":[{"not_picked":["Prepared","Outmaneuver"],"picked":"Skewer","floor":1},{"not_picked":["Outmaneuver","Blade Dance"],"picked":"Backflip","floor":3},{"not_picked":["Concentrate","Dodge and Roll"],"picked":"Flying Knee","floor":5},{"not_picked":["Deadly Poison","Riddle With Holes"],"picked":"Dagger Throw","floor":7},{"not_picked":["Masterful Stab","Quick Slash"],"picked":"Dagger Spray","floor":11},{"not_picked":["Skewer","Flying Knee","A Thousand Cuts"],"picked":"SKIP","floor":13},{"not_picked":["PiercingWail","Acrobatics"],"picked":"Dodge and Roll","floor":14},{"not_picked":["Tools of the Trade","After Image"],"picked":"Malaise","floor":16},{"not_picked":["Masterful Stab","Underhanded Strike"],"picked":"Outmaneuver","floor":18},{"not_picked":["Dagger Throw","Dodge and Roll"],"picked":"Cloak And Dagger","floor":19},{"not_picked":["Dagger Spray","Bullet Time"],"picked":"Acrobatics","floor":24},{"not_picked":["Acrobatics+1","Dagger Throw"],"picked":"Tactician","floor":27},{"not_picked":["Distraction","Endless Agony"],"picked":"Prepared","floor":28},{"not_picked":["Grand Finale","Sucker Punch"],"picked":"Storm of Steel","floor":29},{"not_picked":["Cloak And Dagger","Backflip+1"],"picked":"Accuracy+1","floor":30},{"not_picked":["Wraith Form v2","Venomology"],"picked":"Die Die Die","floor":33},{"not_picked":["Outmaneuver+1","Eviscerate"],"picked":"Blade Dance+1","floor":35},{"not_picked":["Forethought","Metamorphosis"],"picked":"Panache","floor":37},{"not_picked":["Deadly Poison","Choke"],"picked":"Flying Knee+1","floor":39},{"not_picked":["Terror","Bane"],"picked":"PiercingWail+1","floor":41},{"not_picked":["Acrobatics+1","Calculated Gamble+1","Grand Finale"],"picked":"SKIP","floor":42},{"not_picked":["A Thousand Cuts","Blade Dance+1"],"picked":"Escape Plan+1","floor":46},{"not_picked":["Blade Dance+1","Dagger Spray+1"],"picked":"Skewer+1","floor":47},{"not_picked":["Escape Plan","Accuracy+1"],"picked":"Dodge and Roll+1","floor":48}],"player_experience":146984,"relics_obtained":[{"floor":7,"key":"Pen Nib"},{"floor":8,"key":"Ornamental Fan"},{"floor":9,"key":"Vajra"},{"floor":13,"key":"Orichalcum"},{"floor":24,"key":"Centennial Puzzle"},{"floor":24,"key":"Lantern"},{"floor":26,"key":"Potion Belt"},{"floor":29,"key":"Tough Bandages"},{"floor":29,"key":"Mango"},{"floor":41,"key":"Peace Pipe"},{"floor":41,"key":"Thread and Needle"},{"floor":43,"key":"Mercury Hourglass"},{"floor":44,"key":"Anchor"},{"floor":46,"key":"Tiny Chest"},{"floor":46,"key":"Happy Flower"},{"floor":48,"key":"Omamori"},{"floor":48,"key":"Ancient Tea Set"}],"event_choices":[{"damage_healed":0,"gold_gain":0,"player_choice":"Donut","damage_taken":0,"max_hp_gain":5,"max_hp_loss":0,"event_name":"Big Fish","floor":2,"gold_loss":0},{"cards_removed":["Strike_G"],"damage_healed":0,"gold_gain":0,"player_choice":"Card Removal","damage_taken":7,"max_hp_gain":0,"max_hp_loss":0,"event_name":"Golden Wing","floor":4,"gold_loss":0},{"damage_healed":0,"gold_gain":0,"player_choice":"Obtained Relic","damage_taken":0,"relics_obtained":["Snake Skull"],"max_hp_gain":0,"max_hp_loss":0,"event_name":"Addict","floor":21,"gold_loss":85},{"damage_healed":0,"gold_gain":0,"player_choice":"Simplicity","damage_taken":0,"max_hp_gain":0,"max_hp_loss":0,"event_name":"Back to Basics","floor":31,"gold_loss":0,"cards_upgraded":["Defend_G","Defend_G","Defend_G","Defend_G","Defend_G","Strike_G","Strike_G","Strike_G","Strike_G"]},{"damage_healed":0,"gold_gain":0,"player_choice":"Memory 1","damage_taken":0,"max_hp_gain":0,"max_hp_loss":0,"event_name":"SensoryStone","floor":37,"gold_loss":0},{"damage_healed":0,"gold_gain":0,"player_choice":"Gave Potion","damage_taken":0,"relics_obtained":["Bronze Scales"],"max_hp_gain":0,"max_hp_loss":0,"event_name":"WeMeetAgain","floor":38,"gold_loss":0},{"cards_removed":["Prepared"],"damage_healed":0,"gold_gain":0,"player_choice":"Removed Skill","damage_taken":0,"max_hp_gain":0,"max_hp_loss":0,"event_name":"Falling","floor":45,"gold_loss":0}],"is_beta":true,"boss_relics":[{"not_picked":["Ectoplasm","Coffee Dripper"],"picked":"Black Star"},{"not_picked":["Ring of the Serpent","Philosopher\u0027s Stone"],"picked":"Sozu"}],"items_purged_floors":[],"is_endless":false,"potions_floor_spawned":[1,3,11,14,18,24,27,30,33,39,41],"ascension_level":0}