{"gold_per_floor":[117,67,67,142,160,200,218,218,263,281,281,281,42,83,83,176,176,176,176,176,176],"floor_reached":21,"playtime":699,"items_purged":[],"score":318,"play_id":"e4372d87-6de0-432f-bc60-7219e244442a","local_time":"20190518004123","is_ascension_mode":true,"campfire_choices":[{"floor":8.0,"key":"REST"},{"floor":12.0,"key":"REST"},{"data":"Heavy Blade","floor":15.0,"key":"SMITH"}],"neow_cost":"NONE","seed_source_timestamp":1302380469225813,"circlet_count":0,"master_deck":["AscendersBane","Strike_R","Strike_R","Strike_R+1","Strike_R","Defend_R","Defend_R","Defend_R+1","Defend_R","Bash+1","Heavy Blade+1","Cleave","Ghostly Armor","Metallicize","Demon Form"],"special_seed":0,"relics":["Burning Blood","Golden Idol","Anchor","Smiling Mask","Mercury Hourglass","Vajra","Ectoplasm"],"potions_floor_usage":[21],"damage_taken":[{"damage":20.0,"enemies":"Jaw Worm","floor":1.0,"turns":6.0},{"damage":0.0,"enemies":"2 Louse","floor":5.0,"turns":2.0},{"damage":50.0,"enemies":"3 Sentries","floor":6.0,"turns":11.0},{"damage":5.0,"enemies":"Cultist","floor":7.0,"turns":4.0},{"damage":2.0,"enemies":"2 Fungi Beasts","floor":10.0,"turns":4.0},{"damage":16.0,"enemies":"Gremlin Nob","floor":14.0,"turns":3.0},{"damage":18.0,"enemies":"The Guardian","floor":16.0,"turns":18.0},{"damage":26.0,"enemies":"3 Byrds","floor":18.0,"turns":5.0},{"damage":14,"enemies":"Spheric Guardian","floor":20,"turns":5},{"damage":29,"enemies":"Snake Plant","floor":21,"turns":4}],"seed_played":"-1119123112351231829","potions_obtained":[{"floor":1.0,"key":"GamblersBrew"},{"floor":7.0,"key":"Block Potion"},{"floor":16.0,"key":"Swift Potion"},{"floor":20,"key":"PowerPotion"}],"is_trial":false,"path_per_floor":["M","?","?","?","M","E","M","R","T","M","?","R","$","E","R","B",null,"M","?","M","M"],"character_chosen":"IRONCLAD","items_purchased":["Mercury Hourglass"],"campfire_rested":2,"item_purchase_floors":[13],"current_hp_per_floor":[54,54,54,48,54,10,11,31,31,35,21,41,41,31,31,19,57,37,37,29,0],"gold":176,"neow_bonus":"UPGRADE_CARD","is_prod":false,"is_daily":false,"chose_seed":false,"campfire_upgraded":1,"win_rate":0,"timestamp":1558161683,"path_taken":["M","?","?","?","M","E","?","R","T","M","?","R","$","E","R","BOSS","M","?","?","M"],"build_version":"2019-01-23","purchased_purges":0,"victory":false,"max_hp_per_floor":[75,75,69,69,69,69,69,69,69,69,69,69,69,69,69,69,69,69,69,69,69],"card_choices":[{"not_picked":["Entrench","Wild Strike"],"picked":"Heavy Blade","floor":1.0},{"not_picked":["Pommel Strike","Twin Strike"],"picked":"Cleave","floor":5.0},{"not_picked":["Perfected Strike","Intimidate"],"picked":"Ghostly Armor","floor":6.0},{"not_picked":["Cleave","Sword Boomerang"],"picked":"Metallicize","floor":7.0},{"not_picked":["Battle Trance","Dual Wield","Reckless Charge"],"picked":"SKIP","floor":10.0},{"not_picked":["Sword Boomerang","Battle Trance","Bloodletting"],"picked":"SKIP","floor":14.0},{"not_picked":["Feed","Juggernaut"],"picked":"Demon Form","floor":16.0},{"not_picked":["Armaments","Thunderclap","Havoc"],"picked":"SKIP","floor":18.0},{"not_picked":["Flex","Disarm","Heavy Blade"],"picked":"SKIP","floor":20}],"player_experience":567336,"relics_obtained":[{"floor":6.0,"key":"Anchor"},{"floor":9.0,"key":"Smiling Mask"},{"floor":14.0,"key":"Vajra"}],"event_choices":[{"cards_removed":["Strike_R"],"damage_healed":0.0,"max_hp_gain":0.0,"max_hp_loss":0.0,"gold_gain":0.0,"event_name":"The Cleric","player_choice":"Card Removal","floor":2.0,"gold_loss":50.0,"damage_taken":0.0},{"damage_healed":0.0,"max_hp_gain":0.0,"max_hp_loss":6.0,"gold_gain":0.0,"event_name":"Golden Idol","player_choice":"Lose Max HP","floor":3.0,"gold_loss":0.0,"damage_taken":0.0,"relics_obtained":["Golden Idol"]},{"damage_healed":0.0,"max_hp_gain":0.0,"max_hp_loss":0.0,"gold_gain":75.0,"event_name":"FaceTrader","player_choice":"Touch","floor":4.0,"gold_loss":0.0,"damage_taken":6.0},{"damage_healed":0.0,"max_hp_gain":0.0,"max_hp_loss":0.0,"gold_gain":0.0,"event_name":"Shining Light","player_choice":"Entered Light","floor":11.0,"gold_loss":0.0,"damage_taken":14.0,"cards_upgraded":["Defend_R","Strike_R"]},{"damage_healed":0.0,"max_hp_gain":0.0,"max_hp_loss":0.0,"gold_gain":0.0,"event_name":"N\u0027loth","player_choice":"Ignored","floor":19.0,"gold_loss":0.0,"damage_taken":0.0}],"is_beta":false,"boss_relics":[{"not_picked":["Astrolabe","Pandora\u0027s Box"],"picked":"Ectoplasm"}],"items_purged_floors":[],"is_endless":false,"potions_floor_spawned":[1,7,16,20],"killed_by":"Snake Plant","ascension_level":14}