{"path_per_floor":["M","M","$","M","M","E","?","?","T","?","R","E","M","$","R","B",null,"M","M","M","M","?","R","M","M","T","$","M","R","?","M","R","B",null,"M","?","?","M","?"],"character_chosen":"IRONCLAD","items_purchased":["Carnage","Feed","Apotheosis","Blood for Blood"],"gold_per_floor":[116,132,62,76,88,121,176,176,230,230,230,259,270,123,123,218,218,237,254,269,288,288,288,303,323,323,60,72,72,172,183,183,285,285,301,301,401,412,412,412],"floor_reached":40,"campfire_rested":1,"playtime":5170,"current_hp_per_floor":[80,80,80,74,74,48,48,48,48,74,74,69,67,67,67,43,83,63,63,48,47,47,71,77,45,45,45,59,59,59,70,70,33,86,83,83,83,50,50,0],"items_purged":["Parasite"],"gold":412,"score":400,"play_id":"d9aa6614-697b-4cd4-95af-e44ac668c870","local_time":"20180521154728","is_prod":false,"is_daily":false,"chose_seed":false,"is_ascension_mode":false,"campfire_upgraded":4,"timestamp":1526881648,"campfire_choices":[{"data":"Clothesline","floor":11,"key":"SMITH"},{"data":"Carnage","floor":15,"key":"SMITH"},{"floor":23,"key":"REST"},{"data":"Apotheosis","floor":29,"key":"SMITH"},{"data":"Reaper","floor":32,"key":"SMITH"}],"path_taken":["M","M","$","M","M","E","?","?","T","?","R","E","M","$","R","BOSS","M","M","M","M","?","R","M","M","T","$","M","R","?","M","R","BOSS","M","?","?","M","?","E"],"build_version":"2018-05-17","seed_source_timestamp":19756429182077,"purchased_purges":1,"victory":false,"master_deck":["Strike_R","Strike_R","Strike_R","Strike_R","Defend_R","Defend_R","Defend_R","Defend_R","Bash","Cleave","Clothesline+1","Carnage+1","Sword Boomerang","Iron Wave","Whirlwind","Reaper","Perfected Strike","Clash","Feed","Reaper+1","Pommel Strike","Sever Soul","Thunderclap","Blood for Blood+1","Twin Strike","Dark Embrace","Iron Wave","Pummel","Rage+1","Apotheosis+1","Blood for Blood","Pommel Strike+1","Feed","Dropkick"],"max_hp_per_floor":[80,80,80,80,80,80,80,80,80,86,86,86,86,83,83,83,83,83,83,83,83,83,83,83,86,86,86,86,86,86,86,86,86,86,86,86,86,86,86,86],"relics":["Snecko Eye","Darkstone Periapt","Orichalcum","Juzu Bracelet","Orrery","Kunai","Letter Opener","Mark of Pain"],"card_choices":[{"not_picked":["Seeing Red","Whirlwind"],"picked":"Cleave","floor":1},{"not_picked":["Bloodletting","Combust"],"picked":"Clothesline","floor":2},{"not_picked":["True Grit","Warcry"],"picked":"Sword Boomerang","floor":4},{"not_picked":["Ghostly Armor","Cleave"],"picked":"Iron Wave","floor":5},{"not_picked":["Power Through","Sword Boomerang"],"picked":"Whirlwind","floor":6},{"not_picked":["Thunderclap","Shrug It Off"],"picked":"Perfected Strike","floor":12},{"not_picked":["Seeing Red","Bloodletting"],"picked":"Clash","floor":13},{"not_picked":["Impervious","Offering"],"picked":"Reaper","floor":16},{"not_picked":["Cleave","Anger"],"picked":"Pommel Strike","floor":17},{"not_picked":["Sword Boomerang","Shockwave"],"picked":"Sever Soul","floor":17},{"not_picked":["Flex","Battle Trance"],"picked":"Body Slam","floor":17},{"not_picked":["Cleave","True Grit"],"picked":"Thunderclap","floor":17},{"not_picked":["Anger","Twin Strike"],"picked":"Corruption","floor":17},{"not_picked":["Anger","Pommel Strike"],"picked":"Blood for Blood+1","floor":18},{"not_picked":["Reckless Charge+1","Combust"],"picked":"Twin Strike","floor":19},{"not_picked":["Clothesline","Headbutt"],"picked":"Dark Embrace","floor":20},{"not_picked":["Flex+1","Power Through"],"picked":"Iron Wave","floor":21},{"not_picked":["Ghostly Armor","Headbutt"],"picked":"Pummel","floor":24},{"not_picked":["Whirlwind+1","Hemokinesis+1"],"picked":"Rage+1","floor":25},{"not_picked":["Fire Breathing+1","Flex+1"],"picked":"Pommel Strike+1","floor":28},{"not_picked":["Headbutt+1","Reckless Charge","Thunderclap"],"picked":"SKIP","floor":31},{"not_picked":["Dark Embrace","Offering"],"picked":"Feed","floor":33},{"not_picked":["Iron Wave","Feel No Pain+1","Flex+1"],"picked":"SKIP","floor":35},{"not_picked":["Feel No Pain+1","Anger","Flex+1"],"picked":"SKIP","floor":38}],"player_experience":5076,"potions_floor_usage":[6,6,28,33,33],"damage_taken":[{"damage":0,"enemies":"Cultist","floor":1,"turns":2},{"damage":0,"enemies":"Small Slimes","floor":2,"turns":2},{"damage":6,"enemies":"Jaw Worm","floor":4,"turns":2},{"damage":0,"enemies":"Blue Slaver","floor":5,"turns":1},{"damage":26,"enemies":"Gremlin Nob","floor":6,"turns":4},{"damage":13,"enemies":"3 Sentries","floor":12,"turns":4},{"damage":4,"enemies":"Lots of Slimes","floor":13,"turns":3},{"damage":28,"enemies":"Slime Boss","floor":16,"turns":10},{"damage":24,"enemies":"Shell Parasite","floor":18,"turns":5},{"damage":4,"enemies":"3 Byrds","floor":19,"turns":4},{"damage":15,"enemies":"Snake Plant","floor":20,"turns":2},{"damage":9,"enemies":"Centurion and Healer","floor":21,"turns":3},{"damage":0,"enemies":"Snecko","floor":24,"turns":2},{"damage":40,"enemies":"Snake Plant","floor":25,"turns":5},{"damage":0,"enemies":"Sentry and Sphere","floor":28,"turns":2},{"damage":2,"enemies":"Cultist and Chosen","floor":31,"turns":4},{"damage":44,"enemies":"Champ","floor":33,"turns":8},{"damage":5,"enemies":"3 Darklings","floor":35,"turns":3},{"damage":39,"enemies":"3 Shapes","floor":38,"turns":3},{"damage":54,"enemies":"Nemesis","floor":40,"turns":4}],"relics_obtained":[{"floor":6,"key":"Darkstone Periapt"},{"floor":9,"key":"Orichalcum"},{"floor":12,"key":"Juzu Bracelet"},{"floor":26,"key":"Letter Opener"}],"event_choices":[{"event_name":"Golden Wing","player_choice":"Gained Gold","floor":7,"damage_taken":0},{"event_name":"Transmorgrifier","player_choice":"Transform","floor":8,"damage_taken":0},{"event_name":"Mushrooms","player_choice":"Healed and dodged fight","floor":10,"damage_taken":0},{"event_name":"The Mausoleum","player_choice":"Yes","floor":22,"damage_taken":0},{"event_name":"Golden Shrine","player_choice":"Pray","floor":30,"damage_taken":0},{"event_name":"Golden Shrine","player_choice":"Pray","floor":37,"damage_taken":0},{"event_name":"Transmorgrifier","player_choice":"Transform","floor":39,"damage_taken":0}],"boss_relics":[{"not_picked":["White Beast Statue","Runic Cube"],"picked":"Orrery"},{"not_picked":["Eternal Feather","Cursed Key"],"picked":"Mark of Pain"}],"potions_floor_spawned":[1,2,6,12,19,20,21,24],"seed_played":"7132735740492039183","killed_by":"Nemesis","ascension_level":0,"potions_obtained":[{"floor":1,"key":"PowerPotion"},{"floor":2,"key":"PowerPotion"},{"floor":6,"key":"Poison Potion"},{"floor":12,"key":"Explosive Potion"},{"floor":19,"key":"Weak Potion"},{"floor":20,"key":"Energy Potion"},{"floor":21,"key":"SkillPotion"},{"floor":24,"key":"Strength Potion"}],"is_trial":false}