{"gold_per_floor":[17,17,28,48,66,66,98,98,98,110,110,138,156,2,2,2],"floor_reached":16,"playtime":388,"items_purged":[],"score":185,"play_id":"31d83bf5-6abf-443c-96fc-884369d8621a","local_time":"20190517010730","is_ascension_mode":true,"campfire_choices":[{"data":"Whirlwind","floor":6,"key":"SMITH"},{"data":"Metallicize","floor":8,"key":"SMITH"},{"data":"Twin Strike","floor":15,"key":"SMITH"}],"neow_cost":"NO_GOLD","seed_source_timestamp":1217955426852124,"circlet_count":0,"master_deck":["AscendersBane","Strike_R","Strike_R","Strike_R","Strike_R","Strike_R","Defend_R","Defend_R","Defend_R","Bash","Twin Strike+1","Whirlwind+1","Metallicize+1","Pommel Strike","Shrug It Off"],"special_seed":0,"relics":["Burning Blood","Prayer Wheel","Question Card","Bottled Flame","Art of War","Centennial Puzzle"],"potions_floor_usage":[7,12,16],"damage_taken":[{"damage":8.0,"enemies":"2 Louse","floor":1.0,"turns":2.0},{"damage":13.0,"enemies":"Jaw Worm","floor":3.0,"turns":4.0},{"damage":5.0,"enemies":"Small Slimes","floor":4.0,"turns":3.0},{"damage":6,"enemies":"3 Louse","floor":5,"turns":2},{"damage":14,"enemies":"3 Sentries","floor":7,"turns":3},{"damage":0,"enemies":"2 Fungi Beasts","floor":10,"turns":2},{"damage":36,"enemies":"Lagavulin","floor":12,"turns":6},{"damage":5,"enemies":"Red Slaver","floor":13,"turns":4},{"damage":34,"enemies":"Slime Boss","floor":16,"turns":3}],"seed_played":"7049021262467287586","potions_obtained":[{"floor":1.0,"key":"Energy Potion"},{"floor":5,"key":"Block Potion"},{"floor":12,"key":"Strength Potion"}],"is_trial":false,"path_per_floor":["M","?","M","M","M","R","E","R","T","M","?","E","M","$","R","B"],"character_chosen":"IRONCLAD","items_purchased":["Centennial Puzzle"],"campfire_rested":0,"item_purchase_floors":[14],"current_hp_per_floor":[70,63,56,57,57,57,49,49,49,55,55,25,26,26,26,0],"gold":2,"neow_bonus":"ONE_RARE_RELIC","is_prod":false,"is_daily":false,"chose_seed":false,"campfire_upgraded":3,"win_rate":0,"timestamp":1558076850,"path_taken":["M","?","M","M","M","R","E","R","T","M","?","E","M","?","R","BOSS"],"build_version":"2019-01-23","purchased_purges":0,"victory":false,"max_hp_per_floor":[80,80,80,80,80,80,80,80,80,80,80,80,80,80,80,80],"card_choices":[{"not_picked":["Sentinel","Body Slam","True Grit"],"picked":"SKIP","floor":1.0},{"not_picked":["Clothesline","Havoc","Sentinel"],"picked":"SKIP","floor":1.0},{"not_picked":["Wild Strike","Armaments"],"picked":"Twin Strike","floor":3.0},{"not_picked":["Blood for Blood","Shrug It Off"],"picked":"Whirlwind","floor":3.0},{"not_picked":["Shrug It Off","Iron Wave"],"picked":"Metallicize","floor":4.0},{"not_picked":["Twin Strike","Thunderclap","Headbutt"],"picked":"SKIP","floor":4.0},{"not_picked":["True Grit","Blood for Blood"],"picked":"Pommel Strike","floor":5},{"not_picked":["Headbutt","Perfected Strike"],"picked":"Shrug It Off","floor":5},{"not_picked":["Shockwave","Perfected Strike","Reaper"],"picked":"SKIP","floor":7},{"not_picked":["Sever Soul","Feel No Pain","Whirlwind","Armaments"],"picked":"SKIP","floor":10},{"not_picked":["Armaments","Burning Pact","Wild Strike","Heavy Blade"],"picked":"SKIP","floor":10},{"not_picked":["Havoc","Dual Wield","Hemokinesis","Corruption"],"picked":"SKIP","floor":12},{"not_picked":["True Grit","Thunderclap","Warcry","Battle Trance"],"picked":"SKIP","floor":13},{"not_picked":["Armaments","Brutality","Pommel Strike","Flex"],"picked":"SKIP","floor":13}],"player_experience":559216,"relics_obtained":[{"floor":7,"key":"Question Card"},{"floor":9,"key":"Bottled Flame"},{"floor":12,"key":"Art of War"}],"event_choices":[{"cards_removed":["Defend_R"],"damage_healed":0.0,"max_hp_gain":0.0,"max_hp_loss":0.0,"gold_gain":0.0,"event_name":"Golden Wing","player_choice":"Card Removal","floor":2.0,"gold_loss":0.0,"damage_taken":7.0},{"damage_healed":0,"gold_gain":0,"player_choice":"Ignored","damage_taken":0,"max_hp_gain":0,"max_hp_loss":0,"event_name":"Liars Game","floor":11,"gold_loss":0}],"is_beta":false,"boss_relics":[],"items_purged_floors":[],"is_endless":false,"potions_floor_spawned":[1,5,12],"killed_by":"Slime Boss","ascension_level":13}