{"gold_per_floor":[109,109,125,144,223,223,242,242,242,270,270,282,282,296,296,397,397,410,425,444,24,24,24,40,51,125,155,155,186,216,231,231,334,334,354,132,151,11,11,11,11,25,25,52,52,68,103,103,103,103],"floor_reached":51,"playtime":3823,"items_purged":["Defend_B"],"score":970,"play_id":"8616f558-3ac4-4663-a0ee-b42dd9831bc4","local_time":"20190608180403","is_ascension_mode":true,"campfire_choices":[{"data":"Zap","floor":6,"key":"SMITH"},{"data":"Scrape","floor":8,"key":"SMITH"},{"floor":15,"key":"REST"},{"floor":23,"key":"REST"},{"floor":28,"key":"REST"},{"floor":32,"key":"REST"},{"floor":40,"key":"RECALL"},{"floor":49,"key":"REST"}],"neow_cost":"CURSE","seed_source_timestamp":583307601512443,"circlet_count":0,"master_deck":["Strike_B+1","Defend_B+1","Defend_B","Zap+1","Dualcast+1","All For One","Rip and Tear+1","Steam","Scrape+1","Scrape+1","Beam Cell","Buffer+1","Steam","Go for the Eyes","Good Instincts+1","Gash","Hologram+1","Glacier","Hologram+1","Beam Cell","All For One","Redo+1","Panache+1","Gash","Go for the Eyes","Steam","Good Instincts","Hologram+1","Go for the Eyes","Electrodynamics+1","Turbo","Hologram+1"],"relics":["Cracked Core","Frozen Egg 2","Whetstone","Fusion Hammer","Membership Card","Thread and Needle","The Courier","Ornamental Fan","Red Mask","Calipers","Empty Cage","Frozen Eye","War Paint","Centennial Puzzle","Bag of Marbles","Bronze Scales","GremlinMask"],"potions_floor_usage":[12,16,25,27,27,50],"damage_taken":[{"damage":8,"enemies":"Small Slimes","floor":1,"turns":3},{"damage":3,"enemies":"2 Louse","floor":3,"turns":2},{"damage":0,"enemies":"Cultist","floor":4,"turns":3},{"damage":14,"enemies":"3 Louse","floor":7,"turns":3},{"damage":18,"enemies":"Gremlin Nob","floor":10,"turns":3},{"damage":6,"enemies":"Exordium Thugs","floor":12,"turns":2},{"damage":9,"enemies":"Red Slaver","floor":14,"turns":2},{"damage":38,"enemies":"The Guardian","floor":16,"turns":9},{"damage":0,"enemies":"Spheric Guardian","floor":18,"turns":3},{"damage":12,"enemies":"2 Thieves","floor":19,"turns":3},{"damage":15,"enemies":"Shelled Parasite and Fungi","floor":20,"turns":3},{"damage":0,"enemies":"Cultist and Chosen","floor":24,"turns":4},{"damage":2,"enemies":"3 Cultists","floor":25,"turns":5},{"damage":11,"enemies":"Gremlin Leader","floor":27,"turns":6},{"damage":19,"enemies":"Masked Bandits","floor":29,"turns":4},{"damage":0,"enemies":"Book of Stabbing","floor":30,"turns":7},{"damage":0,"enemies":"Snecko","floor":31,"turns":2},{"damage":0,"enemies":"Champ","floor":33,"turns":11},{"damage":0,"enemies":"3 Shapes","floor":35,"turns":6},{"damage":0,"enemies":"Orb Walker","floor":37,"turns":3},{"damage":0,"enemies":"3 Darklings","floor":42,"turns":3},{"damage":0,"enemies":"Nemesis","floor":44,"turns":7},{"damage":0,"enemies":"Spire Growth","floor":46,"turns":3},{"damage":0,"enemies":"Reptomancer","floor":47,"turns":5},{"damage":7,"enemies":"Donu and Deca","floor":50,"turns":6}],"seed_played":"-4887530126780145304","potions_obtained":[{"floor":7,"key":"Explosive Potion"},{"floor":10,"key":"EssenceOfSteel"},{"floor":14,"key":"Regen Potion"},{"floor":16,"key":"Strength Potion"},{"floor":19,"key":"Weak Potion"},{"floor":20,"key":"LiquidBronze"},{"floor":31,"key":"SpeedPotion"},{"floor":37,"key":"Dexterity Potion"},{"floor":42,"key":"EssenceOfSteel"}],"is_trial":false,"path_per_floor":["M","?","M","M","?","R","M","R","T","E","?","M","?","M","R","B",null,"M","M","M","$","?","R","M","M","T","E","R","?","E","M","R","B",null,"M","$","M","$","?","R","?","M","T","E","?","M","E","?","R","B",null],"character_chosen":"DEFECT","items_purchased":["Membership Card","Thread and Needle","Go for the Eyes","Good Instincts","Panache+1","Frozen Eye","War Paint","Gash","Go for the Eyes","Steam","Good Instincts"],"campfire_rested":5,"item_purchase_floors":[21,21,21,21,36,36,36,38,38,38,38],"current_hp_per_floor":[67,67,64,64,64,64,50,50,50,32,32,26,26,17,39,1,75,75,63,48,48,48,70,70,68,68,57,75,56,56,56,75,75,75,75,75,75,75,75,75,75,75,75,75,75,75,75,75,75,68],"gold":103,"neow_bonus":"THREE_RARE_CARDS","is_prod":false,"is_daily":false,"chose_seed":false,"campfire_upgraded":2,"win_rate":0,"timestamp":1560042243,"path_taken":["M","?","M","M","?","R","M","R","T","E","?","?","?","M","R","BOSS","M","M","M","$","?","R","M","?","T","E","R","?","E","M","R","BOSS","M","$","M","$","?","R","?","?","T","E","?","?","E","?","R","BOSS"],"build_version":"2019-01-23","purchased_purges":1,"victory":true,"max_hp_per_floor":[75,75,75,75,75,75,75,75,75,75,75,75,75,75,75,75,75,75,75,75,75,75,75,75,75,75,75,75,75,75,75,75,75,75,75,75,75,75,75,75,75,75,75,75,75,75,75,75,75,75],"card_choices":[{"not_picked":["Creative AI","Machine Learning"],"picked":"All For One","floor":0},{"not_picked":["Stack","Redo"],"picked":"Rip and Tear","floor":1},{"not_picked":["Beam Cell","Go for the Eyes"],"picked":"Steam","floor":3},{"not_picked":["Steam","Capacitor"],"picked":"Scrape","floor":4},{"not_picked":["Conserve Battery","Sweeping Beam"],"picked":"Scrape","floor":7},{"not_picked":["Leap","Conserve Battery","Double Energy"],"picked":"SKIP","floor":10},{"not_picked":["Chaos","Steam"],"picked":"Beam Cell","floor":12},{"not_picked":["Sunder","Rebound","Stack"],"picked":"SKIP","floor":14},{"not_picked":["Creative AI+1","Reboot"],"picked":"Buffer+1","floor":16},{"not_picked":["Leap+1","Compile Driver","Turbo"],"picked":"SKIP","floor":18},{"not_picked":["Darkness+1","Double Energy","Leap"],"picked":"SKIP","floor":19},{"not_picked":["Coolheaded","Chaos"],"picked":"Steam","floor":20},{"not_picked":["Auto Shields","Coolheaded"],"picked":"Gash","floor":24},{"not_picked":["Sunder","Rebound+1","BootSequence+1"],"picked":"SKIP","floor":25},{"not_picked":["Conserve Battery","Streamline"],"picked":"Hologram+1","floor":27},{"not_picked":["Tempest","Stack+1"],"picked":"Glacier","floor":29},{"not_picked":["Static Discharge+1","Sweeping Beam"],"picked":"Hologram+1","floor":30},{"not_picked":["Fission","Hologram+1"],"picked":"Beam Cell","floor":31},{"not_picked":["Electrodynamics+1","Rainbow"],"picked":"All For One","floor":33},{"not_picked":["Steam","Turbo+1"],"picked":"Redo+1","floor":35},{"not_picked":["Conserve Battery","Redo+1","Beam Cell"],"picked":"SKIP","floor":37},{"not_picked":["Barrage","Doom and Gloom+1"],"picked":"Hologram+1","floor":42},{"not_picked":["Conserve Battery","Barrage"],"picked":"Go for the Eyes","floor":44},{"not_picked":["Heatsinks+1","Leap","Reinforced Body"],"picked":"SKIP","floor":46},{"not_picked":["Beam Cell+1","Leap+1"],"picked":"Hologram+1","floor":47}],"player_experience":280560,"relics_obtained":[{"floor":9,"key":"Frozen Egg 2"},{"floor":10,"key":"Whetstone"},{"floor":26,"key":"The Courier"},{"floor":27,"key":"Ornamental Fan"},{"floor":29,"key":"Red Mask"},{"floor":30,"key":"Calipers"},{"floor":43,"key":"Centennial Puzzle"},{"floor":44,"key":"Bag of Marbles"},{"floor":47,"key":"Bronze Scales"}],"event_choices":[{"cards_removed":["Writhe"],"damage_healed":0,"gold_gain":0,"player_choice":"Forget","damage_taken":0,"max_hp_gain":0,"max_hp_loss":0,"event_name":"Living Wall","floor":2,"gold_loss":0},{"damage_healed":0,"gold_gain":79,"player_choice":"Gained Gold","damage_taken":0,"max_hp_gain":0,"max_hp_loss":0,"event_name":"Golden Wing","floor":5,"gold_loss":0},{"cards_removed":["Strike_B"],"damage_healed":0,"gold_gain":0,"player_choice":"Purged","damage_taken":0,"max_hp_gain":0,"max_hp_loss":0,"event_name":"Purifier","floor":11,"gold_loss":0},{"damage_healed":0,"gold_gain":0,"player_choice":"Upgraded","damage_taken":0,"max_hp_gain":0,"max_hp_loss":0,"event_name":"Upgrade Shrine","floor":13,"gold_loss":0,"cards_upgraded":["Scrape"]},{"damage_healed":0,"gold_gain":0,"player_choice":"Upgraded","damage_taken":0,"max_hp_gain":0,"max_hp_loss":0,"event_name":"Upgrade Shrine","floor":22,"gold_loss":0,"cards_upgraded":["Dualcast"]},{"damage_healed":0,"gold_gain":0,"player_choice":"Fought Bandits","damage_taken":0,"max_hp_gain":0,"max_hp_loss":0,"event_name":"Masked Bandits","floor":29,"gold_loss":0},{"damage_healed":0,"gold_gain":0,"player_choice":"Ignored","damage_taken":0,"max_hp_gain":0,"max_hp_loss":0,"event_name":"Mysterious Sphere","floor":39,"gold_loss":0},{"cards_removed":["Defend_B"],"damage_healed":0,"gold_gain":0,"player_choice":"Offered Basic","damage_taken":0,"max_hp_gain":0,"max_hp_loss":0,"event_name":"Bonfire Elementals","floor":41,"gold_loss":0},{"damage_healed":0,"gold_gain":0,"player_choice":"2 cards matched","damage_taken":0,"max_hp_gain":0,"max_hp_loss":0,"event_name":"Match and Keep!","floor":45,"gold_loss":0,"cards_obtained":["Electrodynamics","Turbo"]},{"damage_healed":0,"gold_gain":0,"player_choice":"Trade","damage_taken":0,"relics_obtained":["GremlinMask"],"max_hp_gain":0,"max_hp_loss":0,"event_name":"FaceTrader","floor":48,"gold_loss":0}],"is_beta":false,"boss_relics":[{"not_picked":["White Beast Statue","Coffee Dripper"],"picked":"Fusion Hammer"},{"not_picked":["Snecko Eye","FrozenCore"],"picked":"Empty Cage"}],"items_purged_floors":[38],"is_endless":false,"potions_floor_spawned":[7,10,14,16,19,20,31,37,42,46],"ascension_level":3}