{"gold_per_floor":[112,126,126,136,146,171,171,199,199,199,106,106,122,140,140,242,242,253,178,191,191,206,48,74,74,74,74,109,22,122,133,133,231,231,248,266,281,128,53,53,382,401,452,485,485,485,160,180,180,180],"floor_reached":51,"playtime":5614,"items_purged":["Strike_G","Defend_G"],"score":817,"play_id":"b3bb793d-b510-4cec-a533-2d42a38c4739","local_time":"20190609143736","is_ascension_mode":true,"campfire_choices":[{"floor":7.0,"key":"REST"},{"floor":10.0,"key":"REST"},{"floor":12.0,"key":"REST"},{"data":"Accuracy","floor":15.0,"key":"SMITH"},{"data":"Choke","floor":25.0,"key":"SMITH"},{"floor":27.0,"key":"REST"},{"floor":32.0,"key":"REST"},{"floor":40,"key":"REST"},{"floor":45,"key":"REST"},{"floor":49,"key":"REST"}],"neow_cost":"NONE","seed_source_timestamp":0,"circlet_count":0,"master_deck":["Defend_G","Defend_G","Defend_G","Defend_G","Strike_G","Strike_G+1","Strike_G+1","Survivor","Neutralize","Escape Plan","Backflip","Quick Slash","Dagger Spray","Blade Dance+1","Infinite Blades","Accuracy+1","Quick Slash","Cloak And Dagger+1","Flying Knee","Storm of Steel+1","Backflip+1","Choke+1","Blade Dance+1","Blade Dance+1","Accuracy","Adrenaline+1","Dagger Spray","Outmaneuver+1","Well Laid Plans","Accuracy+1","After Image","Quick Slash","Prepared+1","Finisher","Finisher+1","After Image","Panache","Cloak And Dagger+1","Outmaneuver+1"],"special_seed":0,"relics":["White Beast Statue","Lantern","Toxic Egg 2","Pen Nib","Shuriken","Black Star","Bag of Marbles","Boot","Ancient Tea Set","Whetstone","PreservedInsect","WristBlade","Happy Flower","Old Coin","Ninja Scroll","Vajra","Pear","Potion Belt"],"potions_floor_usage":[37,37,44,50,50,50],"damage_taken":[{"damage":0.0,"enemies":"2 Louse","floor":1.0,"turns":2.0},{"damage":1.0,"enemies":"Cultist","floor":2.0,"turns":6.0},{"damage":3.0,"enemies":"Jaw Worm","floor":4.0,"turns":6.0},{"damage":26.0,"enemies":"Exordium Thugs","floor":5.0,"turns":5.0},{"damage":24.0,"enemies":"Gremlin Nob","floor":6.0,"turns":5.0},{"damage":25.0,"enemies":"Lagavulin","floor":8.0,"turns":9.0},{"damage":0.0,"enemies":"Large Slime","floor":13.0,"turns":3.0},{"damage":1.0,"enemies":"Blue Slaver","floor":14.0,"turns":2.0},{"damage":31.0,"enemies":"The Guardian","floor":16.0,"turns":6.0},{"damage":2.0,"enemies":"Shell Parasite","floor":18.0,"turns":4.0},{"damage":17.0,"enemies":"2 Thieves","floor":20.0,"turns":3.0},{"damage":9.0,"enemies":"Cultist and Chosen","floor":22.0,"turns":5.0},{"damage":8.0,"enemies":"Slavers","floor":24.0,"turns":4.0},{"damage":22.0,"enemies":"Book of Stabbing","floor":28.0,"turns":3.0},{"damage":0.0,"enemies":"Centurion and Healer","floor":31.0,"turns":3.0},{"damage":36.0,"enemies":"Champ","floor":33.0,"turns":4.0},{"damage":16,"enemies":"3 Darklings","floor":35,"turns":3},{"damage":0,"enemies":"Orb Walker","floor":36,"turns":1},{"damage":22,"enemies":"4 Shapes","floor":37,"turns":3},{"damage":11,"enemies":"Nemesis","floor":41,"turns":3},{"damage":18,"enemies":"Maw","floor":42,"turns":3},{"damage":0,"enemies":"Reptomancer","floor":44,"turns":1},{"damage":0,"enemies":"Jaw Worm Horde","floor":48,"turns":2},{"damage":9,"enemies":"Donu and Deca","floor":50,"turns":5}],"seed_played":"4708488596804157705","potions_obtained":[{"floor":1.0,"key":"GhostInAJar"},{"floor":2.0,"key":"Dexterity Potion"},{"floor":4.0,"key":"Swift Potion"},{"floor":6.0,"key":"SkillPotion"},{"floor":8.0,"key":"GhostInAJar"},{"floor":13.0,"key":"Block Potion"},{"floor":14.0,"key":"GamblersBrew"},{"floor":16.0,"key":"Block Potion"},{"floor":18.0,"key":"Weak Potion"},{"floor":20.0,"key":"AttackPotion"},{"floor":22.0,"key":"FearPotion"},{"floor":24.0,"key":"Swift Potion"},{"floor":28.0,"key":"SteroidPotion"},{"floor":31.0,"key":"Energy Potion"},{"floor":33.0,"key":"Dexterity Potion"},{"floor":35,"key":"PowerPotion"},{"floor":37,"key":"Regen Potion"},{"floor":41,"key":"Fire Potion"},{"floor":44,"key":"Swift Potion"},{"floor":46,"key":"Regen Potion"},{"floor":46,"key":"GhostInAJar"}],"is_trial":false,"path_per_floor":["M","M","?","M","M","E","R","E","T","R","$","R","M","M","R","B",null,"M","?","M","?","M","$","E","R","T","R","E","$","?","M","R","B",null,"M","M","M","$","$","R","E","M","T","E","R","?","$","M","R","B",null],"character_chosen":"THE_SILENT","items_purchased":["Accuracy","Quick Slash","Regen Potion","Blade Dance+1","Accuracy","Outmaneuver+1","Well Laid Plans","Happy Flower","Panache","Cloak And Dagger+1"],"campfire_rested":8,"item_purchase_floors":[11,11,23,23,23,29,29,38,47,47],"current_hp_per_floor":[70,69,66,63,37,13,34,9,9,30,30,51,51,50,50,19,70,68,68,51,51,42,42,46,46,46,67,45,45,45,45,66,30,70,54,54,32,32,32,53,42,24,24,34,58,58,58,58,80,80],"gold":180,"neow_bonus":"BOSS_RELIC","is_prod":false,"is_daily":false,"chose_seed":false,"campfire_upgraded":2,"win_rate":0,"timestamp":1560083856,"path_taken":["M","M","?","M","M","E","R","E","T","R","$","R","M","M","R","BOSS","M","?","M","?","M","$","E","R","T","R","E","$","?","M","R","BOSS","M","?","M","?","$","R","E","?","T","E","R","?","?","M","R","BOSS"],"build_version":"2019-01-23","purchased_purges":2,"victory":true,"max_hp_per_floor":[70,70,70,70,70,70,70,70,70,70,70,70,70,70,70,70,70,70,70,70,70,70,70,70,70,70,70,70,70,70,70,70,70,70,70,70,70,70,70,70,70,70,70,80,80,80,80,80,80,80],"card_choices":[{"not_picked":["Underhanded Strike","Footwork"],"picked":"Escape Plan","floor":1.0},{"not_picked":["Calculated Gamble","Slice"],"picked":"Backflip","floor":2.0},{"not_picked":["Poisoned Stab","Outmaneuver"],"picked":"Quick Slash","floor":4.0},{"not_picked":["Poisoned Stab","Deadly Poison"],"picked":"Dagger Spray","floor":5.0},{"not_picked":["Bane","All Out Attack"],"picked":"Blade Dance","floor":6.0},{"not_picked":["Venomology+1","Footwork"],"picked":"Infinite Blades","floor":8.0},{"not_picked":["Blur+1","Dodge and Roll+1"],"picked":"Cloak And Dagger+1","floor":13.0},{"not_picked":["Sucker Punch","Deadly Poison+1"],"picked":"Flying Knee","floor":14.0},{"not_picked":["Bullet Time+1","A Thousand Cuts"],"picked":"Storm of Steel+1","floor":16.0},{"not_picked":["Dagger Throw+1","Poisoned Stab"],"picked":"Backflip+1","floor":18.0},{"not_picked":["Blade Dance+1","Flechettes"],"picked":"Choke","floor":20.0},{"not_picked":["Noxious Fumes","Underhanded Strike+1"],"picked":"Blade Dance+1","floor":22.0},{"not_picked":["Infinite Blades","Tactician+1"],"picked":"Adrenaline+1","floor":24.0},{"not_picked":["Eviscerate","Slice"],"picked":"Dagger Spray","floor":28.0},{"not_picked":["Tactician+1","Acrobatics+1"],"picked":"Accuracy+1","floor":31.0},{"not_picked":["Night Terror+1","A Thousand Cuts"],"picked":"After Image","floor":33.0},{"not_picked":["Dodge and Roll+1","Catalyst+1"],"picked":"Quick Slash","floor":35},{"not_picked":["Sucker Punch+1","Poisoned Stab"],"picked":"Prepared+1","floor":36},{"not_picked":["Blade Dance+1","Predator"],"picked":"Finisher","floor":37},{"not_picked":["Slice","Quick Slash+1"],"picked":"Finisher+1","floor":41},{"not_picked":["Finisher","Deadly Poison+1","Deflect+1"],"picked":"SKIP","floor":42},{"not_picked":["Acrobatics+1","Blade Dance+1"],"picked":"After Image","floor":44},{"not_picked":["Footwork+1","Quick Slash"],"picked":"Outmaneuver+1","floor":48}],"player_experience":65495,"relics_obtained":[{"floor":6.0,"key":"Toxic Egg 2"},{"floor":8.0,"key":"Pen Nib"},{"floor":9.0,"key":"Shuriken"},{"floor":24.0,"key":"Bag of Marbles"},{"floor":24.0,"key":"Boot"},{"floor":26.0,"key":"Ancient Tea Set"},{"floor":28.0,"key":"Whetstone"},{"floor":28.0,"key":"PreservedInsect"},{"floor":41,"key":"Old Coin"},{"floor":41,"key":"Ninja Scroll"},{"floor":43,"key":"Vajra"},{"floor":44,"key":"Pear"},{"floor":44,"key":"Potion Belt"}],"event_choices":[{"damage_healed":0.0,"max_hp_gain":0.0,"max_hp_loss":0.0,"gold_gain":0.0,"event_name":"Scrap Ooze","player_choice":"Success","floor":3.0,"gold_loss":0.0,"damage_taken":3.0,"relics_obtained":["Lantern"]},{"cards_removed":["Strike_G"],"damage_healed":0.0,"max_hp_gain":0.0,"max_hp_loss":0.0,"gold_gain":0.0,"event_name":"Beggar","player_choice":"Gave Gold","floor":19.0,"gold_loss":75.0,"damage_taken":0.0},{"damage_healed":0.0,"max_hp_gain":0.0,"max_hp_loss":0.0,"gold_gain":0.0,"event_name":"Ghosts","player_choice":"Ignored","floor":21.0,"gold_loss":0.0,"damage_taken":0.0},{"damage_healed":0.0,"max_hp_gain":0.0,"max_hp_loss":0.0,"gold_gain":100.0,"event_name":"Golden Shrine","player_choice":"Pray","floor":30.0,"gold_loss":0.0,"damage_taken":0.0},{"damage_healed":0,"gold_gain":0,"player_choice":"Got Potions","damage_taken":0,"max_hp_gain":0,"max_hp_loss":0,"event_name":"Lab","floor":46,"gold_loss":0}],"is_beta":false,"boss_relics":[{"not_picked":["Calling Bell","Coffee Dripper"],"picked":"Black Star"},{"not_picked":["Tiny House","Runic Dome"],"picked":"WristBlade"}],"items_purged_floors":[39,47],"is_endless":false,"potions_floor_spawned":[1,2,4,5,6,8,13,14,16,18,20,22,24,28,31,33,35,36,37,41,42,44,48],"ascension_level":1}