{"gold_per_floor":[211,138,153,18,31,31,41,41,41,51,62,96,96,1,1,80,80,100,115,115,115],"floor_reached":21,"playtime":728,"items_purged":[],"score":299,"play_id":"d4b24d91-7d4e-425e-9ee8-0855ebc73a25","local_time":"20190427122634","is_ascension_mode":true,"campfire_choices":[{"data":"Demon Form","floor":6,"key":"SMITH"},{"data":"Metallicize","floor":8,"key":"SMITH"},{"data":"Ghostly Armor","floor":13,"key":"SMITH"},{"data":"Swift Strike","floor":15,"key":"SMITH"}],"neow_cost":"NONE","seed_source_timestamp":160076052702893,"circlet_count":0,"master_deck":["AscendersBane","Bash","Ghostly Armor+1","Metallicize+1","Demon Form+1","Swift Strike+1","Limit Break","Immolate","Berserk+1","Entrench","Power Through","Headbutt","Sword Boomerang","Hemokinesis","Flame Barrier","Juggernaut+1","Heavy Blade"],"relics":["Burning Blood","Whetstone","Frozen Egg 2","Pandora\u0027s Box"],"potions_floor_usage":[10,16],"damage_taken":[{"damage":10,"enemies":"Cultist","floor":1,"turns":5},{"damage":12,"enemies":"Jaw Worm","floor":3,"turns":6},{"damage":5,"enemies":"2 Louse","floor":5,"turns":3},{"damage":7,"enemies":"2 Fungi Beasts","floor":7,"turns":6},{"damage":19,"enemies":"Exordium Thugs","floor":10,"turns":4},{"damage":0,"enemies":"Large Slime","floor":11,"turns":5},{"damage":32,"enemies":"Lagavulin","floor":12,"turns":6},{"damage":9,"enemies":"The Guardian","floor":16,"turns":11},{"damage":14,"enemies":"Chosen","floor":18,"turns":5},{"damage":22,"enemies":"Spheric Guardian","floor":19,"turns":5},{"damage":47,"enemies":"Shelled Parasite and Fungi","floor":21,"turns":8}],"seed_played":"772126987840184340","potions_obtained":[{"floor":1,"key":"AttackPotion"},{"floor":3,"key":"Fire Potion"},{"floor":12,"key":"Poison Potion"},{"floor":16,"key":"Swift Potion"},{"floor":18,"key":"Poison Potion"}],"is_trial":false,"path_per_floor":["M","$","M","$","M","R","M","R","T","M","M","E","R","$","R","B",null,"M","M","$","M"],"character_chosen":"IRONCLAD","items_purchased":["Metallicize","Demon Form","Swift Strike"],"campfire_rested":0,"item_purchase_floors":[2,4,14],"current_hp_per_floor":[68,68,62,62,63,63,62,62,62,49,55,29,29,29,29,26,67,59,43,43,0],"gold":115,"neow_bonus":"HUNDRED_GOLD","is_prod":false,"is_daily":false,"chose_seed":false,"campfire_upgraded":4,"win_rate":0,"timestamp":1556389594,"path_taken":["M","$","M","?","M","R","M","R","T","?","M","E","R","$","R","BOSS","M","M","$","?"],"build_version":"2019-01-23","purchased_purges":0,"victory":false,"max_hp_per_floor":[80,80,80,80,80,80,80,80,80,80,80,80,80,80,80,80,80,80,80,80,80],"card_choices":[{"not_picked":["Perfected Strike","Burning Pact"],"picked":"Ghostly Armor","floor":1},{"not_picked":["Wild Strike","Dual Wield","Pummel"],"picked":"SKIP","floor":3},{"not_picked":["Spot Weakness","Second Wind","Dual Wield"],"picked":"SKIP","floor":5},{"not_picked":["Rupture","Blood for Blood","Clash"],"picked":"SKIP","floor":7},{"not_picked":["Warcry","Headbutt","Shrug It Off"],"picked":"SKIP","floor":10},{"not_picked":["Body Slam","Havoc","Shockwave"],"picked":"SKIP","floor":11},{"not_picked":["Rupture","Anger","Body Slam"],"picked":"SKIP","floor":12},{"not_picked":["Berserk+1","Offering"],"picked":"Limit Break","floor":16},{"not_picked":["Thunderclap","Dropkick","Pommel Strike"],"picked":"SKIP","floor":18},{"not_picked":["Rupture+1","Havoc+1"],"picked":"Heavy Blade","floor":19}],"player_experience":551220,"relics_obtained":[{"floor":9,"key":"Whetstone"},{"floor":12,"key":"Frozen Egg 2"}],"event_choices":[],"is_beta":false,"boss_relics":[{"not_picked":["Philosopher\u0027s Stone","Tiny House"],"picked":"Pandora\u0027s Box"}],"items_purged_floors":[],"is_endless":false,"potions_floor_spawned":[1,3,7,12,16,18,19],"killed_by":"Shelled Parasite and Fungi","ascension_level":13}