{"gold_per_floor":[113,113,126,143,218,245,89,115,165,165,165,179,206,218,218,321,321,333,343,361,375,375,400,412,424],"floor_reached":25,"playtime":1300,"items_purged":[],"score":281,"play_id":"42680437-ec84-4e7a-8660-a171e4eeb8dd","local_time":"20190413184354","is_ascension_mode":true,"campfire_choices":[{"floor":10,"key":"REST"},{"data":"Tempest","floor":15,"key":"SMITH"},{"data":"Echo Form","floor":24,"key":"SMITH"}],"neow_cost":"NONE","seed_source_timestamp":28159858236789,"circlet_count":0,"master_deck":["Strike_B","Strike_B","Strike_B","Strike_B","Defend_B","Defend_B","Defend_B","Defend_B","Zap+1","Dualcast+1","White Noise+1","Rebound","Conserve Battery+1","Auto Shields","Ball Lightning","Tempest+1","Echo Form+1","Redo+1","Leap"],"relics":["Cracked Core","Gremlin Horn","DataDisk","Happy Flower","Orichalcum","Singing Bowl","Black Star","Potion Belt","MawBank"],"potions_floor_usage":[6,12,13,18,19,23],"damage_taken":[{"damage":0,"enemies":"2 Louse","floor":1,"turns":2},{"damage":1,"enemies":"Jaw Worm","floor":3,"turns":3},{"damage":0,"enemies":"Small Slimes","floor":4,"turns":2},{"damage":24,"enemies":"Lagavulin","floor":6,"turns":7},{"damage":23,"enemies":"Gremlin Nob","floor":8,"turns":4},{"damage":2,"enemies":"3 Louse","floor":12,"turns":2},{"damage":0,"enemies":"3 Sentries","floor":13,"turns":6},{"damage":0,"enemies":"Looter","floor":14,"turns":2},{"damage":10,"enemies":"Hexaghost","floor":16,"turns":9},{"damage":14,"enemies":"2 Thieves","floor":18,"turns":3},{"damage":5,"enemies":"3 Byrds","floor":19,"turns":3},{"damage":3,"enemies":"Centurion and Healer","floor":20,"turns":6},{"damage":11,"enemies":"Snake Plant","floor":21,"turns":3},{"damage":36,"enemies":"Book of Stabbing","floor":23,"turns":6},{"damage":52,"enemies":"Gremlin Leader","floor":25,"turns":5}],"seed_played":"7852495110421385875","potions_obtained":[{"floor":1,"key":"AttackPotion"},{"floor":8,"key":"FocusPotion"},{"floor":12,"key":"Swift Potion"},{"floor":13,"key":"EssenceOfSteel"},{"floor":16,"key":"AttackPotion"},{"floor":20,"key":"GamblersBrew"}],"is_trial":false,"path_per_floor":["M","?","M","M","?","E","$","E","T","R","?","M","E","M","R","B",null,"M","M","M","M","?","E","R","E"],"character_chosen":"DEFECT","items_purchased":["DataDisk"],"campfire_rested":1,"item_purchase_floors":[7],"current_hp_per_floor":[75,75,74,74,63,39,39,16,16,38,23,21,21,23,23,13,77,63,60,59,48,75,41,41,0],"gold":424,"neow_bonus":"UPGRADE_CARD","is_prod":false,"is_daily":false,"chose_seed":false,"campfire_upgraded":2,"win_rate":0,"timestamp":1555145034,"path_taken":["M","?","M","M","?","E","$","E","T","R","?","M","E","?","R","BOSS","M","M","M","M","?","E","R","E"],"build_version":"2019-01-23","purchased_purges":0,"victory":false,"max_hp_per_floor":[75,75,75,75,75,75,75,75,75,75,75,75,75,77,77,77,77,77,79,81,81,81,83,83,83],"card_choices":[{"not_picked":["Sunder","Streamline"],"picked":"White Noise","floor":1},{"not_picked":["Hello World","Aggregate"],"picked":"Rebound","floor":3},{"not_picked":["Gash","FTL"],"picked":"Conserve Battery","floor":4},{"not_picked":["Hologram","Stack"],"picked":"Auto Shields","floor":6},{"not_picked":["Skim","Compile Driver"],"picked":"Ball Lightning","floor":8},{"not_picked":["Turbo","Glacier","Stack"],"picked":"SKIP","floor":12},{"not_picked":["Barrage","Sweeping Beam"],"picked":"Tempest","floor":13},{"not_picked":["Aggregate","Stack","Sweeping Beam"],"picked":"Singing Bowl","floor":14},{"not_picked":["Reboot","Multi-Cast"],"picked":"Echo Form","floor":16},{"not_picked":["Go for the Eyes","Coolheaded+1"],"picked":"Redo+1","floor":18},{"not_picked":["Scrape","Gash","Redo"],"picked":"Singing Bowl","floor":19},{"not_picked":["Fusion","Rebound+1","Coolheaded"],"picked":"Singing Bowl","floor":20},{"not_picked":["Ball Lightning","Barrage"],"picked":"Leap","floor":21},{"not_picked":["Loop","Biased Cognition","Go for the Eyes"],"picked":"Singing Bowl","floor":23}],"player_experience":120739,"relics_obtained":[{"floor":6,"key":"Gremlin Horn"},{"floor":8,"key":"Happy Flower"},{"floor":9,"key":"Orichalcum"},{"floor":13,"key":"Singing Bowl"},{"floor":23,"key":"Potion Belt"},{"floor":23,"key":"MawBank"}],"event_choices":[{"damage_healed":0,"gold_gain":0,"player_choice":"Grow","damage_taken":0,"max_hp_gain":0,"max_hp_loss":0,"event_name":"Living Wall","floor":2,"gold_loss":0,"cards_upgraded":["White Noise"]},{"damage_healed":0,"gold_gain":75,"player_choice":"Gather Gold","damage_taken":11,"max_hp_gain":0,"max_hp_loss":0,"event_name":"World of Goop","floor":5,"gold_loss":0},{"damage_healed":0,"gold_gain":0,"player_choice":"Entered Light","damage_taken":15,"max_hp_gain":0,"max_hp_loss":0,"event_name":"Shining Light","floor":11,"gold_loss":0,"cards_upgraded":["Conserve Battery","Dualcast"]},{"damage_healed":27,"gold_gain":0,"player_choice":"Heal","damage_taken":0,"max_hp_gain":0,"max_hp_loss":0,"event_name":"The Library","floor":22,"gold_loss":0}],"is_beta":false,"boss_relics":[{"not_picked":["White Beast Statue","Ectoplasm"],"picked":"Black Star"}],"items_purged_floors":[],"is_endless":false,"potions_floor_spawned":[1,8,12,13,16,20],"killed_by":"Gremlin Leader","ascension_level":1}