{"gold_per_floor":[113,130,180,193,30,62,79,79,79,30,30,30,30,52,52,131,131,151,39,56,75,75,75,100,100,100,100,114,114,134,150,150,150],"floor_reached":33,"playtime":2552,"items_purged":["Strike_B"],"score":464,"play_id":"76b4fe80-0962-4ee9-9d28-8831f514eaa2","local_time":"20190521002228","is_ascension_mode":true,"campfire_choices":[{"floor":11.0,"key":"REST"},{"data":"Redo","floor":13.0,"key":"SMITH"},{"data":"Dualcast","floor":15.0,"key":"SMITH"},{"floor":23.0,"key":"REST"},{"floor":25.0,"key":"REST"},{"floor":27.0,"key":"REST"},{"data":"Hologram","floor":29.0,"key":"SMITH"},{"data":"Scrape","floor":32,"key":"SMITH"}],"neow_cost":"TEN_PERCENT_HP_LOSS","seed_source_timestamp":117351441648200,"circlet_count":0,"master_deck":["AscendersBane","Strike_B","Strike_B","Defend_B","Defend_B","Defend_B","Defend_B","Zap+1","Dualcast+1","All For One","Hologram+1","Redo+1","Genetic Algorithm","Trip","Steam","Conserve Battery","Scrape+1","Turbo","Loop","Fission","Leap+1","Self Repair","Go for the Eyes+1","Gash","J.A.X.","Beam Cell"],"special_seed":0,"relics":["Cracked Core","Orichalcum","Blue Candle","Odd Mushroom","Sozu","Kunai","Regal Pillow"],"potions_floor_usage":[],"damage_taken":[{"damage":0.0,"enemies":"Small Slimes","floor":1.0,"turns":3.0},{"damage":1.0,"enemies":"Cultist","floor":2.0,"turns":3.0},{"damage":7.0,"enemies":"Jaw Worm","floor":4.0,"turns":3.0},{"damage":29.0,"enemies":"Gremlin Nob","floor":6.0,"turns":5.0},{"damage":8.0,"enemies":"Exordium Thugs","floor":7.0,"turns":5.0},{"damage":1.0,"enemies":"The Mushroom Lair","floor":14.0,"turns":4.0},{"damage":27.0,"enemies":"The Guardian","floor":16.0,"turns":12.0},{"damage":9.0,"enemies":"Spheric Guardian","floor":18.0,"turns":4.0},{"damage":13.0,"enemies":"Chosen","floor":20.0,"turns":6.0},{"damage":16.0,"enemies":"Shelled Parasite and Fungi","floor":21.0,"turns":9.0},{"damage":42.0,"enemies":"Book of Stabbing","floor":24.0,"turns":6.0},{"damage":12.0,"enemies":"Snake Plant","floor":28.0,"turns":4.0},{"damage":3.0,"enemies":"Centurion and Healer","floor":30.0,"turns":8.0},{"damage":19,"enemies":"Cultist and Chosen","floor":31,"turns":6},{"damage":53,"enemies":"Automaton","floor":33,"turns":6}],"seed_played":"-6451462916300661125","potions_obtained":[{"floor":4.0,"key":"Strength Potion"},{"floor":6.0,"key":"FearPotion"},{"floor":7.0,"key":"Strength Potion"}],"is_trial":false,"path_per_floor":["M","M","?","M","$","E","M","?","T","$","R","?","R","?","R","B",null,"M","$","M","M","?","R","E","R","T","R","M","R","M","M","R","B"],"character_chosen":"DEFECT","items_purchased":["Trip","Steam","Conserve Battery","Turbo","Self Repair"],"campfire_rested":4,"item_purchase_floors":[5,5,5,10,19],"current_hp_per_floor":[64,63,57,50,50,21,13,13,13,13,32,32,32,31,31,4,49,40,40,34,25,25,44,9,28,28,62,57,57,61,49,49,0],"gold":150,"neow_bonus":"THREE_RARE_CARDS","is_prod":false,"is_daily":false,"chose_seed":false,"campfire_upgraded":4,"win_rate":0,"timestamp":1558419748,"path_taken":["M","M","?","M","$","E","?","?","T","?","R","?","R","?","R","BOSS","M","$","M","M","?","R","E","R","T","R","M","R","M","M","R","BOSS"],"build_version":"2019-01-23","purchased_purges":1,"victory":false,"max_hp_per_floor":[64,64,64,64,64,64,64,64,64,64,64,64,64,64,64,64,64,64,64,64,64,64,64,64,64,64,64,64,64,64,64,64,64],"card_choices":[{"not_picked":["Multi-Cast","Electrodynamics"],"picked":"All For One","floor":0.0},{"not_picked":["Aggregate","Redo"],"picked":"Hologram","floor":1.0},{"not_picked":["Stack","Compile Driver"],"picked":"Redo","floor":2.0},{"not_picked":["Beam Cell","Double Energy"],"picked":"Genetic Algorithm","floor":4.0},{"not_picked":["Rebound","Coolheaded"],"picked":"Scrape","floor":6.0},{"not_picked":["Streamline","Redo","Compile Driver"],"picked":"SKIP","floor":7.0},{"not_picked":["Lockon","Barrage"],"picked":"Loop","floor":14.0},{"not_picked":["Amplify","Thunder Strike"],"picked":"Fission","floor":16.0},{"not_picked":["Doom and Gloom","Fusion"],"picked":"Leap+1","floor":18.0},{"not_picked":["Streamline","Darkness"],"picked":"Go for the Eyes+1","floor":20.0},{"not_picked":["Consume","Beam Cell"],"picked":"Gash","floor":21.0},{"not_picked":["Turbo+1","Ball Lightning","Consume"],"picked":"SKIP","floor":24.0},{"not_picked":["Compile Driver","Sweeping Beam"],"picked":"Beam Cell","floor":28.0},{"not_picked":["Rainbow","Consume","Hologram"],"picked":"SKIP","floor":30.0},{"not_picked":["Compile Driver","Auto Shields","Undo+1"],"picked":"SKIP","floor":31}],"player_experience":753349,"relics_obtained":[{"floor":6.0,"key":"Orichalcum"},{"floor":9.0,"key":"Blue Candle"},{"floor":14.0,"key":"Odd Mushroom"},{"floor":24.0,"key":"Kunai"},{"floor":26.0,"key":"Regal Pillow"}],"event_choices":[{"damage_healed":0.0,"max_hp_gain":0.0,"max_hp_loss":0.0,"gold_gain":50.0,"event_name":"FaceTrader","player_choice":"Touch","floor":3.0,"gold_loss":0.0,"damage_taken":6.0},{"cards_removed":["Strike_B"],"damage_healed":0.0,"max_hp_gain":0.0,"max_hp_loss":0.0,"gold_gain":0.0,"event_name":"Bonfire Elementals","player_choice":"Offered Basic","floor":8.0,"gold_loss":0.0,"damage_taken":0.0},{"damage_healed":0.0,"max_hp_gain":0.0,"max_hp_loss":0.0,"gold_gain":0.0,"event_name":"Living Wall","player_choice":"Grow","floor":12.0,"gold_loss":0.0,"damage_taken":0.0,"cards_upgraded":["Zap"]},{"damage_healed":0.0,"max_hp_gain":0.0,"max_hp_loss":0.0,"gold_gain":0.0,"event_name":"Mushrooms","player_choice":"Fought Mushrooms","floor":14.0,"gold_loss":0.0,"damage_taken":0.0},{"damage_healed":0.0,"max_hp_gain":0.0,"max_hp_loss":0.0,"gold_gain":0.0,"event_name":"Drug Dealer","player_choice":"Obtain J.A.X.","floor":22.0,"gold_loss":0.0,"damage_taken":0.0,"cards_obtained":["J.A.X."]}],"is_beta":false,"boss_relics":[{"not_picked":["Busted Crown","Runic Dome"],"picked":"Sozu"}],"items_purged_floors":[19],"is_endless":false,"potions_floor_spawned":[4,6,7,21,24,30],"killed_by":"Automaton","ascension_level":15}