{"gold_per_floor":[361,288,298,223,234,266,266,283,283,283,293,293,327,327,327,429,429,445,405,418,172,97,123,123,139,139,139,139,172,172,207,207,310,310,330,340,20,31,47,47,58,58,135,135,135,146,166,178,178,178],"floor_reached":51,"playtime":1548,"items_purged":["Defend_R","Strike_R","Defend_R"],"score":1163,"play_id":"b52d1aff-e73c-48b7-be91-57e92d7a4b08","local_time":"20190425110425","is_ascension_mode":true,"campfire_choices":[{"data":"Iron Wave","floor":7.0,"key":"SMITH"},{"data":"Cleave","floor":10.0,"key":"SMITH"},{"floor":12.0,"key":"REST"},{"data":"Inflame","floor":15.0,"key":"SMITH"},{"data":"Flame Barrier","floor":24,"key":"SMITH"},{"data":"Metallicize","floor":27,"key":"SMITH"},{"floor":30,"key":"REST"},{"data":"Ghostly Armor","floor":32,"key":"SMITH"},{"data":"Heavy Blade","floor":40,"key":"SMITH"},{"data":"Bash","floor":42,"key":"SMITH"},{"data":"Impervious","floor":44,"key":"SMITH"},{"data":"Defend_R","floor":49,"key":"SMITH"}],"neow_cost":"PERCENT_DAMAGE","seed_source_timestamp":768974244217,"circlet_count":0,"master_deck":["AscendersBane","Strike_R","Strike_R","Defend_R+1","Defend_R","Bash+1","Iron Wave+1","Inflame+1","Ghostly Armor+1","Metallicize+1","Cleave+1","Impervious+1","Thunderclap+1","Flame Barrier+1","Whirlwind+1","Twin Strike+1","Flame Barrier+1","Heavy Blade+1"],"special_seed":0,"relics":["Burning Blood","Matryoshka","Red Skull","Champion Belt","Incense Burner","Sozu","Bronze Scales","Blood Vial","Shuriken","Happy Flower","StoneCalendar","Blue Candle","Mark of Pain","Brimstone","Meat on the Bone"],"potions_floor_usage":[16,50],"damage_taken":[{"damage":2.0,"enemies":"2 Louse","floor":1.0,"turns":4.0},{"damage":1.0,"enemies":"Cultist","floor":3.0,"turns":4.0},{"damage":18.0,"enemies":"Small Slimes","floor":5.0,"turns":4.0},{"damage":29.0,"enemies":"Gremlin Nob","floor":6.0,"turns":5.0},{"damage":1.0,"enemies":"Blue Slaver","floor":8.0,"turns":4.0},{"damage":11.0,"enemies":"Exordium Wildlife","floor":11.0,"turns":5.0},{"damage":24.0,"enemies":"Lagavulin","floor":13.0,"turns":6.0},{"damage":0,"enemies":"Slime Boss","floor":16,"turns":9},{"damage":10,"enemies":"Shell Parasite","floor":18,"turns":6},{"damage":11,"enemies":"2 Thieves","floor":20,"turns":4},{"damage":28,"enemies":"Slavers","floor":23,"turns":6},{"damage":4,"enemies":"Sentry and Sphere","floor":25,"turns":4},{"damage":16,"enemies":"Gremlin Leader","floor":29,"turns":5},{"damage":12,"enemies":"Slavers","floor":31,"turns":3},{"damage":21,"enemies":"Champ","floor":33,"turns":8},{"damage":6,"enemies":"Orb Walker","floor":35,"turns":4},{"damage":0,"enemies":"3 Shapes","floor":36,"turns":2},{"damage":27,"enemies":"Sphere and 2 Shapes","floor":38,"turns":2},{"damage":9,"enemies":"Maw","floor":39,"turns":5},{"damage":11,"enemies":"Writhing Mass","floor":41,"turns":5},{"damage":20,"enemies":"Sphere and 2 Shapes","floor":46,"turns":3},{"damage":8,"enemies":"Maw","floor":47,"turns":5},{"damage":0,"enemies":"Jaw Worm Horde","floor":48,"turns":4},{"damage":21,"enemies":"Awakened One","floor":50,"turns":8}],"seed_played":"-5388231289600433035","potions_obtained":[{"floor":3.0,"key":"Strength Potion"},{"floor":6.0,"key":"AttackPotion"},{"floor":8.0,"key":"SkillPotion"}],"is_trial":false,"path_per_floor":["M","$","M","$","M","E","R","M","T","R","M","R","E","?","R","B",null,"M","$","M","$","?","E","R","M","T","R","?","E","R","E","R","B",null,"M","M","$","M","M","R","M","R","T","R","?","M","M","M","R","B",null],"character_chosen":"IRONCLAD","items_purchased":["Inflame","Flame Barrier","Bronze Scales","Brimstone"],"campfire_rested":2,"item_purchase_floors":[2,19,21,37],"current_hp_per_floor":[55,55,60,60,48,25,25,30,30,30,25,49,31,31,31,37,69,65,65,60,60,60,38,38,42,42,42,27,19,44,40,40,27,71,73,81,81,62,61,61,58,58,58,58,58,58,58,66,66,53],"gold":178,"neow_bonus":"TWO_FIFTY_GOLD","is_prod":false,"is_daily":false,"chose_seed":false,"campfire_upgraded":10,"win_rate":0,"timestamp":1556211865,"path_taken":["M","$","M","$","M","E","R","M","T","R","M","R","E","?","R","BOSS","M","$","M","$","?","E","R","M","T","R","?","E","R","E","R","BOSS","M","M","$","M","M","R","M","R","T","R","?","M","M","M","R","BOSS"],"build_version":"2019-01-23","purchased_purges":3,"victory":true,"max_hp_per_floor":[80,80,80,80,80,80,80,80,80,80,80,80,80,80,80,80,80,80,80,80,80,80,80,80,80,80,80,85,85,85,85,85,85,85,85,85,85,85,85,85,85,85,85,85,85,85,85,85,85,85],"card_choices":[{"not_picked":["Heavy Blade","Second Wind"],"picked":"Iron Wave","floor":1.0},{"not_picked":["Metallicize","Uppercut"],"picked":"Ghostly Armor","floor":3.0},{"not_picked":["Perfected Strike","Intimidate"],"picked":"Metallicize","floor":5.0},{"not_picked":["Warcry","Havoc"],"picked":"Cleave","floor":6.0},{"not_picked":["Bludgeon","Perfected Strike","Flex"],"picked":"SKIP","floor":8.0},{"not_picked":["Perfected Strike","Wild Strike","Sword Boomerang"],"picked":"SKIP","floor":11.0},{"not_picked":["Clash","Sever Soul","Pommel Strike"],"picked":"SKIP","floor":13.0},{"not_picked":["Double Tap","Immolate"],"picked":"Impervious","floor":16},{"not_picked":["Infernal Blade+1","Pommel Strike"],"picked":"Thunderclap+1","floor":18},{"not_picked":["Rupture","Sentinel+1","Clash"],"picked":"SKIP","floor":20},{"not_picked":["Rupture","Shrug It Off","Fire Breathing+1"],"picked":"SKIP","floor":23},{"not_picked":["True Grit","Inflame","Flex"],"picked":"SKIP","floor":25},{"not_picked":["Flex","Warcry"],"picked":"Whirlwind+1","floor":29},{"not_picked":["True Grit","Ghostly Armor+1"],"picked":"Twin Strike+1","floor":31},{"not_picked":["Wild Strike+1","Dual Wield"],"picked":"Flame Barrier+1","floor":35},{"not_picked":["Combust","Perfected Strike","Intimidate"],"picked":"SKIP","floor":36},{"not_picked":["Headbutt","Clothesline+1","Perfected Strike+1"],"picked":"SKIP","floor":38},{"not_picked":["Shrug It Off+1","Reckless Charge"],"picked":"Heavy Blade","floor":39},{"not_picked":["Clash","Feel No Pain","Pommel Strike+1"],"picked":"SKIP","floor":41},{"not_picked":["Spot Weakness+1","Metallicize+1","Ghostly Armor+1"],"picked":"SKIP","floor":46},{"not_picked":["Infernal Blade+1","Twin Strike+1","Sword Boomerang"],"picked":"SKIP","floor":47},{"not_picked":["Anger+1","Sword Boomerang","Pommel Strike+1"],"picked":"SKIP","floor":48}],"player_experience":534538,"relics_obtained":[{"floor":6.0,"key":"Matryoshka"},{"floor":9.0,"key":"Red Skull"},{"floor":9.0,"key":"Champion Belt"},{"floor":13.0,"key":"Incense Burner"},{"floor":23,"key":"Blood Vial"},{"floor":26,"key":"Shuriken"},{"floor":26,"key":"Happy Flower"},{"floor":29,"key":"StoneCalendar"},{"floor":31,"key":"Blue Candle"},{"floor":43,"key":"Meat on the Bone"}],"event_choices":[{"cards_removed":["Strike_R"],"damage_healed":0.0,"max_hp_gain":0.0,"max_hp_loss":0.0,"gold_gain":0.0,"event_name":"Purifier","player_choice":"Purged","floor":14.0,"gold_loss":0.0,"damage_taken":0.0},{"cards_removed":["Strike_R"],"damage_healed":0,"gold_gain":0,"player_choice":"Gave Gold","damage_taken":0,"max_hp_gain":0,"max_hp_loss":0,"event_name":"Beggar","floor":22,"gold_loss":75},{"damage_healed":0,"gold_gain":0,"player_choice":"Shed Blood","damage_taken":20,"max_hp_gain":5,"max_hp_loss":0,"event_name":"Forgotten Altar","floor":28,"gold_loss":0},{"damage_healed":0,"gold_gain":0,"player_choice":"Memory 1","damage_taken":0,"max_hp_gain":0,"max_hp_loss":0,"event_name":"SensoryStone","floor":45,"gold_loss":0}],"is_beta":false,"boss_relics":[{"not_picked":["Black Blood","Tiny House"],"picked":"Sozu"},{"not_picked":["Lizard Tail","Calling Bell"],"picked":"Mark of Pain"}],"items_purged_floors":[4,21,37],"is_endless":false,"potions_floor_spawned":[3,6,8,20,31,33,38,39,48],"ascension_level":10}