{"gold_per_floor":[113,132,232,242,242,242,275,285,335,22,22],"floor_reached":11,"playtime":271,"items_purged":["Regret"],"score":128,"play_id":"e1984292-5661-4de1-93fe-30cc64086254","local_time":"20190524132210","is_ascension_mode":true,"campfire_choices":[{"data":"Combust","floor":6,"key":"SMITH"}],"neow_cost":"NONE","seed_source_timestamp":271769902964823,"circlet_count":0,"master_deck":["AscendersBane","Strike_R","Strike_R","Strike_R","Strike_R","Strike_R","Defend_R","Defend_R","Defend_R","Defend_R","Bash","Combust+1","Berserk"],"relics":["Burning Blood","NeowsBlessing","Ornamental Fan","Happy Flower","Frozen Egg 2"],"potions_floor_usage":[11],"damage_taken":[{"damage":0,"enemies":"2 Louse","floor":1,"turns":2},{"damage":0,"enemies":"Cultist","floor":2,"turns":1},{"damage":0,"enemies":"Small Slimes","floor":4,"turns":1},{"damage":37,"enemies":"3 Sentries","floor":7,"turns":6},{"damage":17,"enemies":"Blue Slaver","floor":8,"turns":3},{"damage":36,"enemies":"Gremlin Gang","floor":11,"turns":3}],"seed_played":"-3911927781615830492","potions_obtained":[{"floor":8,"key":"Swift Potion"}],"is_trial":false,"path_per_floor":["M","M","?","M","?","R","E","M","T","$","M"],"character_chosen":"IRONCLAD","items_purchased":["Frozen Egg 2"],"campfire_rested":0,"item_purchase_floors":[10],"current_hp_per_floor":[74,75,75,75,75,75,44,33,33,33,0],"gold":22,"neow_bonus":"THREE_ENEMY_KILL","is_prod":false,"is_daily":false,"chose_seed":false,"campfire_upgraded":1,"win_rate":0,"timestamp":1558725730,"path_taken":["M","M","?","?","?","R","E","M","T","$","?"],"build_version":"2019-01-23","purchased_purges":1,"victory":false,"max_hp_per_floor":[75,75,75,75,75,75,75,75,75,75,75],"card_choices":[{"not_picked":["Body Slam","Havoc","Anger"],"picked":"SKIP","floor":1},{"not_picked":["Wild Strike","Shrug It Off","Havoc"],"picked":"SKIP","floor":2},{"not_picked":["Clash","Sword Boomerang"],"picked":"Combust","floor":4},{"not_picked":["Dual Wield","Clothesline","Power Through"],"picked":"SKIP","floor":7},{"not_picked":["Bloodletting","Blood for Blood","Havoc"],"picked":"SKIP","floor":8}],"player_experience":579835,"relics_obtained":[{"floor":7,"key":"Ornamental Fan"},{"floor":9,"key":"Happy Flower"}],"event_choices":[{"damage_healed":0,"gold_gain":100,"player_choice":"Gold","damage_taken":0,"max_hp_gain":0,"max_hp_loss":0,"event_name":"Wheel of Change","floor":3,"gold_loss":0},{"damage_healed":0,"gold_gain":0,"player_choice":"2 cards matched","damage_taken":0,"max_hp_gain":0,"max_hp_loss":0,"event_name":"Match and Keep!","floor":5,"gold_loss":0,"cards_obtained":["Regret","Berserk"]}],"is_beta":false,"boss_relics":[],"items_purged_floors":[10],"is_endless":false,"potions_floor_spawned":[8],"killed_by":"Gremlin Gang","ascension_level":15}