{"gold_per_floor":[109,120,120,138,63,63,80,110,136,136,195,211,232,248,248,327,327,327,173,173,173,173,173,173,173],"floor_reached":25,"playtime":1908,"items_purged":["Strike_G"],"score":438,"play_id":"f9371a4a-6d39-4aa1-9c57-085dd4677bad","local_time":"20190410215306","is_ascension_mode":true,"campfire_choices":[{"data":"Neutralize","floor":6,"key":"SMITH"},{"floor":10,"key":"REST"},{"floor":15,"key":"REST"}],"neow_cost":"TEN_PERCENT_HP_LOSS","seed_source_timestamp":13331445995300,"circlet_count":0,"master_deck":["AscendersBane","Defend_G+1","Defend_G+1","Defend_G+1","Defend_G+1","Strike_G+1","Strike_G+1","Survivor","Neutralize+1","Calculated Gamble","Flying Knee","Dagger Spray+1","Dodge and Roll","Deadly Poison","Predator","Envenom","Caltrops","PiercingWail","Crippling Poison","Malaise","Footwork+1","Ghostly","Ghostly","Ghostly"],"relics":["Ring of the Snake","Juzu Bracelet","Centennial Puzzle","Whetstone","Question Card","Odd Mushroom","Ectoplasm","Ancient Tea Set"],"potions_floor_usage":[11,13,16,23,25],"damage_taken":[{"damage":0,"enemies":"Small Slimes","floor":1,"turns":4},{"damage":0,"enemies":"2 Louse","floor":2,"turns":4},{"damage":0,"enemies":"Jaw Worm","floor":4,"turns":5},{"damage":8,"enemies":"Exordium Thugs","floor":7,"turns":5},{"damage":31,"enemies":"3 Sentries","floor":8,"turns":10},{"damage":23,"enemies":"Lagavulin Event","floor":11,"turns":5},{"damage":0,"enemies":"3 Louse","floor":12,"turns":2},{"damage":2,"enemies":"The Mushroom Lair","floor":13,"turns":4},{"damage":0,"enemies":"2 Fungi Beasts","floor":14,"turns":3},{"damage":15,"enemies":"The Guardian","floor":16,"turns":12},{"damage":15,"enemies":"Spheric Guardian","floor":18,"turns":9},{"damage":44,"enemies":"Slavers","floor":23,"turns":7},{"damage":1,"enemies":"3 Byrds","floor":25,"turns":1}],"seed_played":"8087983445674526151","potions_obtained":[{"floor":7,"key":"LiquidBronze"},{"floor":8,"key":"Fire Potion"},{"floor":11,"key":"GhostInAJar"},{"floor":13,"key":"PowerPotion"},{"floor":16,"key":"AttackPotion"}],"is_trial":false,"path_per_floor":["M","M","?","M","?","R","M","E","T","R","?","M","?","M","R","B",null,"M","$","?","?","?","E","?","M"],"character_chosen":"THE_SILENT","items_purchased":["Footwork"],"campfire_rested":2,"item_purchase_floors":[19],"current_hp_per_floor":[59,59,54,54,54,54,46,15,15,33,10,10,8,8,26,11,48,33,33,33,45,45,1,1,0],"gold":173,"neow_bonus":"TRANSFORM_TWO_CARDS","is_prod":false,"is_daily":false,"chose_seed":false,"campfire_upgraded":1,"win_rate":0,"timestamp":1554954786,"path_taken":["M","M","?","M","?","R","M","E","T","R","?","M","?","M","R","BOSS","M","$","?","?","?","E","?","M"],"build_version":"2019-01-23","purchased_purges":1,"victory":false,"max_hp_per_floor":[60,60,60,60,60,60,60,60,60,60,60,60,60,60,60,60,60,60,60,60,60,60,60,30,30],"card_choices":[{"not_picked":["PiercingWail","Quick Slash"],"picked":"Dagger Spray","floor":1},{"not_picked":["Heel Hook","Deflect"],"picked":"Dodge and Roll","floor":2},{"not_picked":["PiercingWail","Underhanded Strike"],"picked":"Deadly Poison","floor":4},{"not_picked":["Flechettes","Acrobatics"],"picked":"Predator","floor":7},{"not_picked":["Dodge and Roll","Dagger Spray"],"picked":"Envenom","floor":8},{"not_picked":["Bouncing Flask","Outmaneuver","Concentrate"],"picked":"Caltrops","floor":12},{"not_picked":["Acrobatics","Outmaneuver","Heel Hook"],"picked":"PiercingWail","floor":13},{"not_picked":["Sucker Punch","Outmaneuver","Dagger Throw"],"picked":"Crippling Poison","floor":14},{"not_picked":["Venomology","Unload","Phantasmal Killer"],"picked":"Malaise","floor":16},{"not_picked":["Sucker Punch","Dagger Throw","Slice","Cloak And Dagger"],"picked":"SKIP","floor":18},{"not_picked":["Noxious Fumes","Endless Agony","Finisher","Quick Slash"],"picked":"SKIP","floor":23}],"player_experience":478600,"relics_obtained":[{"floor":8,"key":"Centennial Puzzle"},{"floor":9,"key":"Whetstone"},{"floor":11,"key":"Question Card"},{"floor":13,"key":"Odd Mushroom"},{"floor":23,"key":"Ancient Tea Set"}],"event_choices":[{"damage_healed":0,"gold_gain":0,"player_choice":"Success","damage_taken":5,"relics_obtained":["Juzu Bracelet"],"max_hp_gain":0,"max_hp_loss":0,"event_name":"Scrap Ooze","floor":3,"gold_loss":0},{"cards_removed":["Defend_G"],"damage_healed":0,"gold_gain":0,"player_choice":"Card Removal","damage_taken":0,"max_hp_gain":0,"max_hp_loss":0,"event_name":"The Cleric","floor":5,"gold_loss":75},{"damage_healed":0,"gold_gain":0,"player_choice":"Searched \u00271\u0027 times","damage_taken":0,"max_hp_gain":0,"max_hp_loss":0,"event_name":"Dead Adventurer","floor":11,"gold_loss":0},{"damage_healed":0,"gold_gain":0,"player_choice":"Fought Mushrooms","damage_taken":0,"max_hp_gain":0,"max_hp_loss":0,"event_name":"Mushrooms","floor":13,"gold_loss":0},{"damage_healed":0,"gold_gain":0,"player_choice":"Forge","damage_taken":0,"max_hp_gain":0,"max_hp_loss":0,"event_name":"Accursed Blacksmith","floor":20,"gold_loss":0,"cards_upgraded":["Footwork"]},{"damage_healed":12,"gold_gain":0,"player_choice":"Heal","damage_taken":0,"max_hp_gain":0,"max_hp_loss":0,"event_name":"The Library","floor":21,"gold_loss":0},{"damage_healed":0,"gold_gain":0,"player_choice":"Simplicity","damage_taken":0,"max_hp_gain":0,"max_hp_loss":0,"event_name":"Back to Basics","floor":22,"gold_loss":0,"cards_upgraded":["Defend_G","Defend_G","Defend_G","Defend_G","Strike_G"]},{"damage_healed":0,"gold_gain":0,"player_choice":"Became a Ghost","damage_taken":0,"max_hp_gain":0,"max_hp_loss":30,"event_name":"Ghosts","floor":24,"gold_loss":0,"cards_obtained":["Ghostly","Ghostly","Ghostly"]}],"is_beta":false,"boss_relics":[{"not_picked":["WristBlade","Eternal Feather"],"picked":"Ectoplasm"}],"items_purged_floors":[19],"is_endless":false,"potions_floor_spawned":[7,8,11,13,14,16,18],"killed_by":"3 Byrds","ascension_level":20}