{"gold_per_floor":[116,116,116,135,155,24,24,62,62,82,121,121,140,65,65,160,160,175,195,195,195],"floor_reached":21,"playtime":837,"items_purged":["Strike_G"],"score":378,"play_id":"21c42ab4-833b-4a30-b528-2f27e5c143ac","local_time":"20190402002427","is_ascension_mode":true,"campfire_choices":[{"data":"Neutralize","floor":7,"key":"SMITH"},{"floor":12,"key":"REST"},{"data":"Survivor","floor":15,"key":"SMITH"}],"neow_cost":"NONE","seed_source_timestamp":357152403769862,"circlet_count":0,"master_deck":["AscendersBane","Defend_G","Defend_G","Defend_G","Defend_G","Defend_G","Strike_G","Strike_G","Strike_G","Strike_G","Survivor+1","Neutralize+1","Choke+1","Dagger Throw","Backstab","Caltrops+1","Cloak And Dagger","Well Laid Plans+1","Die Die Die"],"relics":["Ring of the Snake","NeowsBlessing","Golden Idol","Happy Flower","Frozen Egg 2","Ancient Tea Set","White Beast Statue"],"potions_floor_usage":[8,8,16,18,19,21],"damage_taken":[{"damage":0,"enemies":"Jaw Worm","floor":1,"turns":1},{"damage":0,"enemies":"Small Slimes","floor":4,"turns":1},{"damage":0,"enemies":"Cultist","floor":5,"turns":1},{"damage":6,"enemies":"Gremlin Nob","floor":8,"turns":3},{"damage":2,"enemies":"Red Slaver","floor":10,"turns":3},{"damage":50,"enemies":"Lagavulin","floor":11,"turns":5},{"damage":3,"enemies":"Looter","floor":13,"turns":3},{"damage":15,"enemies":"Hexaghost","floor":16,"turns":10},{"damage":12,"enemies":"Spheric Guardian","floor":18,"turns":5},{"damage":7,"enemies":"Chosen","floor":19,"turns":6},{"damage":33,"enemies":"Sentry and Sphere","floor":21,"turns":7}],"seed_played":"-7035743845134132496","potions_obtained":[{"floor":1,"key":"Explosive Potion"},{"floor":4,"key":"EssenceOfSteel"},{"floor":11,"key":"Swift Potion"},{"floor":13,"key":"Energy Potion"},{"floor":18,"key":"SkillPotion"},{"floor":19,"key":"LiquidBronze"}],"is_trial":false,"path_per_floor":["M","?","?","M","M","$","R","E","T","M","E","R","M","$","R","B",null,"M","M","?","M"],"character_chosen":"THE_SILENT","items_purchased":["Fire Potion","Well Laid Plans+1"],"campfire_rested":1,"item_purchase_floors":[6,14],"current_hp_per_floor":[59,59,59,59,59,59,59,53,53,51,1,19,16,16,16,1,45,33,26,26,0],"gold":195,"neow_bonus":"THREE_ENEMY_KILL","is_prod":false,"is_daily":false,"chose_seed":false,"campfire_upgraded":2,"win_rate":0,"timestamp":1554186267,"path_taken":["M","?","?","M","M","$","R","E","T","M","E","R","M","?","R","BOSS","M","M","?","?"],"build_version":"2019-01-23","purchased_purges":1,"victory":false,"max_hp_per_floor":[66,60,60,60,60,60,60,60,60,60,60,60,60,60,60,60,60,60,60,60,60],"card_choices":[{"not_picked":["Dagger Spray","Dagger Throw"],"picked":"Choke","floor":1},{"not_picked":["Quick Slash","Concentrate","Choke"],"picked":"SKIP","floor":4},{"not_picked":["Blur","Outmaneuver"],"picked":"Dagger Throw","floor":5},{"not_picked":["Reflex","Prepared"],"picked":"Backstab","floor":8},{"not_picked":["Dodge and Roll","Prepared"],"picked":"Caltrops+1","floor":10},{"not_picked":["Bouncing Flask","Deflect"],"picked":"Cloak And Dagger","floor":11},{"not_picked":["Bane","Wraith Form v2+1","Endless Agony"],"picked":"SKIP","floor":13},{"not_picked":["Wraith Form v2+1","Phantasmal Killer"],"picked":"Die Die Die","floor":16},{"not_picked":["Deadly Poison","Quick Slash","Reflex"],"picked":"SKIP","floor":18},{"not_picked":["Flying Knee","Sucker Punch","Concentrate"],"picked":"SKIP","floor":19}],"player_experience":413989,"relics_obtained":[{"floor":8,"key":"Happy Flower"},{"floor":9,"key":"Frozen Egg 2"},{"floor":11,"key":"Ancient Tea Set"}],"event_choices":[{"damage_healed":0,"gold_gain":0,"player_choice":"Lose Max HP","damage_taken":0,"relics_obtained":["Golden Idol"],"max_hp_gain":0,"max_hp_loss":6,"event_name":"Golden Idol","floor":2,"gold_loss":0},{"damage_healed":0,"gold_gain":0,"player_choice":"Grow","damage_taken":0,"max_hp_gain":0,"max_hp_loss":0,"event_name":"Living Wall","floor":3,"gold_loss":0,"cards_upgraded":["Choke"]},{"damage_healed":0,"gold_gain":0,"player_choice":"0 cards matched","damage_taken":0,"max_hp_gain":0,"max_hp_loss":0,"event_name":"Match and Keep!","floor":20,"gold_loss":0,"cards_obtained":[]}],"is_beta":false,"boss_relics":[{"not_picked":["Calling Bell","Philosopher\u0027s Stone"],"picked":"White Beast Statue"}],"items_purged_floors":[6],"is_endless":false,"potions_floor_spawned":[1,4,11,13,18,19],"killed_by":"Sentry and Sphere","ascension_level":20}