{"gold_per_floor":[18,34,53,53,67,67,98,98,125,152,152,152,152,165,165,165],"floor_reached":16,"playtime":650,"items_purged":[],"score":110,"play_id":"854859e8-f138-43b6-9f54-94cca96832f4","local_time":"20181104132554","is_ascension_mode":false,"campfire_choices":[{"data":"Inflame","floor":6,"key":"SMITH"},{"floor":15,"key":"REST"}],"neow_cost":"NO_GOLD","seed_source_timestamp":14936588804030,"circlet_count":0,"master_deck":["Strike_R","Strike_R","Strike_R","Defend_R","Defend_R","Defend_R","Defend_R","Bash","Perfected Strike","Inflame+1","Thunderclap","Metallicize","Armaments+1"],"relics":["Burning Blood","Bag of Marbles","Juzu Bracelet","Anchor","Molten Egg 2"],"potions_floor_usage":[7,10,16],"damage_taken":[{"damage":2,"enemies":"Small Slimes","floor":1,"turns":5},{"damage":3,"enemies":"Jaw Worm","floor":2,"turns":5},{"damage":1,"enemies":"Cultist","floor":3,"turns":3},{"damage":8,"enemies":"Red Slaver","floor":5,"turns":4},{"damage":21,"enemies":"Gremlin Nob","floor":7,"turns":4},{"damage":33,"enemies":"3 Sentries","floor":10,"turns":10},{"damage":2,"enemies":"Exordium Wildlife","floor":14,"turns":4},{"damage":53,"enemies":"Hexaghost","floor":16,"turns":13}],"seed_played":"5300791769341750470","potions_obtained":[{"floor":1,"key":"FearPotion"},{"floor":3,"key":"Poison Potion"},{"floor":7,"key":"Regen Potion"},{"floor":10,"key":"Poison Potion"}],"is_trial":false,"path_per_floor":["M","M","M","?","M","R","E","?","T","E","?","$","?","M","R","B"],"character_chosen":"IRONCLAD","items_purchased":[],"campfire_rested":1,"item_purchase_floors":[],"current_hp_per_floor":[80,80,80,62,60,60,45,45,45,33,25,25,25,29,53,0],"gold":165,"neow_bonus":"REMOVE_TWO","is_prod":false,"is_daily":false,"chose_seed":false,"campfire_upgraded":1,"win_rate":0,"timestamp":1541298354,"path_taken":["M","M","M","?","M","R","E","?","T","E","?","$","?","M","R","BOSS"],"build_version":"2018-11-02","purchased_purges":0,"victory":false,"max_hp_per_floor":[80,80,80,80,80,80,80,80,80,80,80,80,80,80,80,80],"card_choices":[{"not_picked":["Hemokinesis","Iron Wave"],"picked":"Perfected Strike","floor":1},{"not_picked":["Flex","Perfected Strike"],"picked":"Inflame","floor":2},{"not_picked":["Sever Soul","Body Slam"],"picked":"Thunderclap","floor":3},{"not_picked":["Havoc","Sentinel"],"picked":"Metallicize","floor":5},{"not_picked":["Disarm","Rampage"],"picked":"Armaments","floor":7},{"not_picked":["Immolate","Clash","Inflame"],"picked":"SKIP","floor":10},{"not_picked":["Metallicize","Thunderclap+1","Warcry"],"picked":"SKIP","floor":14}],"player_experience":176295,"relics_obtained":[{"floor":7,"key":"Juzu Bracelet"},{"floor":9,"key":"Anchor"},{"floor":10,"key":"Molten Egg 2"}],"event_choices":[{"damage_healed":0,"gold_gain":0,"player_choice":"Success","damage_taken":18,"relics_obtained":["Bag of Marbles"],"max_hp_gain":0,"max_hp_loss":0,"event_name":"Scrap Ooze","floor":4,"gold_loss":0},{"damage_healed":0,"gold_gain":30,"player_choice":"Searched \u00271\u0027 times","damage_taken":0,"max_hp_gain":0,"max_hp_loss":0,"event_name":"Dead Adventurer","floor":8,"gold_loss":0},{"damage_healed":0,"gold_gain":0,"player_choice":"Damaged","damage_taken":8,"max_hp_gain":0,"max_hp_loss":0,"event_name":"Wheel of Change","floor":11,"gold_loss":0},{"damage_healed":0,"gold_gain":0,"player_choice":"Upgraded","damage_taken":0,"max_hp_gain":0,"max_hp_loss":0,"event_name":"Upgrade Shrine","floor":13,"gold_loss":0,"cards_upgraded":["Armaments"]}],"is_beta":true,"boss_relics":[],"items_purged_floors":[],"is_endless":false,"potions_floor_spawned":[1,3,7,10],"killed_by":"Hexaghost","ascension_level":0}