{"gold_per_floor":[111,128,128,139,139,139,159,159,159,193,209,225,225,257,257,334,334,354,354,354,367,379,379,399,399,451,451,468,418,418,433,433,433],"floor_reached":33,"playtime":1607,"items_purged":[],"score":543,"play_id":"1c11f4e9-3e16-4d17-b023-5670bca8f566","local_time":"20190401233248","is_ascension_mode":true,"campfire_choices":[{"data":"Predator","floor":6,"key":"SMITH"},{"data":"Glass Knife","floor":8,"key":"SMITH"},{"data":"Dash","floor":13,"key":"SMITH"},{"data":"Noxious Fumes","floor":15,"key":"SMITH"},{"data":"A Thousand Cuts","floor":23,"key":"SMITH"},{"floor":25,"key":"REST"},{"data":"Leg Sweep","floor":27,"key":"SMITH"},{"floor":30,"key":"REST"},{"data":"Neutralize","floor":32,"key":"SMITH"}],"neow_cost":"NONE","seed_source_timestamp":353281988338326,"circlet_count":0,"master_deck":["AscendersBane","Defend_G","Defend_G","Defend_G","Defend_G","Defend_G","Survivor+1","Neutralize+1","Predator+1","Noxious Fumes+1","Glass Knife+1","Dash+1","PiercingWail","Dagger Spray","A Thousand Cuts+1","Bite","Bite","Bite","Bite","Bite+1","Backflip","Leg Sweep+1","Backstab"],"relics":["Ring of the Snake","NeowsBlessing","Prayer Wheel","Ginger","Bird Faced Urn","Runic Pyramid","MutagenicStrength","Anchor"],"potions_floor_usage":[10,16,18,33,33],"damage_taken":[{"damage":0,"enemies":"Cultist","floor":1,"turns":1},{"damage":0,"enemies":"Small Slimes","floor":2,"turns":1},{"damage":0,"enemies":"Jaw Worm","floor":4,"turns":1},{"damage":0,"enemies":"Exordium Wildlife","floor":7,"turns":4},{"damage":6,"enemies":"Gremlin Nob","floor":10,"turns":3},{"damage":0,"enemies":"Blue Slaver","floor":11,"turns":4},{"damage":4,"enemies":"Exordium Thugs","floor":12,"turns":5},{"damage":24,"enemies":"3 Sentries","floor":14,"turns":9},{"damage":22,"enemies":"Hexaghost","floor":16,"turns":11},{"damage":15,"enemies":"Spheric Guardian","floor":18,"turns":6},{"damage":22,"enemies":"3 Byrds","floor":21,"turns":5},{"damage":22,"enemies":"Cultist and Chosen","floor":22,"turns":7},{"damage":23,"enemies":"Snake Plant","floor":24,"turns":7},{"damage":26,"enemies":"Snecko","floor":28,"turns":7},{"damage":21,"enemies":"Sentry and Sphere","floor":31,"turns":7},{"damage":72,"enemies":"Champ","floor":33,"turns":15}],"seed_played":"396337249021281601","potions_obtained":[{"floor":4,"key":"AttackPotion"},{"floor":10,"key":"Dexterity Potion"},{"floor":12,"key":"GhostInAJar"},{"floor":16,"key":"Swift Potion"},{"floor":22,"key":"LiquidBronze"},{"floor":24,"key":"EssenceOfSteel"},{"floor":31,"key":"SteroidPotion"}],"is_trial":false,"path_per_floor":["M","M","?","M","?","R","M","R","T","E","M","M","R","E","R","B",null,"M","?","?","M","M","R","M","R","T","R","M","?","R","M","R","B"],"character_chosen":"THE_SILENT","items_purchased":[],"campfire_rested":2,"item_purchase_floors":[],"current_hp_per_floor":[59,59,59,59,59,59,59,59,59,53,53,49,49,25,25,5,51,40,40,40,24,18,18,11,24,24,24,10,10,23,19,19,0],"gold":433,"neow_bonus":"THREE_ENEMY_KILL","is_prod":false,"is_daily":false,"chose_seed":false,"campfire_upgraded":7,"win_rate":0,"timestamp":1554183168,"path_taken":["M","?","?","M","?","R","M","R","T","E","M","M","R","E","R","BOSS","M","?","?","M","M","R","M","R","T","R","M","?","R","M","R","BOSS"],"build_version":"2019-01-23","purchased_purges":0,"victory":false,"max_hp_per_floor":[66,66,66,66,66,66,66,66,66,66,66,66,66,66,66,66,66,66,46,46,46,46,46,46,46,46,46,46,46,46,46,46,46],"card_choices":[{"not_picked":["Backflip","Sucker Punch"],"picked":"Predator","floor":1},{"not_picked":["Acrobatics","Prepared"],"picked":"Noxious Fumes","floor":2},{"not_picked":["Bane","Slice","Acrobatics"],"picked":"SKIP","floor":4},{"not_picked":["Outmaneuver","Poisoned Stab"],"picked":"Glass Knife","floor":7},{"not_picked":["Blur","Outmaneuver"],"picked":"Dash","floor":10},{"not_picked":["Bane","Prepared"],"picked":"PiercingWail","floor":11},{"not_picked":["Noxious Fumes","Slice","All Out Attack"],"picked":"SKIP","floor":11},{"not_picked":["Blade Dance","Quick Slash"],"picked":"Dagger Spray","floor":12},{"not_picked":["Deadly Poison","Flying Knee","Acrobatics"],"picked":"SKIP","floor":12},{"not_picked":["Grand Finale","Blur","Acrobatics"],"picked":"SKIP","floor":14},{"not_picked":["Wraith Form v2","Tools of the Trade"],"picked":"A Thousand Cuts","floor":16},{"not_picked":["Flechettes","Terror","Acrobatics"],"picked":"SKIP","floor":18},{"not_picked":["Setup","Eviscerate+1","Dagger Throw"],"picked":"SKIP","floor":18},{"not_picked":["Deadly Poison","Underhanded Strike"],"picked":"Backflip","floor":21},{"not_picked":["Dodge and Roll","Quick Slash","Bane"],"picked":"SKIP","floor":21},{"not_picked":["Cloak And Dagger","Slice"],"picked":"Leg Sweep","floor":22},{"not_picked":["Tactician","Bane","Dagger Spray+1"],"picked":"SKIP","floor":22},{"not_picked":["Backflip","Endless Agony","Prepared"],"picked":"SKIP","floor":24},{"not_picked":["Unload","Deadly Poison","Flying Knee"],"picked":"SKIP","floor":24},{"not_picked":["Poisoned Stab","Bouncing Flask"],"picked":"Backstab","floor":28},{"not_picked":["Tactician","Dagger Throw","Underhanded Strike"],"picked":"SKIP","floor":28},{"not_picked":["Flying Knee","Bouncing Flask","Backflip"],"picked":"SKIP","floor":31},{"not_picked":["Underhanded Strike","Backflip","Outmaneuver"],"picked":"SKIP","floor":31}],"player_experience":411326,"relics_obtained":[{"floor":9,"key":"Prayer Wheel"},{"floor":10,"key":"Ginger"},{"floor":14,"key":"Bird Faced Urn"},{"floor":26,"key":"Anchor"}],"event_choices":[{"damage_healed":0,"gold_gain":0,"player_choice":"Ignored","damage_taken":0,"max_hp_gain":0,"max_hp_loss":0,"event_name":"Liars Game","floor":3,"gold_loss":0},{"damage_healed":0,"gold_gain":0,"player_choice":"Leave","damage_taken":0,"max_hp_gain":0,"max_hp_loss":0,"event_name":"The Cleric","floor":5,"gold_loss":0},{"damage_healed":0,"gold_gain":0,"player_choice":"Became a vampire","damage_taken":0,"max_hp_gain":0,"max_hp_loss":20,"event_name":"Vampires","floor":19,"gold_loss":0,"cards_obtained":["Bite","Bite","Bite","Bite","Bite"]},{"damage_healed":0,"gold_gain":0,"player_choice":"Inject Mutagens","damage_taken":0,"relics_obtained":["MutagenicStrength"],"max_hp_gain":0,"max_hp_loss":0,"event_name":"Drug Dealer","floor":20,"gold_loss":0},{"damage_healed":0,"gold_gain":0,"player_choice":"Upgraded Two","damage_taken":0,"max_hp_gain":0,"max_hp_loss":0,"event_name":"Designer","floor":29,"gold_loss":50,"cards_upgraded":["Survivor","Bite"]}],"is_beta":false,"boss_relics":[{"not_picked":["Philosopher\u0027s Stone","Calling Bell"],"picked":"Runic Pyramid"}],"items_purged_floors":[],"is_endless":false,"potions_floor_spawned":[4,10,12,16,22,24,31],"killed_by":"Champ","ascension_level":20}