{"gold_per_floor":[116,116,133,133,160,192,192,218,218,218,218,24,44,54,54,150,150,160,160,160,174,274,305,305,305,332,332,94,107,107,119,119,220,220,236,536,552,565,220,220,29,29,52,64,126,173,185,16,16,16],"floor_reached":50,"playtime":5445,"items_purged":[],"score":591,"play_id":"b7ccf024-fe9a-45a8-b9f9-c92bd7f90162","local_time":"20190604105026","is_ascension_mode":true,"campfire_choices":[{"floor":7,"key":"REST"},{"data":"Disarm","floor":15,"key":"SMITH"},{"floor":24,"key":"REST"},{"floor":30,"key":"DIG"},{"floor":32,"key":"REST"},{"floor":40,"key":"REST"},{"floor":42,"key":"DIG"},{"floor":49,"key":"REST"}],"neow_cost":"NONE","seed_source_timestamp":478528597304037,"circlet_count":0,"master_deck":["Strike_R+1","Strike_R+1","Defend_R+1","Defend_R+1","Defend_R+1","Defend_R+1","Pommel Strike+1","Metallicize+1","Disarm+1","Impervious","Shrug It Off","Iron Wave","Core Surge","Flying Knee","Cloak And Dagger","Seeing Red","Infernal Blade","Metallicize+1","Disarm","Beam Cell","Corpse Explosion","Beam Cell","Iron Wave+1","Hyperbeam","Magnetism+1","Bandage Up","Battle Trance"],"relics":["Burning Blood","Centennial Puzzle","Regal Pillow","Lantern","PreservedInsect","PrismaticShard","Lizard Tail","Shovel","Frozen Egg 2","Art of War","Juzu Bracelet","DollysMirror","Matryoshka","Velvet Choker","Red Skull","Toy Ornithopter","Bronze Scales","MawBank","Blood Vial","Calipers","Happy Flower","Oddly Smooth Stone"],"potions_floor_usage":[16,16,23,23,50,50],"damage_taken":[{"damage":6,"enemies":"Small Slimes","floor":1,"turns":4},{"damage":0,"enemies":"Cultist","floor":3,"turns":4},{"damage":37,"enemies":"3 Sentries","floor":6,"turns":12},{"damage":28,"enemies":"Lagavulin","floor":8,"turns":10},{"damage":0,"enemies":"2 Louse","floor":13,"turns":3},{"damage":0,"enemies":"Blue Slaver","floor":14,"turns":5},{"damage":19,"enemies":"The Guardian","floor":16,"turns":16},{"damage":7,"enemies":"Shell Parasite","floor":18,"turns":12},{"damage":0,"enemies":"Chosen","floor":21,"turns":7},{"damage":14,"enemies":"Colosseum Slavers","floor":22,"turns":8},{"damage":13,"enemies":"Colosseum Nobs","floor":22,"turns":6},{"damage":117,"enemies":"Gremlin Leader","floor":23,"turns":18},{"damage":8,"enemies":"Centurion and Healer","floor":29,"turns":9},{"damage":8,"enemies":"Snecko","floor":31,"turns":10},{"damage":58,"enemies":"Champ","floor":33,"turns":22},{"damage":27,"enemies":"3 Darklings","floor":35,"turns":6},{"damage":9,"enemies":"3 Shapes","floor":37,"turns":6},{"damage":40,"enemies":"Spire Growth","floor":38,"turns":8},{"damage":31,"enemies":"2 Orb Walkers","floor":45,"turns":6},{"damage":30,"enemies":"Nemesis","floor":46,"turns":5},{"damage":71,"enemies":"Donu and Deca","floor":50,"turns":9}],"seed_played":"2809723394951727462","potions_obtained":[{"floor":6,"key":"Energy Potion"},{"floor":8,"key":"FearPotion"},{"floor":14,"key":"Poison Potion"},{"floor":22,"key":"Weak Potion"},{"floor":35,"key":"SneckoOil"},{"floor":46,"key":"Dexterity Potion"}],"is_trial":false,"path_per_floor":["?","M","?","T","?","?","M","?","?","?","?","$","?","$","$","?","?","$"],"character_chosen":"IRONCLAD","items_purchased":["PrismaticShard","DollysMirror","Disarm","Red Skull","Magnetism+1","Toy Ornithopter","Oddly Smooth Stone","Battle Trance"],"campfire_rested":5,"item_purchase_floors":[12,28,28,39,39,41,48,48],"current_hp_per_floor":[80,80,80,73,73,42,80,58,58,58,58,58,64,70,70,57,80,79,79,79,80,65,14,53,53,53,53,53,51,51,49,80,28,80,59,59,56,22,22,61,61,61,61,61,38,16,16,16,53,0],"gold":16,"neow_bonus":"THREE_CARDS","is_prod":false,"is_daily":false,"chose_seed":false,"campfire_upgraded":1,"win_rate":0,"timestamp":1559674226,"path_taken":["M","?","?","?","?","E","R","E","T","?","?","$","M","?","R","BOSS","M","$","?","M","?","E","R","?","T","?","?","M","R","M","R","BOSS","M","?","M","M","?","R","$","R","T","?","?","E","?","?","R","BOSS"],"build_version":"2019-01-23","purchased_purges":0,"victory":false,"max_hp_per_floor":[80,80,80,80,80,80,80,80,80,80,80,80,80,80,80,80,80,80,80,80,80,80,80,80,80,80,80,80,80,80,80,80,80,80,80,80,80,80,80,80,80,80,80,80,80,80,76,76,76,76],"card_choices":[{"not_picked":["True Grit","Thunderclap"],"picked":"Pommel Strike","floor":0},{"not_picked":["Flex","Dual Wield"],"picked":"Metallicize","floor":1},{"not_picked":["Searing Blow","Infernal Blade"],"picked":"Disarm","floor":3},{"not_picked":["Iron Wave","Rupture"],"picked":"Impervious","floor":6},{"not_picked":["Second Wind","Blood for Blood"],"picked":"Shrug It Off","floor":8},{"not_picked":["Clash","Reckless Charge"],"picked":"Iron Wave","floor":13},{"not_picked":["Tactician","Hello World","Sentinel"],"picked":"SKIP","floor":14},{"not_picked":["Biased Cognition","The Bomb"],"picked":"Core Surge","floor":16},{"not_picked":["Sunder+1","Blizzard","Compile Driver"],"picked":"SKIP","floor":18},{"not_picked":["Prepared","Flex"],"picked":"Flying Knee","floor":21},{"not_picked":["Barrage","True Grit"],"picked":"Cloak And Dagger","floor":22},{"not_picked":["Streamline","Wild Strike"],"picked":"Seeing Red","floor":23},{"not_picked":["Recycle","Redo"],"picked":"Beam Cell","floor":29},{"not_picked":["Redo","Flying Knee","Heavy Blade"],"picked":"SKIP","floor":31},{"not_picked":["Thinking Ahead","Reboot"],"picked":"Corpse Explosion","floor":33},{"not_picked":["Gash","Headbutt"],"picked":"Beam Cell","floor":35},{"not_picked":["Stack+1","Underhanded Strike+1"],"picked":"Iron Wave+1","floor":37},{"not_picked":["Backflip","Chill"],"picked":"Hyperbeam","floor":38},{"not_picked":["Beam Cell","Madness"],"picked":"Bandage Up","floor":46}],"player_experience":161613,"relics_obtained":[{"floor":5,"key":"Centennial Puzzle"},{"floor":6,"key":"Regal Pillow"},{"floor":8,"key":"Lantern"},{"floor":9,"key":"PreservedInsect"},{"floor":22,"key":"Shovel"},{"floor":22,"key":"Frozen Egg 2"},{"floor":23,"key":"Art of War"},{"floor":26,"key":"Juzu Bracelet"},{"floor":30,"key":"Matryoshka"},{"floor":42,"key":"Bronze Scales"},{"floor":43,"key":"MawBank"},{"floor":43,"key":"Blood Vial"},{"floor":45,"key":"Calipers"},{"floor":46,"key":"Happy Flower"}],"event_choices":[{"damage_healed":0,"gold_gain":0,"player_choice":"Upgraded","damage_taken":0,"max_hp_gain":0,"max_hp_loss":0,"event_name":"Upgrade Shrine","floor":2,"gold_loss":0,"cards_upgraded":["Pommel Strike"]},{"cards_removed":["Strike_R"],"damage_healed":0,"gold_gain":0,"player_choice":"Card Removal","damage_taken":7,"max_hp_gain":0,"max_hp_loss":0,"event_name":"Golden Wing","floor":4,"gold_loss":0},{"cards_removed":["Strike_R"],"damage_healed":0,"gold_gain":0,"player_choice":"Forget","damage_taken":0,"max_hp_gain":0,"max_hp_loss":0,"event_name":"Living Wall","floor":10,"gold_loss":0},{"cards_removed":["Strike_R"],"damage_healed":0,"gold_gain":0,"player_choice":"Purged","damage_taken":0,"max_hp_gain":0,"max_hp_loss":0,"event_name":"Purifier","floor":11,"gold_loss":0},{"damage_healed":0,"gold_gain":0,"player_choice":"Simplicity","damage_taken":0,"max_hp_gain":0,"max_hp_loss":0,"event_name":"Back to Basics","floor":20,"gold_loss":0,"cards_upgraded":["Strike_R","Strike_R","Defend_R","Defend_R","Defend_R","Defend_R"]},{"damage_healed":0,"gold_gain":0,"player_choice":"Fight","damage_taken":0,"max_hp_gain":0,"max_hp_loss":0,"event_name":"Colosseum","floor":22,"gold_loss":0},{"damage_healed":0,"gold_gain":0,"player_choice":"Fought Nobs","damage_taken":0,"max_hp_gain":0,"max_hp_loss":0,"event_name":"Colosseum","floor":22,"gold_loss":0},{"damage_healed":0,"gold_gain":0,"cards_transformed":["Bash"],"player_choice":"Transformed","damage_taken":0,"max_hp_gain":0,"max_hp_loss":0,"event_name":"Transmorgrifier","floor":25,"gold_loss":0,"cards_obtained":["Infernal Blade"]},{"damage_healed":0,"gold_gain":0,"player_choice":"Upgraded","damage_taken":0,"max_hp_gain":0,"max_hp_loss":0,"event_name":"Upgrade Shrine","floor":27,"gold_loss":0,"cards_upgraded":["Metallicize"]},{"damage_healed":0,"gold_gain":300,"player_choice":"Gold","damage_taken":0,"max_hp_gain":0,"max_hp_loss":0,"event_name":"Wheel of Change","floor":36,"gold_loss":0},{"damage_healed":0,"gold_gain":0,"player_choice":"Fight","damage_taken":0,"max_hp_gain":0,"max_hp_loss":0,"event_name":"Mysterious Sphere","floor":45,"gold_loss":0},{"damage_healed":0,"gold_gain":0,"player_choice":"Max HP","damage_taken":0,"max_hp_gain":0,"max_hp_loss":4,"event_name":"Winding Halls","floor":47,"gold_loss":0}],"is_beta":false,"boss_relics":[{"not_picked":["Fusion Hammer","Tiny House"],"picked":"Lizard Tail"},{"not_picked":["Cursed Key","Coffee Dripper"],"picked":"Velvet Choker"}],"items_purged_floors":[],"is_endless":false,"potions_floor_spawned":[6,8,14,22,22,35,46],"killed_by":"Donu and Deca","ascension_level":2}