{"gold_per_floor":[109,125,125,140,140,174,174],"floor_reached":7,"playtime":133,"items_purged":[],"score":102,"play_id":"67f2677e-d1f4-4072-b48a-42bb92a3e2a0","local_time":"20190404233537","is_ascension_mode":true,"campfire_choices":[],"neow_cost":"NONE","seed_source_timestamp":614127999284336,"circlet_count":0,"master_deck":["AscendersBane","Defend_G","Defend_G","Defend_G","Defend_G","Defend_G","Strike_G","Strike_G","Strike_G","Strike_G","Strike_G","Survivor","Neutralize","Deadly Poison","Footwork+1"],"relics":["Ring of the Snake","NeowsBlessing","Regal Pillow"],"potions_floor_usage":[6,6],"damage_taken":[{"damage":0,"enemies":"Cultist","floor":1,"turns":1},{"damage":0,"enemies":"2 Louse","floor":2,"turns":1},{"damage":0,"enemies":"Jaw Worm","floor":4,"turns":1},{"damage":58,"enemies":"Gremlin Nob","floor":6,"turns":5},{"damage":1,"enemies":"2 Fungi Beasts","floor":7,"turns":2}],"seed_played":"-82186292964561496","potions_obtained":[{"floor":1,"key":"GamblersBrew"},{"floor":4,"key":"Explosive Potion"}],"is_trial":false,"path_per_floor":["M","M","?","M","?","E","M"],"character_chosen":"THE_SILENT","items_purchased":[],"campfire_rested":0,"item_purchase_floors":[],"current_hp_per_floor":[59,59,59,59,59,1,0],"gold":174,"neow_bonus":"THREE_ENEMY_KILL","is_prod":false,"is_daily":false,"chose_seed":false,"campfire_upgraded":0,"win_rate":0,"timestamp":1554442537,"path_taken":["M","M","?","M","?","E","M"],"build_version":"2019-01-23","purchased_purges":0,"victory":false,"max_hp_per_floor":[66,66,66,66,66,66,66],"card_choices":[{"not_picked":["PiercingWail","Quick Slash"],"picked":"Deadly Poison","floor":1},{"not_picked":["Blade Dance","Tactician","All Out Attack"],"picked":"SKIP","floor":2},{"not_picked":["Blade Dance","Tactician","All Out Attack"],"picked":"SKIP","floor":2},{"not_picked":["All Out Attack","Deadly Poison"],"picked":"Footwork","floor":4},{"not_picked":["Endless Agony","Prepared","Bane"],"picked":"SKIP","floor":6}],"player_experience":449004,"relics_obtained":[{"floor":6,"key":"Regal Pillow"}],"event_choices":[{"damage_healed":0,"gold_gain":0,"player_choice":"Ignored","damage_taken":0,"max_hp_gain":0,"max_hp_loss":0,"event_name":"Liars Game","floor":3,"gold_loss":0},{"damage_healed":0,"gold_gain":0,"player_choice":"Grow","damage_taken":0,"max_hp_gain":0,"max_hp_loss":0,"event_name":"Living Wall","floor":5,"gold_loss":0,"cards_upgraded":["Footwork"]}],"is_beta":false,"boss_relics":[],"items_purged_floors":[],"is_endless":false,"potions_floor_spawned":[1,4],"killed_by":"2 Fungi Beasts","ascension_level":20}