{"gold_per_floor":[114,114,127,79,91,91,119,131,131,131,92,92,72,88,88,187,187,198,31,31,130,144,144,172,182,182,217,237,254,254,274,274,369,369,379,56,72,83,83],"floor_reached":39,"playtime":1887,"items_purged":[],"score":470,"play_id":"ff46176f-6fdb-4f83-907f-91c825764fe8","local_time":"20190528114909","is_ascension_mode":true,"campfire_choices":[{"data":"Genetic Algorithm","floor":6,"key":"SMITH"},{"data":"Self Repair","floor":12,"key":"SMITH"},{"data":"Fusion","floor":15,"key":"SMITH"},{"data":"Defragment","floor":23,"key":"SMITH"},{"floor":30,"key":"REST"},{"floor":32,"key":"REST"}],"neow_cost":"TEN_PERCENT_HP_LOSS","seed_source_timestamp":245221958678163,"circlet_count":0,"master_deck":["Strike_B","Strike_B","Defend_B","Defend_B","Defend_B","Defend_B","Zap","Dualcast","Genetic Algorithm+1","Sunder+1","Defragment+1","Zap","Lockon","Conserve Battery","Ball Lightning","BootSequence","Go for the Eyes+1","Self Repair+1","Fusion+1","Rip and Tear+1","Dramatic Entrance+1","Redo+1","Multi-Cast","Capacitor"],"relics":["Cracked Core","Molten Egg 2","Incense Burner","Busted Crown","Emotion Chip","Sundial","Boot","Sozu","Singing Bowl"],"potions_floor_usage":[16,24,33,33],"damage_taken":[{"damage":0,"enemies":"Jaw Worm","floor":1,"turns":4},{"damage":1,"enemies":"Cultist","floor":3,"turns":3},{"damage":5,"enemies":"Small Slimes","floor":5,"turns":2},{"damage":10,"enemies":"Gremlin Nob","floor":7,"turns":3},{"damage":9,"enemies":"3 Louse","floor":8,"turns":2},{"damage":0,"enemies":"Red Slaver","floor":14,"turns":2},{"damage":29,"enemies":"Slime Boss","floor":16,"turns":8},{"damage":2,"enemies":"3 Byrds","floor":18,"turns":4},{"damage":15,"enemies":"2 Thieves","floor":22,"turns":3},{"damage":0,"enemies":"Slavers","floor":24,"turns":3},{"damage":10,"enemies":"Snake Plant","floor":25,"turns":3},{"damage":30,"enemies":"Book of Stabbing","floor":27,"turns":5},{"damage":14,"enemies":"Shelled Parasite and Fungi","floor":28,"turns":5},{"damage":16,"enemies":"Snecko","floor":29,"turns":6},{"damage":14,"enemies":"Snake Plant","floor":31,"turns":4},{"damage":43,"enemies":"Automaton","floor":33,"turns":7},{"damage":21,"enemies":"3 Darklings","floor":35,"turns":4},{"damage":2,"enemies":"3 Shapes","floor":37,"turns":5},{"damage":27,"enemies":"Writhing Mass","floor":38,"turns":5},{"damage":52,"enemies":"4 Shapes","floor":39,"turns":3}],"seed_played":"-661686055182694905","potions_obtained":[{"floor":1,"key":"AttackPotion"},{"floor":7,"key":"PowerPotion"},{"floor":18,"key":"EssenceOfSteel"},{"floor":24,"key":"PowerPotion"},{"floor":28,"key":"SkillPotion"}],"is_trial":false,"path_per_floor":["M","?","M","$","M","R","E","M","T","?","$","R","?","M","R","B",null,"M","$","?","?","M","R","E","M","T","E","M","M","R","M","R","B",null,"M","$","M","M","M"],"character_chosen":"DEFECT","items_purchased":["Fire Potion","Self Repair","Rip and Tear+1","Dramatic Entrance+1","Capacitor","Singing Bowl"],"campfire_rested":2,"item_purchase_floors":[4,11,19,19,36,36],"current_hp_per_floor":[68,68,67,67,62,62,52,43,43,43,43,43,43,43,43,24,68,68,68,68,68,63,63,68,58,58,38,34,28,48,44,64,41,68,57,57,67,52,0],"gold":83,"neow_bonus":"TRANSFORM_TWO_CARDS","is_prod":false,"is_daily":false,"chose_seed":false,"campfire_upgraded":4,"win_rate":0,"timestamp":1559065749,"path_taken":["M","?","?","?","M","R","E","M","T","?","$","R","?","M","R","BOSS","M","?","?","?","M","R","E","M","T","E","?","M","R","M","R","BOSS","M","$","M","?","M"],"build_version":"2019-01-23","purchased_purges":0,"victory":false,"max_hp_per_floor":[68,68,68,68,68,68,68,68,68,68,68,68,68,68,68,68,68,68,68,68,68,68,68,68,68,68,68,68,68,68,68,68,68,68,68,68,70,72,72],"card_choices":[{"not_picked":["Sweeping Beam","Cold Snap"],"picked":"Defragment","floor":1},{"not_picked":["Gash","Stack"],"picked":"Conserve Battery","floor":3},{"not_picked":["Coolheaded","Darkness"],"picked":"Ball Lightning","floor":5},{"not_picked":["Gash","Creative AI"],"picked":"BootSequence","floor":7},{"not_picked":["Coolheaded","Steam"],"picked":"Go for the Eyes+1","floor":8},{"not_picked":["Compile Driver+1","Hello World"],"picked":"Fusion","floor":14},{"not_picked":["Auto Shields"],"picked":"SKIP","floor":18},{"not_picked":["Fusion"],"picked":"SKIP","floor":22},{"not_picked":["Turbo"],"picked":"SKIP","floor":24},{"not_picked":["Melter+1"],"picked":"SKIP","floor":25},{"not_picked":["Reprogram"],"picked":"SKIP","floor":27},{"not_picked":[],"picked":"Redo+1","floor":28},{"not_picked":["Doom and Gloom+1"],"picked":"SKIP","floor":29},{"not_picked":["Steam+1"],"picked":"SKIP","floor":31},{"not_picked":[],"picked":"Multi-Cast","floor":33},{"not_picked":["Static Discharge+1"],"picked":"SKIP","floor":35},{"not_picked":["Aggregate"],"picked":"Singing Bowl","floor":37},{"not_picked":["Redo+1"],"picked":"Singing Bowl","floor":38}],"player_experience":650899,"relics_obtained":[{"floor":7,"key":"Molten Egg 2"},{"floor":9,"key":"Incense Burner"},{"floor":24,"key":"Emotion Chip"},{"floor":26,"key":"Sundial"},{"floor":27,"key":"Boot"}],"event_choices":[{"damage_healed":0,"gold_gain":0,"player_choice":"2 cards matched","damage_taken":0,"max_hp_gain":0,"max_hp_loss":0,"event_name":"Match and Keep!","floor":2,"gold_loss":0,"cards_obtained":["Zap","Lockon"]},{"damage_healed":0,"gold_gain":0,"player_choice":"Grow","damage_taken":0,"max_hp_gain":0,"max_hp_loss":0,"event_name":"Living Wall","floor":10,"gold_loss":0,"cards_upgraded":["Sunder"]},{"damage_healed":0,"gold_gain":0,"player_choice":"Bought 1 Potion","damage_taken":0,"max_hp_gain":0,"max_hp_loss":0,"event_name":"The Woman in Blue","floor":13,"gold_loss":0},{"damage_healed":0,"gold_gain":99,"player_choice":"Stole From Cult","damage_taken":0,"max_hp_gain":0,"max_hp_loss":0,"event_name":"Nest","floor":21,"gold_loss":0}],"is_beta":false,"boss_relics":[{"not_picked":["Runic Dome","Calling Bell"],"picked":"Busted Crown"},{"not_picked":["Philosopher\u0027s Stone","Pandora\u0027s Box"],"picked":"Sozu"}],"items_purged_floors":[],"is_endless":false,"potions_floor_spawned":[1,7,14,18,24,27,28,29],"killed_by":"4 Shapes","ascension_level":1}