{"gold_per_floor":[113,188,38,57,57,82,82,115,169,179,197,207,224,256,256,333,333,347,30,30,47,66,66,96,96,126,126,146,146],"floor_reached":29,"playtime":992,"items_purged":["Strike_R"],"score":493,"play_id":"1cbc60b4-4050-4b16-88bd-0309e8f9877e","local_time":"20190518010326","is_ascension_mode":true,"campfire_choices":[{"data":"Metallicize","floor":7.0,"key":"SMITH"},{"floor":15.0,"key":"REST"},{"data":"Iron Wave","floor":23.0,"key":"SMITH"},{"data":"Demon Form","floor":27.0,"key":"SMITH"}],"neow_cost":"NONE","seed_source_timestamp":1303346648257422,"circlet_count":0,"master_deck":["AscendersBane","Strike_R","Strike_R","Strike_R","Strike_R","Defend_R","Defend_R","Defend_R","Defend_R","Bash","Twin Strike","Metallicize+1","Cleave","Iron Wave+1","Flame Barrier","Demon Form+1","Writhe"],"special_seed":0,"relics":["Burning Blood","Blood Vial","PreservedInsect","Self Forming Clay","Potion Belt","Mercury Hourglass","Philosopher\u0027s Stone","Kunai","Nloth\u0027s Gift","Vajra","Ancient Tea Set","Tiny Chest"],"potions_floor_usage":[29,29],"damage_taken":[{"damage":0.0,"enemies":"2 Louse","floor":1.0,"turns":1.0},{"damage":0.0,"enemies":"Cultist","floor":4.0,"turns":1.0},{"damage":0.0,"enemies":"Gremlin Nob","floor":6.0,"turns":1.0},{"damage":34.0,"enemies":"3 Sentries","floor":8.0,"turns":10.0},{"damage":9.0,"enemies":"Small Slimes","floor":10.0,"turns":4.0},{"damage":18.0,"enemies":"Gremlin Gang","floor":11.0,"turns":6.0},{"damage":3.0,"enemies":"Blue Slaver","floor":12.0,"turns":6.0},{"damage":6.0,"enemies":"2 Fungi Beasts","floor":13.0,"turns":4.0},{"damage":34.0,"enemies":"Gremlin Nob","floor":14.0,"turns":5.0},{"damage":23.0,"enemies":"Slime Boss","floor":16.0,"turns":12.0},{"damage":10.0,"enemies":"Chosen","floor":18.0,"turns":4.0},{"damage":20.0,"enemies":"3 Byrds","floor":21.0,"turns":5.0},{"damage":10.0,"enemies":"Snecko","floor":22.0,"turns":5.0},{"damage":25.0,"enemies":"Slavers","floor":24.0,"turns":5.0},{"damage":14.0,"enemies":"Chosen and Byrds","floor":28.0,"turns":5.0},{"damage":30,"enemies":"Book of Stabbing","floor":29,"turns":5}],"seed_played":"-1403137892491783934","potions_obtained":[{"floor":4.0,"key":"AttackPotion"},{"floor":11.0,"key":"Dexterity Potion"},{"floor":14.0,"key":"Weak Potion"},{"floor":16.0,"key":"Ancient Potion"},{"floor":21.0,"key":"SteroidPotion"},{"floor":28.0,"key":"SkillPotion"}],"is_trial":false,"path_per_floor":["M","?","$","M","$","E","R","E","T","M","M","M","M","E","R","B",null,"M","$","?","M","M","R","E","?","T","R","M","E"],"character_chosen":"IRONCLAD","items_purchased":["Blood Vial","Kunai"],"campfire_rested":1,"item_purchase_floors":[3,19],"current_hp_per_floor":[74,67,67,75,75,75,75,47,47,46,36,41,43,17,39,24,62,60,60,60,48,46,46,29,29,29,29,23,0],"gold":146,"neow_bonus":"THREE_ENEMY_KILL","is_prod":false,"is_daily":false,"chose_seed":false,"campfire_upgraded":3,"win_rate":0,"timestamp":1558163006,"path_taken":["M","?","$","M","$","E","R","E","T","M","M","?","M","E","R","BOSS","M","$","?","?","?","R","E","?","T","R","M","E"],"build_version":"2019-01-23","purchased_purges":1,"victory":false,"max_hp_per_floor":[75,75,75,75,75,75,75,75,75,75,75,75,75,75,75,75,75,75,75,75,75,75,75,75,75,75,75,75,75],"card_choices":[{"not_picked":["Clothesline","True Grit"],"picked":"Twin Strike","floor":1.0},{"not_picked":["Twin Strike","Flex","Havoc"],"picked":"SKIP","floor":4.0},{"not_picked":["Thunderclap","Headbutt"],"picked":"Metallicize","floor":6.0},{"not_picked":["Sword Boomerang","Headbutt","Anger"],"picked":"SKIP","floor":8.0},{"not_picked":["Twin Strike","Flex","Exhume"],"picked":"SKIP","floor":10.0},{"not_picked":["Rampage","Anger","Perfected Strike"],"picked":"SKIP","floor":11.0},{"not_picked":["Body Slam","Warcry"],"picked":"Cleave","floor":12.0},{"not_picked":["Sword Boomerang","Clash"],"picked":"Iron Wave","floor":13.0},{"not_picked":["Whirlwind","Berserk","Headbutt"],"picked":"SKIP","floor":14.0},{"not_picked":["Warcry","Pummel","Armaments"],"picked":"SKIP","floor":18.0},{"not_picked":["Twin Strike","Seeing Red","Brutality"],"picked":"SKIP","floor":21.0},{"not_picked":["Rampage","Warcry"],"picked":"Flame Barrier","floor":22.0},{"not_picked":["Iron Wave","Clash"],"picked":"Demon Form","floor":24.0},{"not_picked":["Pommel Strike+1","Feel No Pain","Armaments"],"picked":"SKIP","floor":28.0}],"player_experience":568165,"relics_obtained":[{"floor":6.0,"key":"PreservedInsect"},{"floor":8.0,"key":"Self Forming Clay"},{"floor":9.0,"key":"Potion Belt"},{"floor":14.0,"key":"Mercury Hourglass"},{"floor":24.0,"key":"Vajra"},{"floor":26.0,"key":"Tiny Chest"}],"event_choices":[{"damage_healed":0.0,"max_hp_gain":0.0,"max_hp_loss":0.0,"gold_gain":75.0,"event_name":"FaceTrader","player_choice":"Touch","floor":2.0,"gold_loss":0.0,"damage_taken":7.0},{"damage_healed":0.0,"max_hp_gain":0.0,"max_hp_loss":0.0,"gold_gain":0.0,"event_name":"N\u0027loth","player_choice":"Traded Relic","floor":20.0,"relics_lost":["NeowsBlessing"],"gold_loss":0.0,"damage_taken":0.0,"relics_obtained":["Nloth\u0027s Gift"]},{"damage_healed":0.0,"max_hp_gain":0.0,"max_hp_loss":0.0,"gold_gain":0.0,"event_name":"The Mausoleum","player_choice":"Opened","floor":25.0,"gold_loss":0.0,"damage_taken":0.0,"relics_obtained":["Ancient Tea Set"],"cards_obtained":["Writhe"]}],"is_beta":false,"boss_relics":[{"not_picked":["Calling Bell","White Beast Statue"],"picked":"Philosopher\u0027s Stone"}],"items_purged_floors":[19],"is_endless":false,"potions_floor_spawned":[4,11,14,16,21,28],"killed_by":"Book of Stabbing","ascension_level":14}