{"gold_per_floor":[116,116,116,133,147,176,176],"floor_reached":7,"playtime":216,"items_purged":[],"score":99,"play_id":"7289b824-c68b-41de-bac6-c63172e7a262","local_time":"20190330144534","is_ascension_mode":true,"campfire_choices":[],"neow_cost":"NONE","seed_source_timestamp":150240465000046,"circlet_count":0,"master_deck":["AscendersBane","Defend_G","Defend_G","Defend_G","Defend_G","Defend_G","Strike_G","Strike_G+1","Strike_G+1","Strike_G+1","Strike_G+1","Survivor","Neutralize","Caltrops","Backflip"],"relics":["Ring of the Snake","NeowsBlessing","Matryoshka","Whetstone"],"potions_floor_usage":[6],"damage_taken":[{"damage":0,"enemies":"Small Slimes","floor":1,"turns":1},{"damage":0,"enemies":"Cultist","floor":4,"turns":1},{"damage":0,"enemies":"2 Louse","floor":5,"turns":1},{"damage":30,"enemies":"3 Sentries","floor":6,"turns":11},{"damage":26,"enemies":"Gremlin Nob","floor":7,"turns":3}],"seed_played":"6453827663934589920","potions_obtained":[{"floor":4,"key":"SkillPotion"},{"floor":6,"key":"Ancient Potion"}],"is_trial":false,"path_per_floor":["M","?","?","M","M","E","?"],"character_chosen":"THE_SILENT","items_purchased":[],"campfire_rested":0,"item_purchase_floors":[],"current_hp_per_floor":[59,39,39,39,39,9,0],"gold":176,"neow_bonus":"THREE_ENEMY_KILL","is_prod":false,"is_daily":false,"chose_seed":false,"campfire_upgraded":0,"win_rate":0,"timestamp":1553978734,"path_taken":["M","?","?","?","M","E","?"],"build_version":"2019-01-23","purchased_purges":0,"victory":false,"max_hp_per_floor":[66,66,66,66,66,66,66],"card_choices":[{"not_picked":["Quick Slash","Flechettes","PiercingWail"],"picked":"SKIP","floor":1},{"not_picked":["Prepared","Crippling Poison","Blade Dance"],"picked":"SKIP","floor":4},{"not_picked":["Prepared","Masterful Stab"],"picked":"Caltrops","floor":5},{"not_picked":["Phantasmal Killer","Burst"],"picked":"Backflip","floor":6}],"player_experience":362758,"relics_obtained":[{"floor":3,"key":"Matryoshka"},{"floor":6,"key":"Whetstone"}],"event_choices":[{"damage_healed":0,"gold_gain":0,"player_choice":"Entered Light","damage_taken":20,"max_hp_gain":0,"max_hp_loss":0,"event_name":"Shining Light","floor":2,"gold_loss":0,"cards_upgraded":["Strike_G","Strike_G"]},{"damage_healed":0,"gold_gain":0,"player_choice":"Relic","damage_taken":0,"max_hp_gain":0,"max_hp_loss":0,"event_name":"Wheel of Change","floor":3,"gold_loss":0},{"damage_healed":0,"gold_gain":0,"player_choice":"Searched \u00272\u0027 times","damage_taken":0,"max_hp_gain":0,"max_hp_loss":0,"event_name":"Dead Adventurer","floor":7,"gold_loss":0}],"is_beta":false,"boss_relics":[],"items_purged_floors":[],"is_endless":false,"potions_floor_spawned":[4,6],"killed_by":"Gremlin Nob","ascension_level":19}