{"gold_per_floor":[117,135,145,161,236,270,270,303,348,348,377,377,396,66,66,170,170,184,195,206,206,218,245,245,256,256,267,267],"floor_reached":28,"playtime":1166,"items_purged":["Strike_R"],"score":275,"play_id":"e789f3b9-135c-424f-964e-0813c83fd48c","local_time":"20190425212141","is_ascension_mode":true,"campfire_choices":[{"data":"Dropkick","floor":7,"key":"SMITH"},{"floor":12,"key":"REST"},{"data":"Havoc","floor":15,"key":"SMITH"},{"floor":24,"key":"RECALL"}],"neow_cost":"NONE","seed_source_timestamp":35217030179698,"circlet_count":0,"master_deck":["Strike_R","Strike_R","Strike_R","Strike_R","Defend_R","Defend_R","Defend_R","Defend_R","Bash","Wild Strike","Sentinel","Battle Trance","Flex","Dropkick+1","Havoc+1","Twin Strike","Fiend Fire+1","Anger+1","Power Through+1","Flex+1","Sever Soul+1","Armaments","Thunderclap+1"],"relics":["Burning Blood","Ornamental Fan","Letter Opener","Potion Belt","Molten Egg 2","Mark of Pain","Omamori","Pen Nib"],"potions_floor_usage":[4,6,6,16,20,23,25],"damage_taken":[{"damage":6,"enemies":"Cultist","floor":1,"turns":3},{"damage":9,"enemies":"Small Slimes","floor":2,"turns":4},{"damage":6,"enemies":"Jaw Worm","floor":3,"turns":3},{"damage":8,"enemies":"Lots of Slimes","floor":4,"turns":3},{"damage":26,"enemies":"Lagavulin","floor":6,"turns":6},{"damage":42,"enemies":"3 Sentries","floor":8,"turns":12},{"damage":12,"enemies":"Gremlin Nob","floor":11,"turns":3},{"damage":11,"enemies":"2 Fungi Beasts","floor":13,"turns":3},{"damage":25,"enemies":"Slime Boss","floor":16,"turns":10},{"damage":6,"enemies":"Shell Parasite","floor":18,"turns":3},{"damage":0,"enemies":"Chosen","floor":19,"turns":2},{"damage":17,"enemies":"Sentry and Sphere","floor":20,"turns":4},{"damage":15,"enemies":"Snake Plant","floor":22,"turns":4},{"damage":29,"enemies":"Book of Stabbing","floor":23,"turns":4},{"damage":30,"enemies":"Shelled Parasite and Fungi","floor":25,"turns":5},{"damage":15,"enemies":"Snecko","floor":27,"turns":5},{"damage":15,"enemies":"Centurion and Healer","floor":28,"turns":4}],"seed_played":"627559123151368563","potions_obtained":[{"floor":2,"key":"SteroidPotion"},{"floor":3,"key":"Weak Potion"},{"floor":4,"key":"FearPotion"},{"floor":11,"key":"SkillPotion"},{"floor":16,"key":"Strength Potion"},{"floor":18,"key":"Swift Potion"},{"floor":23,"key":"Weak Potion"}],"is_trial":false,"path_per_floor":["M","M","M","M","?","E","R","E","T","$","E","R","M","$","R","B",null,"M","M","M","?","M","E","R","M","T","M","M"],"character_chosen":"IRONCLAD","items_purchased":["Molten Egg 2"],"campfire_rested":1,"item_purchase_floors":[14],"current_hp_per_floor":[88,85,85,83,72,52,52,16,16,16,10,36,31,31,31,12,88,88,88,77,77,68,45,45,21,21,12,0],"gold":267,"neow_bonus":"TEN_PERCENT_HP_BONUS","is_prod":false,"is_daily":false,"chose_seed":false,"campfire_upgraded":2,"win_rate":0,"timestamp":1556191301,"path_taken":["M","M","?","M","?","E","R","E","T","$","E","R","M","$","R","BOSS","M","M","M","?","M","E","R","?","T","M","M"],"build_version":"2019-01-23","purchased_purges":1,"victory":false,"max_hp_per_floor":[88,88,88,88,88,88,88,88,88,88,88,88,88,88,88,88,88,88,88,88,88,88,88,88,88,88,88,88],"card_choices":[{"not_picked":["Rage","Power Through"],"picked":"Wild Strike","floor":1},{"not_picked":["Hemokinesis","Anger"],"picked":"Sentinel","floor":2},{"not_picked":["Shrug It Off","Sword Boomerang"],"picked":"Battle Trance","floor":3},{"not_picked":["True Grit","Flame Barrier"],"picked":"Flex","floor":4},{"not_picked":["Heavy Blade","Warcry"],"picked":"Dropkick","floor":6},{"not_picked":["Heavy Blade","Hemokinesis"],"picked":"Havoc","floor":8},{"not_picked":["Perfected Strike","Clothesline","Pummel"],"picked":"SKIP","floor":11},{"not_picked":["Body Slam","Whirlwind"],"picked":"Twin Strike","floor":13},{"not_picked":["Impervious","Bludgeon+1"],"picked":"Fiend Fire+1","floor":16},{"not_picked":["Sword Boomerang+1","Heavy Blade+1","Body Slam+1"],"picked":"SKIP","floor":18},{"not_picked":["Seeing Red","Disarm"],"picked":"Anger+1","floor":19},{"not_picked":["Armaments","Clash+1"],"picked":"Power Through+1","floor":20},{"not_picked":["Shockwave","Corruption"],"picked":"Flex+1","floor":22},{"not_picked":["Exhume","Body Slam+1"],"picked":"Sever Soul+1","floor":23},{"not_picked":["Burning Pact","Entrench"],"picked":"Armaments","floor":25},{"not_picked":["Cleave+1","Rupture"],"picked":"Thunderclap+1","floor":27}],"player_experience":135792,"relics_obtained":[{"floor":6,"key":"Ornamental Fan"},{"floor":8,"key":"Letter Opener"},{"floor":11,"key":"Potion Belt"},{"floor":23,"key":"Omamori"},{"floor":26,"key":"Pen Nib"}],"event_choices":[{"damage_healed":0,"gold_gain":75,"player_choice":"Gather Gold","damage_taken":11,"max_hp_gain":0,"max_hp_loss":0,"event_name":"World of Goop","floor":5,"gold_loss":0},{"cards_removed":["Iron Wave"],"damage_healed":0,"gold_gain":0,"player_choice":"Took Card","damage_taken":0,"max_hp_gain":0,"max_hp_loss":0,"event_name":"NoteForYourself","floor":21,"gold_loss":0,"cards_obtained":["Iron Wave"]}],"is_beta":false,"boss_relics":[{"not_picked":["Velvet Choker","Black Blood"],"picked":"Mark of Pain"}],"items_purged_floors":[14],"is_endless":false,"potions_floor_spawned":[2,3,4,11,16,18,23],"killed_by":"Centurion and Healer","ascension_level":1}