{"gold_per_floor":[217,69,83,95,112,112,139,139],"floor_reached":8,"playtime":239,"items_purged":[],"score":102,"play_id":"48880981-353f-45f9-9f4b-55f4dae690c6","local_time":"20190523001237","is_ascension_mode":true,"campfire_choices":[{"data":"Uppercut","floor":6,"key":"SMITH"}],"neow_cost":"NONE","seed_source_timestamp":138028255156555,"circlet_count":0,"master_deck":["AscendersBane","Strike_R","Strike_R","Strike_R","Strike_R","Strike_R","Defend_R","Defend_R","Defend_R","Defend_R","Bash","Cleave","Twin Strike","Uppercut+1","Impervious"],"relics":["Burning Blood","Pen Nib","Dream Catcher","Regal Pillow"],"potions_floor_usage":[7,7],"damage_taken":[{"damage":6,"enemies":"2 Louse","floor":1,"turns":4},{"damage":11,"enemies":"Small Slimes","floor":3,"turns":3},{"damage":1,"enemies":"Cultist","floor":4,"turns":3},{"damage":10,"enemies":"2 Fungi Beasts","floor":5,"turns":3},{"damage":35,"enemies":"Lagavulin","floor":7,"turns":4},{"damage":45,"enemies":"3 Sentries","floor":8,"turns":7}],"seed_played":"-8192437788434374458","potions_obtained":[{"floor":1,"key":"SteroidPotion"},{"floor":3,"key":"Ancient Potion"},{"floor":5,"key":"BloodPotion"},{"floor":7,"key":"Energy Potion"}],"is_trial":false,"path_per_floor":["M","$","M","M","M","R","E","?"],"character_chosen":"IRONCLAD","items_purchased":["Pen Nib"],"campfire_rested":0,"item_purchase_floors":[2],"current_hp_per_floor":[68,68,63,68,64,64,42,0],"gold":139,"neow_bonus":"HUNDRED_GOLD","is_prod":false,"is_daily":false,"chose_seed":false,"campfire_upgraded":1,"win_rate":0,"timestamp":1558591957,"path_taken":["M","$","M","M","M","R","E","?"],"build_version":"2019-01-23","purchased_purges":0,"victory":false,"max_hp_per_floor":[75,75,75,75,75,75,75,75],"card_choices":[{"not_picked":["Reckless Charge","Twin Strike"],"picked":"Cleave","floor":1},{"not_picked":["Battle Trance","Wild Strike"],"picked":"Twin Strike","floor":3},{"not_picked":["Twin Strike","Pommel Strike","Battle Trance"],"picked":"SKIP","floor":4},{"not_picked":["Body Slam","Havoc"],"picked":"Uppercut","floor":5},{"not_picked":["Shrug It Off","Evolve"],"picked":"Impervious","floor":7}],"player_experience":576707,"relics_obtained":[{"floor":7,"key":"Dream Catcher"}],"event_choices":[{"damage_healed":0,"gold_gain":0,"player_choice":"Searched \u00272\u0027 times","damage_taken":0,"relics_obtained":["Regal Pillow"],"max_hp_gain":0,"max_hp_loss":0,"event_name":"Dead Adventurer","floor":8,"gold_loss":0}],"is_beta":false,"boss_relics":[],"items_purged_floors":[],"is_endless":false,"potions_floor_spawned":[1,3,5,7],"killed_by":"3 Sentries","ascension_level":15}