{"gold_per_floor":[367,367,387,387,159,159,193,214,283,327,341,149,190,170,170,269,269,293,43,56,75,95,95,95,95,95,95,95,95,109,130,130,223,223,238,262,287,92,92,92,108,108,108,108],"floor_reached":44,"playtime":1221,"items_purged":["Regret","Strike_R","Bash"],"score":728,"play_id":"943504ec-6a60-44ab-9955-9b3b2a21c9dc","local_time":"20190519234542","is_ascension_mode":true,"campfire_choices":[{"data":"Cleave","floor":6.0,"key":"SMITH"},{"floor":15.0,"key":"REST"},{"data":"Shrug It Off","floor":23.0,"key":"SMITH"},{"data":"Limit Break","floor":25.0,"key":"SMITH"},{"data":"Ghostly Armor","floor":28.0,"key":"SMITH"},{"data":"Whirlwind","floor":32.0,"key":"SMITH"},{"data":"Metallicize","floor":40.0,"key":"SMITH"}],"neow_cost":"PERCENT_DAMAGE","seed_source_timestamp":1471320829651626,"circlet_count":0,"master_deck":["AscendersBane","Strike_R","Strike_R+1","Strike_R","Defend_R","Defend_R","Defend_R","Defend_R","Bash+1","Cleave+1","Ghostly Armor+1","Limit Break+1","Shrug It Off+1","Finesse","Whirlwind+1","Ghostly Armor","Metallicize+1","Heavy Blade+1"],"special_seed":0,"relics":["Burning Blood","Golden Idol","Bag of Marbles","Omamori","Boot","Kunai","Whetstone","Brimstone","Vajra","Sozu","Happy Flower","MutagenicStrength","Matryoshka","Cursed Key","Frozen Egg 2","Bottled Flame"],"potions_floor_usage":[],"damage_taken":[{"damage":5.0,"enemies":"2 Louse","floor":1.0,"turns":3.0},{"damage":8.0,"enemies":"Jaw Worm","floor":3.0,"turns":4.0},{"damage":20.0,"enemies":"3 Sentries","floor":7.0,"turns":8.0},{"damage":1.0,"enemies":"Cultist","floor":8.0,"turns":3.0},{"damage":26.0,"enemies":"Gremlin Nob","floor":10.0,"turns":4.0},{"damage":8.0,"enemies":"3 Louse","floor":11.0,"turns":2.0},{"damage":15.0,"enemies":"3 Sentries","floor":13.0,"turns":4.0},{"damage":24.0,"enemies":"Hexaghost","floor":16.0,"turns":8.0},{"damage":0.0,"enemies":"Spheric Guardian","floor":18.0,"turns":3.0},{"damage":17.0,"enemies":"2 Thieves","floor":20.0,"turns":3.0},{"damage":5.0,"enemies":"Centurion and Healer","floor":21.0,"turns":5.0},{"damage":21.0,"enemies":"Shelled Parasite and Fungi","floor":22.0,"turns":4.0},{"damage":0.0,"enemies":"Snecko","floor":30.0,"turns":2.0},{"damage":4.0,"enemies":"Centurion and Healer","floor":31.0,"turns":2.0},{"damage":36.0,"enemies":"Automaton","floor":33.0,"turns":5.0},{"damage":10.0,"enemies":"3 Darklings","floor":35.0,"turns":3.0},{"damage":0.0,"enemies":"Orb Walker","floor":36.0,"turns":2.0},{"damage":25.0,"enemies":"4 Shapes","floor":37.0,"turns":5.0},{"damage":29.0,"enemies":"Writhing Mass","floor":41.0,"turns":4.0},{"damage":17,"enemies":"Maw","floor":44,"turns":2}],"seed_played":"-2832655377759699445","potions_obtained":[{"floor":1.0,"key":"Energy Potion"},{"floor":3.0,"key":"LiquidBronze"},{"floor":7.0,"key":"SmokeBomb"},{"floor":10.0,"key":"Block Potion"},{"floor":14.0,"key":"Block Potion"}],"is_trial":false,"path_per_floor":["M","?","M","?","$","R","E","M","T","E","M","$","E","?","R","B",null,"M","$","M","M","M","R","?","R","T","?","R","$","M","M","R","B",null,"M","M","M","$","?","R","M","?","T","M"],"character_chosen":"IRONCLAD","items_purchased":["Omamori","Brimstone","Happy Flower","Metallicize"],"campfire_rested":1,"item_purchase_floors":[5,12,19,38],"current_hp_per_floor":[51,51,49,49,49,49,35,40,40,20,18,18,9,9,29,11,55,61,61,50,51,36,36,36,36,36,36,36,36,42,44,44,14,55,51,57,38,38,38,38,15,15,15,0],"gold":108,"neow_bonus":"TWO_FIFTY_GOLD","is_prod":false,"is_daily":false,"chose_seed":false,"campfire_upgraded":6,"win_rate":0,"timestamp":1558331142,"path_taken":["M","?","M","?","$","R","E","M","T","E","M","$","E","?","R","BOSS","M","$","M","?","M","R","?","R","T","?","R","$","M","M","R","BOSS","M","M","M","$","?","R","M","?","T","M"],"build_version":"2019-01-23","purchased_purges":3,"victory":false,"max_hp_per_floor":[75,69,69,69,69,69,69,69,69,69,69,69,69,69,69,69,69,69,69,69,69,69,69,69,69,69,69,69,69,69,69,69,69,69,69,69,69,69,69,69,69,69,69,69],"card_choices":[{"not_picked":["Clash","Shrug It Off"],"picked":"Cleave","floor":1.0},{"not_picked":["Intimidate","Headbutt","Reckless Charge"],"picked":"SKIP","floor":3.0},{"not_picked":["Reckless Charge","Thunderclap","Bloodletting"],"picked":"SKIP","floor":7.0},{"not_picked":["Power Through","Shrug It Off"],"picked":"Ghostly Armor","floor":8.0},{"not_picked":["Disarm","Warcry","Combust"],"picked":"SKIP","floor":10.0},{"not_picked":["Anger","Twin Strike","Flex"],"picked":"SKIP","floor":11.0},{"not_picked":["Perfected Strike","Demon Form","Juggernaut"],"picked":"SKIP","floor":13.0},{"not_picked":["Berserk","Reaper"],"picked":"Limit Break","floor":16.0},{"not_picked":["Havoc","Clothesline","Flex"],"picked":"SKIP","floor":18.0},{"not_picked":["Burning Pact","Twin Strike","Clash"],"picked":"SKIP","floor":20.0},{"not_picked":["Pummel","Shrug It Off","Havoc"],"picked":"SKIP","floor":21.0},{"not_picked":["Pummel","Havoc"],"picked":"Shrug It Off","floor":21.0},{"not_picked":["Second Wind","Bloodletting","Shrug It Off"],"picked":"SKIP","floor":22.0},{"not_picked":["Bloodletting","Intimidate","Clash"],"picked":"SKIP","floor":30.0},{"not_picked":["Iron Wave","Blood for Blood"],"picked":"Whirlwind","floor":31.0},{"not_picked":["Clothesline","True Grit","Combust"],"picked":"SKIP","floor":35.0},{"not_picked":["Combust","Rupture+1","Pommel Strike"],"picked":"SKIP","floor":36.0},{"not_picked":["Clash","Combust"],"picked":"Ghostly Armor","floor":37.0},{"not_picked":["Reckless Charge","Clash"],"picked":"Heavy Blade+1","floor":41.0}],"player_experience":572952,"relics_obtained":[{"floor":7.0,"key":"Boot"},{"floor":9.0,"key":"Kunai"},{"floor":10.0,"key":"Whetstone"},{"floor":13.0,"key":"Vajra"},{"floor":26.0,"key":"Matryoshka"},{"floor":43.0,"key":"Frozen Egg 2"},{"floor":43.0,"key":"Bottled Flame"}],"event_choices":[{"damage_healed":0.0,"max_hp_gain":0.0,"max_hp_loss":6.0,"gold_gain":0.0,"event_name":"Golden Idol","player_choice":"Lose Max HP","floor":2.0,"gold_loss":0.0,"damage_taken":0.0,"relics_obtained":["Golden Idol"]},{"damage_healed":0.0,"max_hp_gain":0.0,"max_hp_loss":0.0,"gold_gain":0.0,"event_name":"Big Fish","player_choice":"Box","floor":4.0,"gold_loss":0.0,"damage_taken":0.0,"relics_obtained":["Bag of Marbles"],"cards_obtained":["Regret"]},{"damage_healed":0.0,"max_hp_gain":0.0,"max_hp_loss":0.0,"gold_gain":0.0,"event_name":"The Woman in Blue","player_choice":"Bought 1 Potion","floor":14.0,"gold_loss":0.0,"damage_taken":0.0},{"damage_healed":0.0,"max_hp_gain":0.0,"max_hp_loss":0.0,"gold_gain":0.0,"event_name":"Drug Dealer","player_choice":"Inject Mutagens","floor":24.0,"gold_loss":0.0,"damage_taken":0.0,"relics_obtained":["MutagenicStrength"]},{"damage_healed":0.0,"max_hp_gain":0.0,"max_hp_loss":0.0,"gold_gain":0.0,"event_name":"Match and Keep!","player_choice":"2 cards matched","floor":27.0,"gold_loss":0.0,"damage_taken":0.0,"cards_obtained":["Bash","Finesse"]},{"cards_removed":["Strike_R"],"damage_healed":0.0,"max_hp_gain":0.0,"max_hp_loss":0.0,"gold_gain":0.0,"event_name":"Falling","player_choice":"Removed Attack","floor":39.0,"gold_loss":0.0,"damage_taken":0.0},{"damage_healed":0.0,"max_hp_gain":0.0,"max_hp_loss":0.0,"gold_gain":0.0,"event_name":"SecretPortal","player_choice":"Ignored","floor":42.0,"gold_loss":0.0,"damage_taken":0.0}],"is_beta":false,"boss_relics":[{"not_picked":["White Beast Statue","Orrery"],"picked":"Sozu"},{"not_picked":["Empty Cage","Philosopher\u0027s Stone"],"picked":"Cursed Key"}],"items_purged_floors":[5,19,38],"is_endless":false,"potions_floor_spawned":[1,3,7,10,18,22,31,41],"killed_by":"Maw","ascension_level":14}