{"gold_per_floor":[111,286,296,371,64,64,90,90,90,123,123,48,48],"floor_reached":13,"playtime":815,"items_purged":["Defend_B"],"score":107,"play_id":"686d0e66-36dc-49dd-98ad-6d19e154afe8","local_time":"20190605010052","is_ascension_mode":true,"campfire_choices":[{"floor":6,"key":"REST"},{"floor":8,"key":"REST"},{"data":"Doubt","floor":11,"key":"PURGE"}],"neow_cost":"PERCENT_DAMAGE","seed_source_timestamp":534193377024587,"circlet_count":0,"master_deck":["Strike_B","Strike_B","Defend_B","Defend_B","Defend_B","Zap","Dualcast","Chill","Electrodynamics","Conserve Battery","Conserve Battery","Creative AI"],"relics":["Cracked Core","Peace Pipe","Shuriken","Dead Branch","FossilizedHelix"],"potions_floor_usage":[7],"damage_taken":[{"damage":0,"enemies":"Cultist","floor":1,"turns":3},{"damage":5,"enemies":"Jaw Worm","floor":3,"turns":3},{"damage":46,"enemies":"Gremlin Nob","floor":7,"turns":5},{"damage":2,"enemies":"3 Sentries","floor":10,"turns":5},{"damage":55,"enemies":"Gremlin Nob","floor":13,"turns":5}],"seed_played":"5816239286556754976","potions_obtained":[{"floor":3,"key":"PowerPotion"}],"is_trial":false,"path_per_floor":["?","?","$"],"character_chosen":"DEFECT","items_purchased":["Peace Pipe"],"campfire_rested":2,"item_purchase_floors":[5],"current_hp_per_floor":[54,54,49,38,38,60,14,36,36,34,34,34,0],"gold":48,"neow_bonus":"TRANSFORM_TWO_CARDS","is_prod":false,"is_daily":false,"chose_seed":false,"campfire_upgraded":0,"win_rate":0,"timestamp":1559725252,"path_taken":["M","?","M","?","$","R","E","R","T","E","R","?","E"],"build_version":"2019-01-23","purchased_purges":1,"victory":false,"max_hp_per_floor":[75,75,75,75,75,75,75,75,75,75,75,75,75],"card_choices":[{"not_picked":["Cold Snap","Barrage"],"picked":"Conserve Battery","floor":1},{"not_picked":["Turbo","Force Field","Redo"],"picked":"SKIP","floor":3},{"not_picked":["Storm","Auto Shields"],"picked":"Conserve Battery","floor":7},{"not_picked":["BootSequence","Rip and Tear"],"picked":"Creative AI","floor":10}],"player_experience":194067,"relics_obtained":[{"floor":7,"key":"Shuriken"},{"floor":9,"key":"Dead Branch"},{"floor":10,"key":"FossilizedHelix"}],"event_choices":[{"damage_healed":0,"gold_gain":175,"player_choice":"AGREE","damage_taken":0,"max_hp_gain":0,"max_hp_loss":0,"event_name":"Liars Game","floor":2,"gold_loss":0,"cards_obtained":["Doubt"]},{"damage_healed":0,"gold_gain":75,"player_choice":"Gather Gold","damage_taken":11,"max_hp_gain":0,"max_hp_loss":0,"event_name":"World of Goop","floor":4,"gold_loss":0}],"is_beta":false,"boss_relics":[],"items_purged_floors":[12],"is_endless":false,"potions_floor_spawned":[3],"killed_by":"Gremlin Nob","ascension_level":4}