{"gold_per_floor":[111,186,199,27,27,27,202,202,202,220,220,249,9,36,36,36],"floor_reached":16,"playtime":1015,"items_purged":["Strike_G"],"score":180,"play_id":"bd7f53bc-2623-4f34-b710-4740f8834d41","local_time":"20190517081109","is_ascension_mode":true,"campfire_choices":[{"data":"Footwork","floor":6.0,"key":"SMITH"},{"data":"Footwork","floor":8.0,"key":"SMITH"},{"data":"Dagger Spray","floor":15.0,"key":"SMITH"}],"neow_cost":"NONE","seed_source_timestamp":4143538840830,"circlet_count":0,"master_deck":["AscendersBane","Defend_G","Defend_G","Defend_G","Defend_G","Defend_G","Strike_G","Strike_G","Strike_G","Strike_G","Survivor","Neutralize","Backflip","Footwork+1","Footwork+1","Dagger Spray+1","Dagger Throw","Backflip","Well Laid Plans","Bandage Up","Footwork"],"special_seed":0,"relics":["Ring of the Snake","NeowsBlessing","Mercury Hourglass","Meat on the Bone","Question Card"],"potions_floor_usage":[16],"damage_taken":[{"damage":0.0,"enemies":"2 Louse","floor":1.0,"turns":1.0},{"damage":0.0,"enemies":"Jaw Worm","floor":3.0,"turns":1.0},{"damage":0.0,"enemies":"Small Slimes","floor":10.0,"turns":1.0},{"damage":10.0,"enemies":"3 Sentries","floor":12.0,"turns":6.0},{"damage":2.0,"enemies":"Lagavulin","floor":14.0,"turns":11.0},{"damage":51,"enemies":"Hexaghost","floor":16,"turns":21}],"seed_played":"7271313289052831745","potions_obtained":[{"floor":10.0,"key":"Explosive Potion"},{"floor":14.0,"key":"Weak Potion"}],"is_trial":false,"path_per_floor":["M","?","M","$","?","R","?","R","T","M","?","E","$","E","R","B"],"character_chosen":"THE_SILENT","items_purchased":["Footwork","Dagger Spray","Explosive Potion","Well Laid Plans","Bandage Up"],"campfire_rested":0,"item_purchase_floors":[4,4,4,13,13],"current_hp_per_floor":[59,48,48,48,48,48,48,48,48,48,41,31,31,45,45,0],"gold":36,"neow_bonus":"THREE_ENEMY_KILL","is_prod":false,"is_daily":false,"chose_seed":false,"campfire_upgraded":3,"win_rate":0,"timestamp":1558098669,"path_taken":["M","?","M","$","?","R","?","R","T","M","?","E","$","E","R","BOSS"],"build_version":"2019-01-23","purchased_purges":1,"victory":false,"max_hp_per_floor":[66,66,66,66,66,66,66,66,66,66,66,66,66,66,66,66],"card_choices":[{"not_picked":["Acrobatics","Bane"],"picked":"Backflip","floor":1.0},{"not_picked":["Dagger Throw","Blade Dance"],"picked":"Footwork","floor":3.0},{"not_picked":["Leg Sweep","Bouncing Flask"],"picked":"Dagger Throw","floor":10.0},{"not_picked":["Sucker Punch","Bane"],"picked":"Backflip","floor":12.0},{"not_picked":["Finisher","Bane"],"picked":"Footwork","floor":14.0}],"player_experience":440326,"relics_obtained":[{"floor":9.0,"key":"Mercury Hourglass"},{"floor":12.0,"key":"Meat on the Bone"},{"floor":14.0,"key":"Question Card"}],"event_choices":[{"damage_healed":0.0,"max_hp_gain":0.0,"max_hp_loss":0.0,"gold_gain":75.0,"event_name":"World of Goop","player_choice":"Gather Gold","floor":2.0,"gold_loss":0.0,"damage_taken":11.0},{"damage_healed":0.0,"max_hp_gain":0.0,"max_hp_loss":0.0,"gold_gain":0.0,"event_name":"The Cleric","player_choice":"Leave","floor":5.0,"gold_loss":0.0,"damage_taken":0.0},{"damage_healed":0.0,"max_hp_gain":0.0,"max_hp_loss":0.0,"gold_gain":175.0,"event_name":"Liars Game","player_choice":"AGREE","floor":7.0,"gold_loss":0.0,"damage_taken":0.0,"cards_obtained":["Doubt"]},{"cards_removed":["Doubt"],"damage_healed":0.0,"max_hp_gain":0.0,"max_hp_loss":0.0,"gold_gain":0.0,"event_name":"Golden Wing","player_choice":"Card Removal","floor":11.0,"gold_loss":0.0,"damage_taken":7.0}],"is_beta":false,"boss_relics":[],"items_purged_floors":[13],"is_endless":false,"potions_floor_spawned":[10,12,14],"killed_by":"Hexaghost","ascension_level":14}