{"gold_per_floor":[115,290,301,301,53,53,84,84,139,139,149,174,229,249,249,347,347,366,386,401,37,47,47,47,47,47,59,74,90,90,119,119,223,223,235,235,195,208,224,324,97,97,97,112,127,127,141,168,168,168],"floor_reached":51,"playtime":1537,"items_purged":["Strike_R"],"score":1136,"play_id":"9fb571e4-6206-45f5-8bd2-ebb584f9042e","local_time":"20190424192129","is_ascension_mode":true,"campfire_choices":[{"data":"Twin Strike","floor":6.0,"key":"SMITH"},{"data":"Carnage","floor":8.0,"key":"SMITH"},{"data":"Bash","floor":10.0,"key":"SMITH"},{"data":"Demon Form","floor":15.0,"key":"SMITH"},{"data":"Pommel Strike","floor":23,"key":"SMITH"},{"floor":25,"key":"REST"},{"data":"Ghostly Armor","floor":30,"key":"SMITH"},{"data":"Strike_R","floor":32,"key":"SMITH"},{"data":"Flame Barrier","floor":46,"key":"SMITH"},{"data":"Bandage Up","floor":49,"key":"SMITH"}],"neow_cost":"NONE","seed_source_timestamp":938668021780214,"circlet_count":0,"master_deck":["Strike_R+1","Strike_R+1","Strike_R","Strike_R+1","Defend_R","Defend_R","Defend_R","Defend_R+1","Bash+1","Twin Strike+1","Carnage+1","Demon Form+1","Impervious+1","Pommel Strike+1","Necronomicurse","Ghostly Armor+1","Flame Barrier+1","Bandage Up+1","Pommel Strike+1"],"special_seed":0,"relics":["Burning Blood","NeowsBlessing","Dodecahedron","Bird Faced Urn","Dream Catcher","Anchor","Bag of Preparation","Sozu","Pocketwatch","Necronomicon","Ornamental Fan","Whetstone","Coffee Dripper","Nunchaku","Bronze Scales","Question Card","Potion Belt"],"potions_floor_usage":[50,50],"damage_taken":[{"damage":0.0,"enemies":"2 Louse","floor":1.0,"turns":1.0},{"damage":0.0,"enemies":"Jaw Worm","floor":3.0,"turns":1.0},{"damage":0.0,"enemies":"Lagavulin","floor":7.0,"turns":1.0},{"damage":0.0,"enemies":"Small Slimes","floor":11.0,"turns":1.0},{"damage":15.0,"enemies":"3 Sentries","floor":13.0,"turns":6.0},{"damage":0.0,"enemies":"Looter","floor":14.0,"turns":2.0},{"damage":0.0,"enemies":"Slime Boss","floor":16.0,"turns":6.0},{"damage":0.0,"enemies":"Chosen","floor":18.0,"turns":3.0},{"damage":25.0,"enemies":"Spheric Guardian","floor":19.0,"turns":4.0},{"damage":14,"enemies":"Centurion and Healer","floor":20,"turns":5},{"damage":23,"enemies":"Snake Plant","floor":22,"turns":4},{"damage":0,"enemies":"Snecko","floor":27,"turns":3},{"damage":0,"enemies":"Sentry and Sphere","floor":28,"turns":3},{"damage":0,"enemies":"Snake Plant","floor":29,"turns":3},{"damage":8,"enemies":"Book of Stabbing","floor":31,"turns":4},{"damage":36,"enemies":"Champ","floor":33,"turns":8},{"damage":0,"enemies":"Orb Walker","floor":35,"turns":2},{"damage":20,"enemies":"3 Darklings","floor":38,"turns":4},{"damage":23,"enemies":"Spire Growth","floor":39,"turns":4},{"damage":0,"enemies":"Mind Bloom Boss Battle","floor":40,"turns":3},{"damage":50,"enemies":"Transient","floor":44,"turns":5},{"damage":8,"enemies":"Writhing Mass","floor":45,"turns":4},{"damage":0,"enemies":"4 Shapes","floor":47,"turns":6},{"damage":0,"enemies":"Nemesis","floor":48,"turns":5},{"damage":44,"enemies":"Awakened One","floor":50,"turns":9}],"seed_played":"-813926312337662233","potions_obtained":[{"floor":13.0,"key":"Block Potion"},{"floor":14.0,"key":"Ancient Potion"},{"floor":16.0,"key":"LiquidBronze"}],"is_trial":false,"path_per_floor":["M","?","M","?","$","R","E","R","T","R","M","T","?","M","R","B",null,"M","M","M","$","M","R","?","R","T","M","M","M","R","E","R","B",null,"M","?","?","M","M","?","$","?","T","M","M","R","M","E","R","B",null],"character_chosen":"IRONCLAD","items_purchased":["Dodecahedron","Pocketwatch","Flame Barrier","Bronze Scales"],"campfire_rested":1,"item_purchase_floors":[5,21,41,41],"current_hp_per_floor":[78,78,80,80,80,80,80,80,80,80,80,80,71,77,77,80,80,80,61,55,55,40,40,24,48,48,56,64,70,70,70,70,42,71,79,76,76,62,47,55,55,55,55,17,21,21,33,45,45,15],"gold":168,"neow_bonus":"THREE_ENEMY_KILL","is_prod":false,"is_daily":false,"chose_seed":false,"campfire_upgraded":9,"win_rate":0,"timestamp":1556155289,"path_taken":["M","?","M","?","$","R","E","R","T","R","M","?","?","M","R","BOSS","M","M","M","$","M","R","?","R","T","M","M","M","R","E","R","BOSS","M","?","?","?","M","?","$","?","T","M","M","R","M","E","R","BOSS"],"build_version":"2019-01-23","purchased_purges":1,"victory":true,"max_hp_per_floor":[80,80,80,80,80,80,80,80,80,80,80,80,80,80,80,80,80,80,80,80,80,80,80,80,80,80,80,80,80,80,80,80,80,80,80,76,76,76,76,76,76,76,76,76,76,76,76,76,76,76],"card_choices":[{"not_picked":["Clash","Armaments","Feel No Pain"],"picked":"SKIP","floor":1.0},{"not_picked":["Searing Blow","Sword Boomerang"],"picked":"Twin Strike","floor":3.0},{"not_picked":["Perfected Strike","Anger"],"picked":"Carnage","floor":7.0},{"not_picked":["Flex","Body Slam","Wild Strike"],"picked":"SKIP","floor":11.0},{"not_picked":["Armaments","Headbutt"],"picked":"Demon Form","floor":14.0},{"not_picked":["Berserk","Dark Embrace"],"picked":"Impervious","floor":16.0},{"not_picked":["Pummel","Clothesline","Dual Wield"],"picked":"SKIP","floor":18.0},{"not_picked":["Clothesline","Metallicize"],"picked":"Pommel Strike","floor":19.0},{"not_picked":["Sword Boomerang+1","Headbutt+1","Perfected Strike"],"picked":"SKIP","floor":20},{"not_picked":["Second Wind","Uppercut","Flex"],"picked":"SKIP","floor":22},{"not_picked":["Warcry","Reckless Charge"],"picked":"Ghostly Armor","floor":25},{"not_picked":["Ghostly Armor","Iron Wave","Flex+1"],"picked":"SKIP","floor":27},{"not_picked":["Demon Form","Warcry","Iron Wave"],"picked":"SKIP","floor":28},{"not_picked":["Dropkick+1","Bloodletting","Wild Strike"],"picked":"SKIP","floor":29},{"not_picked":["Twin Strike","Dual Wield+1","Warcry"],"picked":"SKIP","floor":31},{"not_picked":["Sword Boomerang+1","Wild Strike","Disarm"],"picked":"SKIP","floor":35},{"not_picked":["Rampage+1","Havoc+1","Sword Boomerang+1"],"picked":"SKIP","floor":38},{"not_picked":["Sentinel","Rage","Headbutt+1"],"picked":"SKIP","floor":39},{"not_picked":["Sentinel","Rage","Headbutt+1"],"picked":"SKIP","floor":39},{"not_picked":["Secret Technique","Enlightenment"],"picked":"Bandage Up","floor":42},{"not_picked":["Shockwave","True Grit","Inflame"],"picked":"Pommel Strike+1","floor":44},{"not_picked":["Cleave+1","Armaments+1","Rage","Evolve"],"picked":"SKIP","floor":45},{"not_picked":["Infernal Blade","Havoc+1","Hemokinesis+1","Body Slam+1"],"picked":"SKIP","floor":47},{"not_picked":["Rupture","Cleave+1","Second Wind","Burning Pact"],"picked":"SKIP","floor":48}],"player_experience":531385,"relics_obtained":[{"floor":7.0,"key":"Bird Faced Urn"},{"floor":9.0,"key":"Dream Catcher"},{"floor":12.0,"key":"Anchor"},{"floor":13.0,"key":"Bag of Preparation"},{"floor":24,"key":"Necronomicon"},{"floor":26,"key":"Ornamental Fan"},{"floor":31,"key":"Whetstone"},{"floor":40,"key":"Nunchaku"},{"floor":43,"key":"Question Card"},{"floor":48,"key":"Potion Belt"}],"event_choices":[{"damage_healed":0.0,"max_hp_gain":0.0,"max_hp_loss":0.0,"gold_gain":175.0,"event_name":"Liars Game","player_choice":"AGREE","floor":2.0,"gold_loss":0.0,"damage_taken":0.0,"cards_obtained":["Doubt"]},{"cards_removed":["Doubt"],"damage_healed":0.0,"max_hp_gain":0.0,"max_hp_loss":0.0,"gold_gain":0.0,"event_name":"Living Wall","player_choice":"Forget","floor":4.0,"gold_loss":0.0,"damage_taken":0.0},{"damage_healed":0.0,"max_hp_gain":0.0,"max_hp_loss":0.0,"gold_gain":0.0,"event_name":"Dead Adventurer","player_choice":"Searched \u00271\u0027 times","floor":13.0,"gold_loss":0.0,"damage_taken":0.0},{"damage_healed":0,"gold_gain":0,"player_choice":"Obtained Book","damage_taken":16,"max_hp_gain":0,"max_hp_loss":0,"event_name":"Cursed Tome","floor":24,"gold_loss":0},{"damage_healed":0,"gold_gain":0,"player_choice":"Max HP","damage_taken":0,"max_hp_gain":0,"max_hp_loss":4,"event_name":"Winding Halls","floor":36,"gold_loss":0},{"damage_healed":0,"gold_gain":0,"player_choice":"Upgraded Two","damage_taken":0,"max_hp_gain":0,"max_hp_loss":0,"event_name":"Designer","floor":37,"gold_loss":40,"cards_upgraded":["Defend_R","Impervious"]},{"damage_healed":0,"gold_gain":0,"player_choice":"Fight","damage_taken":0,"max_hp_gain":0,"max_hp_loss":0,"event_name":"MindBloom","floor":40,"gold_loss":0},{"damage_healed":0,"gold_gain":0,"player_choice":"Memory 1","damage_taken":0,"max_hp_gain":0,"max_hp_loss":0,"event_name":"SensoryStone","floor":42,"gold_loss":0}],"is_beta":false,"boss_relics":[{"not_picked":["Astrolabe","Cursed Key"],"picked":"Sozu"},{"not_picked":["Runic Cube","Velvet Choker"],"picked":"Coffee Dripper"}],"items_purged_floors":[21],"is_endless":false,"potions_floor_spawned":[13,14,16,20,27,29,31,35,39,40,45,48],"ascension_level":9}