{"gold_per_floor":[118,148,165,177,187,187,216,141,164,164,198,198,212,212],"floor_reached":14,"playtime":486,"items_purged":["Regret"],"score":200,"play_id":"4277b422-d919-4e64-9030-1d5c14d5e62b","local_time":"20190405230125","is_ascension_mode":true,"campfire_choices":[{"data":"Neutralize","floor":6,"key":"SMITH"},{"floor":10,"key":"REST"},{"data":"Well Laid Plans","floor":12,"key":"SMITH"}],"neow_cost":"NONE","seed_source_timestamp":698122758138467,"circlet_count":0,"master_deck":["AscendersBane","Defend_G","Defend_G","Defend_G","Defend_G","Defend_G","Strike_G","Strike_G","Strike_G","Strike_G","Strike_G","Survivor","Neutralize+1","Dash","Noxious Fumes","Well Laid Plans+1"],"relics":["Ring of the Snake","NeowsBlessing","Tiny Chest","Centennial Puzzle","Boot","Tingsha"],"potions_floor_usage":[5,11,11],"damage_taken":[{"damage":0,"enemies":"2 Louse","floor":1,"turns":1},{"damage":0,"enemies":"Small Slimes","floor":3,"turns":1},{"damage":0,"enemies":"Cultist","floor":4,"turns":1},{"damage":1,"enemies":"2 Fungi Beasts","floor":5,"turns":4},{"damage":51,"enemies":"Gremlin Nob","floor":7,"turns":6},{"damage":15,"enemies":"Lagavulin","floor":11,"turns":5},{"damage":7,"enemies":"Lots of Slimes","floor":13,"turns":4},{"damage":9,"enemies":"Large Slime","floor":14,"turns":2}],"seed_played":"8260106955501212657","potions_obtained":[{"floor":1,"key":"GhostInAJar"},{"floor":4,"key":"SkillPotion"},{"floor":7,"key":"Strength Potion"}],"is_trial":false,"path_per_floor":["M","?","M","M","M","R","E","$","T","R","E","R","M","M"],"character_chosen":"THE_SILENT","items_purchased":[],"campfire_rested":1,"item_purchase_floors":[],"current_hp_per_floor":[59,59,59,59,58,58,7,7,7,26,11,11,4,0],"gold":212,"neow_bonus":"THREE_ENEMY_KILL","is_prod":false,"is_daily":false,"chose_seed":false,"campfire_upgraded":2,"win_rate":0,"timestamp":1554526885,"path_taken":["M","?","M","M","M","R","E","$","T","R","E","R","M","M"],"build_version":"2019-01-23","purchased_purges":1,"victory":false,"max_hp_per_floor":[66,66,66,66,66,66,66,66,66,66,66,66,66,66],"card_choices":[{"not_picked":["Noxious Fumes","Prepared"],"picked":"Dash","floor":1},{"not_picked":["All Out Attack","Dodge and Roll","Cloak And Dagger"],"picked":"SKIP","floor":3},{"not_picked":["Slice","Masterful Stab"],"picked":"Noxious Fumes","floor":4},{"not_picked":["Acrobatics","Outmaneuver","Tactician"],"picked":"SKIP","floor":5},{"not_picked":["Dodge and Roll","Flechettes","Underhanded Strike"],"picked":"SKIP","floor":7},{"not_picked":["Tactician","Leg Sweep"],"picked":"Well Laid Plans","floor":11},{"not_picked":["Crippling Poison","Acrobatics","Sucker Punch"],"picked":"SKIP","floor":13}],"player_experience":456566,"relics_obtained":[{"floor":7,"key":"Centennial Puzzle"},{"floor":9,"key":"Boot"},{"floor":11,"key":"Tingsha"}],"event_choices":[{"damage_healed":0,"gold_gain":0,"player_choice":"Box","damage_taken":0,"relics_obtained":["Tiny Chest"],"max_hp_gain":0,"max_hp_loss":0,"event_name":"Big Fish","floor":2,"gold_loss":0,"cards_obtained":["Regret"]}],"is_beta":false,"boss_relics":[],"items_purged_floors":[8],"is_endless":false,"potions_floor_spawned":[1,4,7],"killed_by":"Large Slime","ascension_level":20}