{"gold_per_floor":[113,29,41,52,52,52,17,17,17,17,17,17,17],"floor_reached":13,"playtime":472,"items_purged":[],"score":142,"play_id":"76e8ec1b-26e7-4bbf-9b03-23685e1add70","local_time":"20190331001207","is_ascension_mode":true,"campfire_choices":[{"data":"Footwork","floor":6,"key":"SMITH"},{"data":"Neutralize","floor":8,"key":"SMITH"},{"data":"Dagger Spray","floor":11,"key":"SMITH"}],"neow_cost":"NONE","seed_source_timestamp":183976777674998,"circlet_count":0,"master_deck":["AscendersBane","Defend_G","Defend_G","Defend_G","Defend_G","Defend_G","Strike_G","Strike_G","Strike_G","Strike_G","Strike_G","Survivor+1","Neutralize+1","Cloak And Dagger","Footwork+1","Dagger Spray+1"],"relics":["Ring of the Snake","Centennial Puzzle","Meat on the Bone","Paper Crane"],"potions_floor_usage":[],"damage_taken":[{"damage":2,"enemies":"Jaw Worm","floor":1,"turns":6},{"damage":0,"enemies":"Small Slimes","floor":3,"turns":5},{"damage":4,"enemies":"2 Louse","floor":4,"turns":4},{"damage":25,"enemies":"Exordium Thugs","floor":5,"turns":10},{"damage":12,"enemies":"Gremlin Gang","floor":13,"turns":3}],"seed_played":"-7396564177410391816","potions_obtained":[{"floor":3,"key":"SteroidPotion"}],"is_trial":false,"path_per_floor":["M","$","M","M","M","R","?","R","T","?","R","?","M"],"character_chosen":"THE_SILENT","items_purchased":["Footwork"],"campfire_rested":0,"item_purchase_floors":[2],"current_hp_per_floor":[57,57,57,53,28,28,44,44,44,9,9,9,0],"gold":17,"neow_bonus":"RANDOM_COMMON_RELIC","is_prod":false,"is_daily":false,"chose_seed":false,"campfire_upgraded":3,"win_rate":0,"timestamp":1554012727,"path_taken":["M","$","M","M","M","R","?","R","T","?","R","?","M"],"build_version":"2019-01-23","purchased_purges":0,"victory":false,"max_hp_per_floor":[66,66,66,66,66,66,66,66,66,66,66,66,66],"card_choices":[{"not_picked":["Poisoned Stab","Tactician"],"picked":"Cloak And Dagger","floor":1},{"not_picked":["Deadly Poison","Leg Sweep"],"picked":"Dagger Spray","floor":3},{"not_picked":["Reflex","Deadly Poison","Flying Knee"],"picked":"SKIP","floor":4},{"not_picked":["Underhanded Strike","Slice","Calculated Gamble"],"picked":"SKIP","floor":5}],"player_experience":376472,"relics_obtained":[{"floor":9,"key":"Meat on the Bone"}],"event_choices":[{"damage_healed":16,"gold_gain":0,"player_choice":"Healed","damage_taken":0,"max_hp_gain":0,"max_hp_loss":0,"event_name":"The Cleric","floor":7,"gold_loss":35},{"damage_healed":0,"gold_gain":0,"player_choice":"Success","damage_taken":35,"relics_obtained":["Paper Crane"],"max_hp_gain":0,"max_hp_loss":0,"event_name":"Scrap Ooze","floor":10,"gold_loss":0},{"damage_healed":0,"gold_gain":0,"player_choice":"Grow","damage_taken":0,"max_hp_gain":0,"max_hp_loss":0,"event_name":"Living Wall","floor":12,"gold_loss":0,"cards_upgraded":["Survivor"]}],"is_beta":false,"boss_relics":[],"items_purged_floors":[],"is_endless":false,"potions_floor_spawned":[3,5],"killed_by":"Gremlin Gang","ascension_level":19}