{"gold_per_floor":[109,109,184,109,109,109,109,144,144,144,184,199,220,24,24,119,119,132,132,150,171,184,184,224,243,266,266,266,280,280,303,303,398,398,419,519,539,605,905,905,926,926,953,973,987,1005,656,656],"floor_reached":48,"playtime":1407,"items_purged":["Regret","Parasite"],"score":911,"play_id":"85ee5c8b-c8b2-4649-9c57-3c142b89453f","local_time":"20190427005021","is_ascension_mode":true,"campfire_choices":[{"data":"Bash","floor":6.0,"key":"SMITH"},{"data":"1","floor":10.0,"key":"LIFT"},{"data":"2","floor":15.0,"key":"LIFT"},{"data":"3","floor":23.0,"key":"LIFT"},{"floor":27.0,"key":"REST"},{"data":"Demon Form","floor":30.0,"key":"SMITH"},{"data":"Heavy Blade","floor":32.0,"key":"SMITH"},{"floor":40.0,"key":"REST"}],"neow_cost":"NONE","seed_source_timestamp":117541287627017,"circlet_count":0,"master_deck":["AscendersBane","Strike_R+1","Strike_R+1","Strike_R","Strike_R","Strike_R+1","Defend_R","Defend_R","Defend_R","Defend_R","Bash+1","Heavy Blade+1","Uppercut","Demon Form+1","Ghostly Armor","Heavy Blade","Offering"],"special_seed":0,"relics":["Burning Blood","NeowsBlessing","Lantern","Golden Idol","Paper Frog","Girya","Sundial","ClockworkSouvenir","Velvet Choker","Anchor","Bottled Tornado","Whetstone","Sozu","Mango","Red Skull","Mummified Hand"],"potions_floor_usage":[],"damage_taken":[{"damage":0.0,"enemies":"Small Slimes","floor":1.0,"turns":1.0},{"damage":0.0,"enemies":"Gremlin Nob","floor":8.0,"turns":1.0},{"damage":0.0,"enemies":"3 Sentries","floor":11.0,"turns":2.0},{"damage":3.0,"enemies":"2 Louse","floor":12.0,"turns":2.0},{"damage":7.0,"enemies":"Jaw Worm","floor":13.0,"turns":2.0},{"damage":8.0,"enemies":"Slime Boss","floor":16.0,"turns":8.0},{"damage":2.0,"enemies":"Chosen","floor":18.0,"turns":3.0},{"damage":21.0,"enemies":"2 Thieves","floor":20.0,"turns":4.0},{"damage":4.0,"enemies":"Snake Plant","floor":21.0,"turns":4.0},{"damage":27.0,"enemies":"Shelled Parasite and Fungi","floor":22.0,"turns":6.0},{"damage":14.0,"enemies":"Slavers","floor":24.0,"turns":7.0},{"damage":26.0,"enemies":"Chosen and Byrds","floor":25.0,"turns":5.0},{"damage":14.0,"enemies":"Cultist and Chosen","floor":29.0,"turns":5.0},{"damage":11.0,"enemies":"Snecko","floor":31.0,"turns":4.0},{"damage":41.0,"enemies":"Collector","floor":33.0,"turns":5.0},{"damage":20.0,"enemies":"3 Shapes","floor":35.0,"turns":3.0},{"damage":8.0,"enemies":"3 Darklings","floor":37.0,"turns":4.0},{"damage":41.0,"enemies":"2 Orb Walkers","floor":38.0,"turns":4.0},{"damage":2,"enemies":"Writhing Mass","floor":41,"turns":3},{"damage":27,"enemies":"Maw","floor":44,"turns":4},{"damage":6,"enemies":"Transient","floor":45,"turns":5},{"damage":24,"enemies":"4 Shapes","floor":46,"turns":6},{"damage":13,"enemies":"Jaw Worm Horde","floor":48,"turns":1}],"seed_played":"-4035480019865854444","potions_obtained":[{"floor":1.0,"key":"GamblersBrew"},{"floor":8.0,"key":"Energy Potion"},{"floor":13.0,"key":"Explosive Potion"},{"floor":20.0,"key":"LiquidBronze"}],"is_trial":false,"path_per_floor":["M","?","?","$","?","R","?","E","T","R","E","M","M","$","R","B",null,"M","?","M","M","M","R","E","M","T","R","?","M","R","M","R","B",null,"M","?","M","?","?","R","M","?","T","M","M","M","$","M"],"character_chosen":"IRONCLAD","items_purchased":["ClockworkSouvenir","Mummified Hand"],"campfire_rested":2,"item_purchase_floors":[14,47],"current_hp_per_floor":[78,78,67,67,67,67,67,73,73,73,74,74,73,73,73,71,73,74,74,59,61,40,40,32,12,12,34,58,50,50,45,45,10,58,44,44,42,21,21,47,51,51,51,30,30,12,12,0],"gold":656,"neow_bonus":"THREE_ENEMY_KILL","is_prod":false,"is_daily":false,"chose_seed":false,"campfire_upgraded":3,"win_rate":0,"timestamp":1556347821,"path_taken":["M","?","?","$","?","R","?","E","T","R","E","M","M","$","R","BOSS","M","?","M","?","M","R","E","M","T","R","?","M","R","M","R","BOSS","M","?","?","?","?","R","?","?","T","M","M","M","$","M"],"build_version":"2019-01-23","purchased_purges":2,"victory":false,"max_hp_per_floor":[80,80,80,80,74,74,74,74,74,74,74,74,74,74,74,74,74,74,74,74,74,74,74,74,74,74,74,74,74,74,74,74,74,74,74,74,74,88,88,88,88,88,88,88,88,88,85,85],"card_choices":[{"not_picked":["Burning Pact","Shrug It Off","Infernal Blade"],"picked":"SKIP","floor":1.0},{"not_picked":["Sentinel","Second Wind","Flex"],"picked":"SKIP","floor":8.0},{"not_picked":["Metallicize","Shrug It Off"],"picked":"Heavy Blade","floor":11.0},{"not_picked":["True Grit","Pommel Strike"],"picked":"Uppercut","floor":12.0},{"not_picked":["Anger","Infernal Blade","Pommel Strike"],"picked":"SKIP","floor":13.0},{"not_picked":["Double Tap","Barricade"],"picked":"Demon Form","floor":16.0},{"not_picked":["Cleave","Blood for Blood"],"picked":"Ghostly Armor","floor":18.0},{"not_picked":["Pommel Strike","Reckless Charge","Thunderclap"],"picked":"SKIP","floor":20.0},{"not_picked":["True Grit+1","Iron Wave+1","Shrug It Off"],"picked":"SKIP","floor":21.0},{"not_picked":["True Grit+1","Second Wind+1","Rupture"],"picked":"SKIP","floor":22.0},{"not_picked":["Headbutt","Warcry","Juggernaut"],"picked":"SKIP","floor":24.0},{"not_picked":["Armaments","Headbutt","Body Slam"],"picked":"SKIP","floor":25.0},{"not_picked":["Rage","Inflame"],"picked":"Heavy Blade","floor":29.0},{"not_picked":["Evolve","Rage","Twin Strike"],"picked":"SKIP","floor":31.0},{"not_picked":["Intimidate","Pommel Strike","Warcry+1"],"picked":"SKIP","floor":35.0},{"not_picked":["Twin Strike","Infernal Blade","Searing Blow+1"],"picked":"SKIP","floor":37.0},{"not_picked":["Body Slam","Wild Strike"],"picked":"Offering","floor":41},{"not_picked":["Metallicize","Infernal Blade","Armaments"],"picked":"SKIP","floor":44},{"not_picked":["Hemokinesis","Rupture","Seeing Red"],"picked":"SKIP","floor":45},{"not_picked":["Rampage+1","Havoc+1","Pummel+1"],"picked":"SKIP","floor":46}],"player_experience":545473,"relics_obtained":[{"floor":8.0,"key":"Paper Frog"},{"floor":9.0,"key":"Girya"},{"floor":11.0,"key":"Sundial"},{"floor":24.0,"key":"Bottled Tornado"},{"floor":26.0,"key":"Whetstone"},{"floor":38.0,"key":"Mango"},{"floor":43,"key":"Red Skull"}],"event_choices":[{"damage_healed":0.0,"max_hp_gain":0.0,"max_hp_loss":0.0,"gold_gain":0.0,"event_name":"Big Fish","player_choice":"Box","floor":2.0,"gold_loss":0.0,"damage_taken":0.0,"relics_obtained":["Lantern"],"cards_obtained":["Regret"]},{"damage_healed":0.0,"max_hp_gain":0.0,"max_hp_loss":0.0,"gold_gain":75.0,"event_name":"World of Goop","player_choice":"Gather Gold","floor":3.0,"gold_loss":0.0,"damage_taken":11.0},{"damage_healed":0.0,"max_hp_gain":0.0,"max_hp_loss":6.0,"gold_gain":0.0,"event_name":"Golden Idol","player_choice":"Lose Max HP","floor":5.0,"gold_loss":0.0,"damage_taken":0.0,"relics_obtained":["Golden Idol"]},{"damage_healed":0.0,"max_hp_gain":0.0,"max_hp_loss":0.0,"gold_gain":0.0,"event_name":"Living Wall","player_choice":"Grow","floor":7.0,"gold_loss":0.0,"damage_taken":0.0,"cards_upgraded":["Strike_R"]},{"damage_healed":0.0,"max_hp_gain":0.0,"max_hp_loss":0.0,"gold_gain":0.0,"event_name":"WeMeetAgain","player_choice":"Gave Potion","floor":19.0,"gold_loss":0.0,"damage_taken":0.0,"relics_obtained":["Anchor"]},{"damage_healed":24.0,"max_hp_gain":0.0,"max_hp_loss":0.0,"gold_gain":0.0,"event_name":"The Library","player_choice":"Heal","floor":28.0,"gold_loss":0.0,"damage_taken":0.0},{"damage_healed":0.0,"max_hp_gain":0.0,"max_hp_loss":0.0,"gold_gain":100.0,"event_name":"Golden Shrine","player_choice":"Pray","floor":36.0,"gold_loss":0.0,"damage_taken":0.0},{"damage_healed":0.0,"max_hp_gain":0.0,"max_hp_loss":0.0,"gold_gain":0.0,"event_name":"Mysterious Sphere","player_choice":"Fight","floor":38.0,"gold_loss":0.0,"damage_taken":0.0},{"damage_healed":0.0,"max_hp_gain":0.0,"max_hp_loss":0.0,"gold_gain":300.0,"event_name":"Wheel of Change","player_choice":"Gold","floor":39.0,"gold_loss":0.0,"damage_taken":0.0},{"damage_healed":0,"gold_gain":0,"player_choice":"Memory 1","damage_taken":0,"max_hp_gain":0,"max_hp_loss":0,"event_name":"SensoryStone","floor":42,"gold_loss":0}],"is_beta":false,"boss_relics":[{"not_picked":["Calling Bell","White Beast Statue"],"picked":"Velvet Choker"},{"not_picked":["Snecko Eye","Runic Dome"],"picked":"Sozu"}],"items_purged_floors":[4,47],"is_endless":false,"potions_floor_spawned":[1,8,11,13,20,21,24,29,31,37,38,44],"killed_by":"Jaw Worm Horde","ascension_level":13}