{"gold_per_floor":[118,118,142,160,180,180,209,224,250,1,1,1,11,35,35,35],"floor_reached":16,"playtime":518,"items_purged":[],"score":200,"play_id":"8384444b-e51e-4902-8c93-7caa920af3af","local_time":"20190331205856","is_ascension_mode":true,"campfire_choices":[{"data":"Bouncing Flask","floor":6,"key":"SMITH"},{"data":"A Thousand Cuts","floor":15,"key":"SMITH"}],"neow_cost":"NONE","seed_source_timestamp":258741423142268,"circlet_count":0,"master_deck":["AscendersBane","Defend_G","Defend_G","Defend_G","Defend_G","Defend_G","Strike_G","Strike_G","Strike_G","Strike_G","Strike_G","Survivor","Neutralize","Poisoned Stab","Bouncing Flask+1","Malaise","A Thousand Cuts+1"],"relics":["Ring of the Snake","NeowsBlessing","Darkstone Periapt","Snake Skull","Centennial Puzzle","Pen Nib","Oddly Smooth Stone","Odd Mushroom"],"potions_floor_usage":[7,16],"damage_taken":[{"damage":0,"enemies":"2 Louse","floor":1,"turns":1},{"damage":0,"enemies":"Jaw Worm","floor":4,"turns":1},{"damage":0,"enemies":"Cultist","floor":5,"turns":1},{"damage":8,"enemies":"Gremlin Nob","floor":7,"turns":3},{"damage":17,"enemies":"Exordium Thugs","floor":8,"turns":4},{"damage":4,"enemies":"Blue Slaver","floor":13,"turns":3},{"damage":10,"enemies":"The Mushroom Lair","floor":14,"turns":6},{"damage":24,"enemies":"Slime Boss","floor":16,"turns":8}],"seed_played":"-5268687902415841042","potions_obtained":[{"floor":4,"key":"Poison Potion"},{"floor":5,"key":"EssenceOfSteel"},{"floor":13,"key":"Fire Potion"}],"is_trial":false,"path_per_floor":["M","?","T","M","M","R","E","M","T","$","?","?","M","?","R","B"],"character_chosen":"THE_SILENT","items_purchased":["Oddly Smooth Stone","A Thousand Cuts"],"campfire_rested":0,"item_purchase_floors":[10,10],"current_hp_per_floor":[59,41,41,41,41,41,33,16,16,16,38,38,34,24,24,0],"gold":35,"neow_bonus":"THREE_ENEMY_KILL","is_prod":false,"is_daily":false,"chose_seed":false,"campfire_upgraded":2,"win_rate":0,"timestamp":1554087536,"path_taken":["M","?","?","M","?","R","E","M","T","$","?","?","M","?","R","BOSS"],"build_version":"2019-01-23","purchased_purges":0,"victory":false,"max_hp_per_floor":[66,66,66,66,66,66,66,66,66,66,66,66,66,66,66,66],"card_choices":[{"not_picked":["Accuracy","Prepared"],"picked":"Poisoned Stab","floor":1},{"not_picked":["Riddle With Holes","Quick Slash","Blade Dance"],"picked":"SKIP","floor":4},{"not_picked":["Backflip","Cloak And Dagger"],"picked":"Bouncing Flask","floor":5},{"not_picked":["Flying Knee","Choke","Acrobatics"],"picked":"SKIP","floor":7},{"not_picked":["All Out Attack","Slice"],"picked":"Malaise","floor":8},{"not_picked":["Setup","Dagger Spray","Sucker Punch"],"picked":"SKIP","floor":13}],"player_experience":394330,"relics_obtained":[{"floor":3,"key":"Snake Skull"},{"floor":7,"key":"Centennial Puzzle"},{"floor":9,"key":"Pen Nib"},{"floor":14,"key":"Odd Mushroom"}],"event_choices":[{"damage_healed":0,"gold_gain":0,"player_choice":"Success","damage_taken":18,"relics_obtained":["Darkstone Periapt"],"max_hp_gain":0,"max_hp_loss":0,"event_name":"Scrap Ooze","floor":2,"gold_loss":0},{"damage_healed":22,"gold_gain":0,"player_choice":"Banana","damage_taken":0,"max_hp_gain":0,"max_hp_loss":0,"event_name":"Big Fish","floor":11,"gold_loss":0},{"damage_healed":0,"gold_gain":0,"player_choice":"Leave","damage_taken":0,"max_hp_gain":0,"max_hp_loss":0,"event_name":"The Cleric","floor":12,"gold_loss":0},{"damage_healed":0,"gold_gain":0,"player_choice":"Fought Mushrooms","damage_taken":0,"max_hp_gain":0,"max_hp_loss":0,"event_name":"Mushrooms","floor":14,"gold_loss":0}],"is_beta":false,"boss_relics":[],"items_purged_floors":[],"is_endless":false,"potions_floor_spawned":[4,5,13],"killed_by":"Slime Boss","ascension_level":20}