{"gold_per_floor":[112,127,142,158,181,210,210,222,246,246,261,271,271,298,298,401,401,417,432,432,86,101,101,120,192,192,192],"floor_reached":27,"playtime":1046,"items_purged":[],"score":238,"play_id":"b9b8d0ed-ddf9-488c-9262-95ea1c12e4ba","local_time":"20180707121531","is_ascension_mode":true,"campfire_choices":[{"data":"Chaos","floor":7,"key":"SMITH"},{"data":"Beam Cell","floor":15,"key":"SMITH"},{"data":"Echo Form","floor":23,"key":"SMITH"}],"neow_cost":"NONE","seed_source_timestamp":23006530803723,"circlet_count":0,"master_deck":["Strike_B","Strike_B","Strike_B","Strike_B","Defend_B","Defend_B+1","Defend_B","Defend_B","Zap+1","Dualcast","Self Repair","Beam Cell+1","Genetic Algorithm+1","Melter","Chaos+1","Sweeping Beam","Redo","Streamline","Machine Learning+1","Barrage+1","Echo Form+1","Compile Driver","Hologram"],"relics":["Cracked Core","Ancient Tea Set","Anchor","War Paint","Boot","Inserter","Runic Capacitor","Toxic Egg 2","Ornamental Fan"],"potions_floor_usage":[6,14,27,27,27],"damage_taken":[{"damage":5,"enemies":"Cultist","floor":1,"turns":4},{"damage":0,"enemies":"2 Louse","floor":2,"turns":3},{"damage":6,"enemies":"Jaw Worm","floor":3,"turns":3},{"damage":5,"enemies":"Large Slime","floor":4,"turns":6},{"damage":20,"enemies":"Gremlin Nob","floor":6,"turns":4},{"damage":0,"enemies":"Gremlin Gang","floor":8,"turns":5},{"damage":3,"enemies":"Exordium Wildlife","floor":11,"turns":5},{"damage":17,"enemies":"Exordium Thugs","floor":12,"turns":4},{"damage":7,"enemies":"Lagavulin","floor":14,"turns":7},{"damage":45,"enemies":"The Guardian","floor":16,"turns":10},{"damage":11,"enemies":"Spheric Guardian","floor":18,"turns":4},{"damage":28,"enemies":"2 Thieves","floor":19,"turns":5},{"damage":19,"enemies":"Centurion and Healer","floor":22,"turns":7},{"damage":37,"enemies":"Snake Plant","floor":24,"turns":5},{"damage":23,"enemies":"Slaver and Parasite","floor":27,"turns":3}],"seed_played":"-6463245039889814775","potions_obtained":[{"floor":1,"key":"Ancient Potion"},{"floor":8,"key":"Weak Potion"},{"floor":16,"key":"SpeedPotion"},{"floor":22,"key":"Strength Potion"},{"floor":24,"key":"SkillPotion"}],"is_trial":false,"path_per_floor":["M","M","M","M","T","E","R","M","T","?","M","M","?","E","R","B",null,"M","M","?","$","M","R","M","T","T"],"character_chosen":"DEFECT","items_purchased":["Echo Form","Runic Capacitor"],"campfire_rested":0,"item_purchase_floors":[21,21],"current_hp_per_floor":[70,75,75,75,75,62,62,69,69,69,73,63,63,63,63,18,75,64,43,43,43,38,38,15,15,15,0],"gold":192,"neow_bonus":"THREE_SMALL_POTIONS","is_prod":false,"is_daily":false,"chose_seed":false,"campfire_upgraded":3,"win_rate":0,"timestamp":1530929731,"path_taken":["M","M","M","M","?","E","R","M","T","?","?","M","?","E","R","BOSS","M","M","?","$","M","R","M","?","T","M"],"build_version":"2018-07-05","purchased_purges":0,"victory":false,"max_hp_per_floor":[75,75,75,75,75,75,75,75,75,75,75,75,75,75,75,75,75,75,75,75,75,75,75,75,75,75,75],"card_choices":[{"not_picked":["Rebound","Stack"],"picked":"Self Repair","floor":1},{"not_picked":["Coolheaded","Compile Driver"],"picked":"Beam Cell","floor":2},{"not_picked":["Loop","Compile Driver"],"picked":"Genetic Algorithm","floor":3},{"not_picked":["Beam Cell","Stack"],"picked":"Melter","floor":4},{"not_picked":["Biased Cognition","Rebound"],"picked":"Chaos","floor":6},{"not_picked":["Rebound","Stack"],"picked":"Sweeping Beam","floor":8},{"not_picked":["Doom and Gloom","Rebound"],"picked":"Redo","floor":11},{"not_picked":["Redo","Turbo"],"picked":"Streamline","floor":12},{"not_picked":["Lockon","Undo","Stack"],"picked":"SKIP","floor":14},{"not_picked":["Thunder Strike","Amplify"],"picked":"Machine Learning","floor":16},{"not_picked":["Melter","Cold Snap"],"picked":"Barrage+1","floor":18},{"not_picked":["Fusion","Reinforced Body","Streamline+1"],"picked":"SKIP","floor":19},{"not_picked":["Rebound","Steam"],"picked":"Compile Driver","floor":22},{"not_picked":["Loop","Lockon"],"picked":"Hologram","floor":24}],"player_experience":86397,"relics_obtained":[{"floor":5,"key":"Ancient Tea Set"},{"floor":6,"key":"Anchor"},{"floor":9,"key":"War Paint"},{"floor":14,"key":"Boot"},{"floor":25,"key":"Toxic Egg 2"},{"floor":26,"key":"Ornamental Fan"}],"event_choices":[{"event_name":"Liars Game","player_choice":"disagreed","floor":10,"damage_taken":0},{"event_name":"Upgrade Shrine","player_choice":"Upgraded","floor":13,"damage_taken":0},{"event_name":"Upgrade Shrine","player_choice":"Upgraded","floor":20,"damage_taken":0}],"boss_relics":[{"not_picked":["Calling Bell","Velvet Choker"],"picked":"Inserter"}],"items_purged_floors":[],"is_endless":false,"potions_floor_spawned":[1,3,8,16,22,24],"killed_by":"Slaver and Parasite","ascension_level":1}