{"gold_per_floor":[109,129,204,222,222,257,64,94,94,57,77,96,162,190,190,291,291,309,320,339,359,372,372,391,423,723,215,215,215],"floor_reached":29,"playtime":1331,"items_purged":[],"score":307,"play_id":"8234116e-8895-4a91-8a6d-157d9d9a0165","local_time":"20190413190621","is_ascension_mode":true,"campfire_choices":[{"floor":15,"key":"REST"},{"floor":23,"key":"REST"}],"neow_cost":"NONE","seed_source_timestamp":29480785846314,"circlet_count":0,"master_deck":["Strike_B","Strike_B","Strike_B","Strike_B","Defend_B","Defend_B","Defend_B","Defend_B","Zap","Dualcast","Melter","Cold Snap","Conserve Battery","Chill","Apotheosis","Echo Form","Sunder+1","Cold Snap+1","Cold Snap+1","Redo","Defragment","Chaos","Conserve Battery+1","Double Energy","Ball Lightning+1","Chill","Seek","FTL+1","Gash+1","Multi-Cast","Capacitor+1"],"relics":["Cracked Core","Regal Pillow","Question Card","Ancient Tea Set","Prayer Wheel","Molten Egg 2","Bottled Tornado","Fusion Hammer","Frozen Egg 2","Old Coin","Runic Capacitor","Incense Burner","Gremlin Horn"],"potions_floor_usage":[6,25,25,25],"damage_taken":[{"damage":1,"enemies":"Jaw Worm","floor":1,"turns":3},{"damage":10,"enemies":"Small Slimes","floor":2,"turns":3},{"damage":0,"enemies":"Cultist","floor":4,"turns":3},{"damage":16,"enemies":"3 Sentries","floor":6,"turns":9},{"damage":1,"enemies":"Lagavulin","floor":8,"turns":6},{"damage":8,"enemies":"Blue Slaver","floor":11,"turns":4},{"damage":2,"enemies":"Exordium Wildlife","floor":12,"turns":2},{"damage":0,"enemies":"Gremlin Nob","floor":14,"turns":3},{"damage":28,"enemies":"The Guardian","floor":16,"turns":10},{"damage":5,"enemies":"Chosen","floor":18,"turns":4},{"damage":11,"enemies":"3 Byrds","floor":19,"turns":4},{"damage":16,"enemies":"Shelled Parasite and Fungi","floor":20,"turns":4},{"damage":0,"enemies":"Snecko","floor":21,"turns":5},{"damage":18,"enemies":"Snake Plant","floor":22,"turns":5},{"damage":0,"enemies":"Sentry and Sphere","floor":24,"turns":3},{"damage":23,"enemies":"Gremlin Leader","floor":25,"turns":8},{"damage":39,"enemies":"Slavers","floor":29,"turns":2}],"seed_played":"-5513072161080064249","potions_obtained":[{"floor":1,"key":"GamblersBrew"},{"floor":12,"key":"Fire Potion"},{"floor":14,"key":"SneckoOil"},{"floor":16,"key":"Strength Potion"},{"floor":20,"key":"Strength Potion"}],"is_trial":false,"path_per_floor":["M","M","?","M","?","E","$","E","T","$","M","M","?","E","R","B",null,"M","M","M","M","M","R","M","E","T","$","?","E"],"character_chosen":"DEFECT","items_purchased":["Apotheosis","Sunder+1","Runic Capacitor","Incense Burner"],"campfire_rested":2,"item_purchase_floors":[7,10,27,27],"current_hp_per_floor":[74,64,53,53,46,30,30,29,29,29,21,19,19,19,56,28,75,70,59,43,43,25,62,62,39,39,39,39,0],"gold":215,"neow_bonus":"RANDOM_COMMON_RELIC","is_prod":false,"is_daily":false,"chose_seed":false,"campfire_upgraded":0,"win_rate":0,"timestamp":1555146381,"path_taken":["M","M","?","M","?","E","?","E","T","$","?","M","?","E","R","BOSS","M","M","M","M","M","R","M","E","T","$","?","E"],"build_version":"2019-01-23","purchased_purges":0,"victory":false,"max_hp_per_floor":[75,75,75,75,75,75,75,75,75,75,75,75,75,75,75,75,75,75,75,75,75,75,75,75,75,75,75,75,75],"card_choices":[{"not_picked":["Streamline","Barrage"],"picked":"Melter","floor":1},{"not_picked":["Beam Cell","Melter"],"picked":"Cold Snap","floor":2},{"not_picked":["Turbo","Buffer"],"picked":"Conserve Battery","floor":4},{"not_picked":["Beam Cell","Core Surge","Coolheaded"],"picked":"Chill","floor":6},{"not_picked":["Skim","Turbo","Hologram"],"picked":"Echo Form","floor":8},{"not_picked":["Lockon+1","Genetic Algorithm","Hello World"],"picked":"Cold Snap+1","floor":11},{"not_picked":["Sweeping Beam+1","Stack","Conserve Battery"],"picked":"Cold Snap+1","floor":11},{"not_picked":["Sweeping Beam+1","Gash+1","Storm"],"picked":"Redo","floor":12},{"not_picked":["Core Surge+1","BootSequence","Redo"],"picked":"Defragment","floor":12},{"not_picked":["Steam Power","Redo","Conserve Battery"],"picked":"Chaos","floor":14},{"not_picked":["Turbo","Gash+1","Streamline+1"],"picked":"Conserve Battery+1","floor":18},{"not_picked":["Turbo","Fusion","Rebound+1"],"picked":"Double Energy","floor":18},{"not_picked":["Cold Snap+1","Sunder+1","Conserve Battery"],"picked":"Ball Lightning+1","floor":19},{"not_picked":["Heatsinks+1","Darkness","Redo"],"picked":"Chill","floor":19},{"not_picked":["Aggregate","Beam Cell+1","Leap"],"picked":"Seek","floor":20},{"not_picked":["Loop","Turbo+1","Consume","Conserve Battery"],"picked":"SKIP","floor":20},{"not_picked":["Self Repair+1","Barrage+1","Hologram"],"picked":"FTL+1","floor":21},{"not_picked":["Coolheaded","Stack","Doom and Gloom+1","Recycle"],"picked":"SKIP","floor":21},{"not_picked":["Recycle+1","Darkness","Beam Cell+1"],"picked":"Gash+1","floor":22},{"not_picked":["Streamline+1","Redo","Consume","Beam Cell+1"],"picked":"SKIP","floor":22},{"not_picked":["Hologram","Go for the Eyes+1","Ball Lightning+1"],"picked":"Multi-Cast","floor":24},{"not_picked":["Rip and Tear+1","Cold Snap+1","Glacier","Hologram+1"],"picked":"SKIP","floor":24},{"not_picked":["Sunder+1","Streamline+1","All For One+1"],"picked":"Capacitor","floor":25}],"player_experience":122039,"relics_obtained":[{"floor":6,"key":"Ancient Tea Set"},{"floor":8,"key":"Prayer Wheel"},{"floor":9,"key":"Molten Egg 2"},{"floor":14,"key":"Bottled Tornado"},{"floor":25,"key":"Frozen Egg 2"},{"floor":26,"key":"Old Coin"}],"event_choices":[{"damage_healed":0,"gold_gain":75,"player_choice":"Gather Gold","damage_taken":11,"max_hp_gain":0,"max_hp_loss":0,"event_name":"World of Goop","floor":3,"gold_loss":0},{"damage_healed":0,"gold_gain":0,"player_choice":"Success","damage_taken":7,"relics_obtained":["Question Card"],"max_hp_gain":0,"max_hp_loss":0,"event_name":"Scrap Ooze","floor":5,"gold_loss":0},{"damage_healed":0,"gold_gain":66,"player_choice":"Gained Gold","damage_taken":0,"max_hp_gain":0,"max_hp_loss":0,"event_name":"Golden Wing","floor":13,"gold_loss":0},{"damage_healed":0,"gold_gain":0,"player_choice":"Opened","damage_taken":0,"relics_obtained":["Gremlin Horn"],"max_hp_gain":0,"max_hp_loss":0,"event_name":"The Mausoleum","floor":28,"gold_loss":0}],"is_beta":false,"boss_relics":[{"not_picked":["Sozu","Tiny House"],"picked":"Fusion Hammer"}],"items_purged_floors":[],"is_endless":false,"potions_floor_spawned":[1,12,14,16,20,21,22],"killed_by":"Slavers","ascension_level":1}