{"gold_per_floor":[110,128,53,72,222,222,222,250,298,373,281,281,304,39,39,112,112,123,141,152,152,67,67,77,77,77,102,102,102],"floor_reached":29,"playtime":799,"items_purged":[],"score":454,"play_id":"db23125e-2ecd-4c34-8cb5-a9c989687522","local_time":"20190525095903","is_ascension_mode":true,"campfire_choices":[{"data":"Iron Wave","floor":6.0,"key":"SMITH"},{"data":"Demon Form","floor":12.0,"key":"SMITH"},{"floor":15.0,"key":"REST"},{"data":"Disarm","floor":23,"key":"SMITH"},{"data":"Shrug It Off","floor":25,"key":"SMITH"},{"data":"Bash","floor":28,"key":"SMITH"}],"neow_cost":"NONE","seed_source_timestamp":31306286785056,"circlet_count":0,"master_deck":["AscendersBane","Strike_R+1","Strike_R+1","Strike_R+1","Strike_R+1","Strike_R+1","Defend_R+1","Defend_R+1","Defend_R+1","Bash+1","Iron Wave+1","Demon Form+1","Shrug It Off+1","Disarm+1"],"special_seed":0,"relics":["Burning Blood","Juzu Bracelet","Oddly Smooth Stone","Anchor","Bronze Scales","Odd Mushroom","Self Forming Clay","Coffee Dripper","Matryoshka","Vajra","Pantograph","Ginger"],"potions_floor_usage":[24,27,29],"damage_taken":[{"damage":1.0,"enemies":"Cultist","floor":1.0,"turns":3.0},{"damage":8.0,"enemies":"2 Louse","floor":2.0,"turns":3.0},{"damage":11.0,"enemies":"Jaw Worm","floor":4.0,"turns":5.0},{"damage":28.0,"enemies":"3 Sentries","floor":8.0,"turns":9.0},{"damage":17.0,"enemies":"The Mushroom Lair","floor":13.0,"turns":4.0},{"damage":28.0,"enemies":"Hexaghost","floor":16.0,"turns":7.0},{"damage":5,"enemies":"3 Byrds","floor":18,"turns":3},{"damage":9,"enemies":"Shell Parasite","floor":19,"turns":7},{"damage":45,"enemies":"Cultist and Chosen","floor":20,"turns":8},{"damage":4,"enemies":"Snake Plant","floor":24,"turns":4},{"damage":6,"enemies":"Book of Stabbing","floor":27,"turns":5},{"damage":29,"enemies":"Slavers","floor":29,"turns":3}],"seed_played":"-6538589692392194019","potions_obtained":[{"floor":1.0,"key":"AttackPotion"},{"floor":4.0,"key":"SkillPotion"},{"floor":19,"key":"SpeedPotion"},{"floor":20,"key":"Swift Potion"},{"floor":24,"key":"Weak Potion"}],"is_trial":false,"path_per_floor":["M","M","?","M","?","R","?","E","T","?","?","R","?","$","R","B",null,"M","M","M","?","?","R","M","R","T","E","R","E"],"character_chosen":"IRONCLAD","items_purchased":["Self Forming Clay"],"campfire_rested":1,"item_purchase_floors":[14],"current_hp_per_floor":[73,71,71,66,66,66,66,44,44,33,33,33,22,22,44,22,62,63,60,21,21,21,21,23,23,23,23,23,0],"gold":102,"neow_bonus":"RANDOM_COMMON_RELIC","is_prod":false,"is_daily":false,"chose_seed":false,"campfire_upgraded":5,"win_rate":0,"timestamp":1558799943,"path_taken":["M","M","?","M","?","R","?","E","T","?","?","R","?","$","R","BOSS","M","M","M","?","?","R","M","R","T","E","R","E"],"build_version":"2019-01-23","purchased_purges":0,"victory":false,"max_hp_per_floor":[75,75,75,75,75,75,75,75,75,75,75,75,75,75,75,75,75,75,75,75,75,75,75,75,75,75,75,75,75],"card_choices":[{"not_picked":["Twin Strike","Anger","Body Slam"],"picked":"SKIP","floor":1.0},{"not_picked":["Metallicize","Sentinel"],"picked":"Iron Wave","floor":2.0},{"not_picked":["Dark Embrace","Shockwave","Clothesline"],"picked":"SKIP","floor":4.0},{"not_picked":["Anger","Immolate"],"picked":"Demon Form","floor":8.0},{"not_picked":["Rampage","Havoc"],"picked":"Shrug It Off","floor":18},{"not_picked":["Seeing Red","Thunderclap","Headbutt"],"picked":"SKIP","floor":19},{"not_picked":["Shockwave","Second Wind"],"picked":"Disarm","floor":20},{"not_picked":["Sentinel+1","Pummel","Dual Wield"],"picked":"SKIP","floor":24},{"not_picked":["Headbutt","Flex","Spot Weakness"],"picked":"SKIP","floor":27}],"player_experience":605644,"relics_obtained":[{"floor":8.0,"key":"Oddly Smooth Stone"},{"floor":9.0,"key":"Anchor"},{"floor":13.0,"key":"Odd Mushroom"},{"floor":26,"key":"Vajra"},{"floor":26,"key":"Pantograph"},{"floor":27,"key":"Ginger"}],"event_choices":[{"cards_removed":["Defend_R"],"damage_healed":0.0,"max_hp_gain":0.0,"max_hp_loss":0.0,"gold_gain":0.0,"event_name":"The Cleric","player_choice":"Card Removal","floor":3.0,"gold_loss":75.0,"damage_taken":0.0},{"damage_healed":0.0,"max_hp_gain":0.0,"max_hp_loss":0.0,"gold_gain":150.0,"event_name":"Liars Game","player_choice":"AGREE","floor":5.0,"gold_loss":0.0,"damage_taken":0.0,"cards_obtained":["Doubt"]},{"cards_removed":["Doubt"],"damage_healed":0.0,"max_hp_gain":0.0,"max_hp_loss":0.0,"gold_gain":0.0,"event_name":"Purifier","player_choice":"Purged","floor":7.0,"gold_loss":0.0,"damage_taken":0.0},{"damage_healed":0.0,"max_hp_gain":0.0,"max_hp_loss":0.0,"gold_gain":75.0,"event_name":"World of Goop","player_choice":"Gather Gold","floor":10.0,"gold_loss":0.0,"damage_taken":11.0},{"damage_healed":0.0,"max_hp_gain":0.0,"max_hp_loss":0.0,"gold_gain":0.0,"event_name":"WeMeetAgain","player_choice":"Paid Gold","floor":11.0,"gold_loss":92.0,"damage_taken":0.0,"relics_obtained":["Bronze Scales"]},{"damage_healed":0.0,"max_hp_gain":0.0,"max_hp_loss":0.0,"gold_gain":0.0,"event_name":"Mushrooms","player_choice":"Fought Mushrooms","floor":13.0,"gold_loss":0.0,"damage_taken":0.0},{"damage_healed":0,"gold_gain":0,"player_choice":"Simplicity","damage_taken":0,"max_hp_gain":0,"max_hp_loss":0,"event_name":"Back to Basics","floor":21,"gold_loss":0,"cards_upgraded":["Strike_R","Strike_R","Strike_R","Strike_R","Strike_R","Defend_R","Defend_R","Defend_R"]},{"damage_healed":0,"gold_gain":0,"player_choice":"Obtained Relic","damage_taken":0,"relics_obtained":["Matryoshka"],"max_hp_gain":0,"max_hp_loss":0,"event_name":"Addict","floor":22,"gold_loss":85}],"is_beta":false,"boss_relics":[{"not_picked":["Lizard Tail","Velvet Choker"],"picked":"Coffee Dripper"}],"items_purged_floors":[],"is_endless":false,"potions_floor_spawned":[1,4,19,20,24],"killed_by":"Slavers","ascension_level":18}