{"gold_per_floor":[118,42,42,5,5,5,40,40,40,97,97,130,130,143,143,247,247,262,187,187,287,287,312,53,72,129,148,166,166,178,189,189,288,288,306,352,404,420,420,420,420,27,53,53,63,63,81,81,81,81],"floor_reached":51,"playtime":1866,"items_purged":["Defend_R","Strike_R"],"score":1011,"play_id":"01ee28bd-e424-4897-a59e-003299d19fac","local_time":"20190422210522","is_ascension_mode":true,"campfire_choices":[{"data":"Rampage","floor":6.0,"key":"SMITH"},{"data":"Cleave","floor":8.0,"key":"SMITH"},{"data":"Pommel Strike","floor":11.0,"key":"SMITH"},{"data":"Ghostly Armor","floor":13.0,"key":"SMITH"},{"data":"Bash","floor":15.0,"key":"SMITH"},{"data":"Defend_R","floor":32.0,"key":"SMITH"},{"data":"Metallicize","floor":40,"key":"SMITH"},{"data":"Ghostly Armor","floor":41,"key":"SMITH"},{"data":"Defend_R","floor":46,"key":"SMITH"},{"data":"Strike_R","floor":49,"key":"SMITH"}],"neow_cost":"NONE","seed_source_timestamp":771454107503309,"circlet_count":0,"master_deck":["Strike_R+1","Strike_R","Defend_R+1","Defend_R+1","Bash+1","Cleave+1","Uppercut+1","Rampage+1","Ghostly Armor+1","Pommel Strike+1","Necronomicurse","Heavy Blade+1","Ghostly Armor+1","Metallicize+1"],"special_seed":0,"relics":["Burning Blood","Oddly Smooth Stone","The Courier","Question Card","Meat on the Bone","Thread and Needle","Singing Bowl","Sozu","Unceasing Top","Mummified Hand","Kunai","WingedGreaves","Mercury Hourglass","Tiny Chest","Necronomicon","Mark of Pain","FossilizedHelix","Art of War","Bronze Scales","Sundial","Happy Flower"],"potions_floor_usage":[],"damage_taken":[{"damage":0.0,"enemies":"Cultist","floor":1.0,"turns":3.0},{"damage":45.0,"enemies":"Lagavulin","floor":7.0,"turns":6.0},{"damage":13.0,"enemies":"Gremlin Nob","floor":10.0,"turns":4.0},{"damage":1.0,"enemies":"Gremlin Nob","floor":12.0,"turns":4.0},{"damage":0.0,"enemies":"2 Louse","floor":14.0,"turns":3.0},{"damage":18.0,"enemies":"The Guardian","floor":16.0,"turns":12.0},{"damage":2.0,"enemies":"Shell Parasite","floor":18.0,"turns":4.0},{"damage":14.0,"enemies":"Colosseum Slavers","floor":21.0,"turns":4.0},{"damage":22.0,"enemies":"Colosseum Nobs","floor":21.0,"turns":4.0},{"damage":50.0,"enemies":"Slavers","floor":23.0,"turns":9.0},{"damage":11.0,"enemies":"3 Byrds","floor":25.0,"turns":4.0},{"damage":5.0,"enemies":"Cultist and Chosen","floor":27.0,"turns":4.0},{"damage":0.0,"enemies":"3 Cultists","floor":28.0,"turns":4.0},{"damage":3.0,"enemies":"Snecko","floor":30.0,"turns":3.0},{"damage":1.0,"enemies":"Chosen and Byrds","floor":31.0,"turns":3.0},{"damage":62.0,"enemies":"Automaton","floor":33.0,"turns":9.0},{"damage":9.0,"enemies":"3 Shapes","floor":35.0,"turns":5.0},{"damage":59,"enemies":"2 Orb Walkers","floor":36,"turns":6},{"damage":0,"enemies":"3 Darklings","floor":38,"turns":5},{"damage":12,"enemies":"Jaw Worm Horde","floor":45,"turns":4},{"damage":0,"enemies":"Maw","floor":47,"turns":6},{"damage":31,"enemies":"Time Eater","floor":50,"turns":10}],"seed_played":"8489658964197496796","potions_obtained":[{"floor":7.0,"key":"EssenceOfSteel"},{"floor":10.0,"key":"EssenceOfSteel"}],"is_trial":false,"path_per_floor":["M","$","?","$","?","R","E","R","T","?","R","E","R","M","R","B",null,"M","?","?","?","T","E","$","M","T","M","M","?","M","M","R","B",null,"M","?","T","M","?","R","R","$","T","?","M","R","M","?","R","B",null],"character_chosen":"IRONCLAD","items_purchased":["Uppercut","Rampage","Mercury Hourglass","Bronze Scales","Sundial"],"campfire_rested":0,"item_purchase_floors":[2,4,24,42,42],"current_hp_per_floor":[78,78,78,78,66,66,27,27,27,32,32,51,51,59,59,61,80,86,86,88,66,66,36,36,45,45,60,68,52,67,74,74,32,85,82,43,43,61,63,63,63,63,63,63,71,71,79,79,79,66],"gold":81,"neow_bonus":"RANDOM_COMMON_RELIC","is_prod":false,"is_daily":false,"chose_seed":false,"campfire_upgraded":10,"win_rate":0,"timestamp":1555988722,"path_taken":["M","?","?","$","?","R","E","R","T","?","R","E","R","M","R","BOSS","M","?","?","?","?","E","$","M","T","M","M","?","M","?","R","BOSS","M","?","?","?","?","R","R","$","T","?","?","R","M","?","R","BOSS"],"build_version":"2019-01-23","purchased_purges":2,"victory":true,"max_hp_per_floor":[80,80,80,80,80,80,80,80,80,80,80,82,82,84,84,86,86,88,88,88,90,90,92,92,94,94,96,98,98,98,100,100,102,102,102,104,104,104,106,106,106,106,106,106,108,108,110,110,110,110],"card_choices":[{"not_picked":["Anger","Warcry"],"picked":"Cleave","floor":1.0},{"not_picked":["Flex","Body Slam"],"picked":"Ghostly Armor","floor":7.0},{"not_picked":["Thunderclap","Clothesline","Cleave"],"picked":"Pommel Strike","floor":10.0},{"not_picked":["Havoc","Bloodletting","Sword Boomerang","Reckless Charge"],"picked":"Singing Bowl","floor":12.0},{"not_picked":["Headbutt","Uppercut","Perfected Strike","Pummel"],"picked":"Singing Bowl","floor":14.0},{"not_picked":["Dark Embrace","Feed","Reaper","Fiend Fire"],"picked":"Singing Bowl","floor":16.0},{"not_picked":["Warcry+1","Headbutt","Cleave","Thunderclap"],"picked":"Singing Bowl","floor":18.0},{"not_picked":["Infernal Blade","True Grit","Headbutt","Twin Strike"],"picked":"Singing Bowl","floor":21.0},{"not_picked":["Reckless Charge","Battle Trance","Demon Form","Clothesline+1"],"picked":"Singing Bowl","floor":23.0},{"not_picked":["Battle Trance","Flex","Perfected Strike","Iron Wave"],"picked":"Singing Bowl","floor":25.0},{"not_picked":["Wild Strike+1","Rage+1","Clothesline","Evolve"],"picked":"Singing Bowl","floor":27.0},{"not_picked":["True Grit+1","Warcry","Anger","Body Slam"],"picked":"Singing Bowl","floor":28.0},{"not_picked":["Thunderclap+1","Brutality","Pommel Strike"],"picked":"Heavy Blade+1","floor":30.0},{"not_picked":["Spot Weakness+1","Sword Boomerang+1","Iron Wave+1","Wild Strike"],"picked":"Singing Bowl","floor":31.0},{"not_picked":["Brutality","Feed","Reaper","Exhume"],"picked":"Singing Bowl","floor":33.0},{"not_picked":["Feel No Pain","Shockwave","Pommel Strike"],"picked":"Ghostly Armor","floor":35.0},{"not_picked":["Cleave","Flex","Wild Strike+1","Rupture"],"picked":"Singing Bowl","floor":36},{"not_picked":["Anger","Pummel","Perfected Strike"],"picked":"Metallicize","floor":38},{"not_picked":["Panacea","Jack Of All Trades","Panache","Blind"],"picked":"Singing Bowl","floor":39},{"not_picked":["Inflame+1","Havoc+1","Entrench+1","Anger+1"],"picked":"Singing Bowl","floor":45},{"not_picked":["Feel No Pain","Searing Blow","Clothesline","True Grit"],"picked":"Singing Bowl","floor":47}],"player_experience":519078,"relics_obtained":[{"floor":7.0,"key":"Question Card"},{"floor":9.0,"key":"Meat on the Bone"},{"floor":12.0,"key":"Singing Bowl"},{"floor":21.0,"key":"Unceasing Top"},{"floor":21.0,"key":"Mummified Hand"},{"floor":22.0,"key":"Kunai"},{"floor":23.0,"key":"WingedGreaves"},{"floor":26.0,"key":"Tiny Chest"},{"floor":29.0,"key":"Necronomicon"},{"floor":36,"key":"FossilizedHelix"},{"floor":37,"key":"Art of War"},{"floor":43,"key":"Happy Flower"}],"event_choices":[{"damage_healed":0.0,"max_hp_gain":0.0,"max_hp_loss":0.0,"gold_gain":0.0,"event_name":"Living Wall","player_choice":"Grow","floor":3.0,"gold_loss":0.0,"damage_taken":0.0,"cards_upgraded":["Uppercut"]},{"damage_healed":0.0,"max_hp_gain":0.0,"max_hp_loss":0.0,"gold_gain":0.0,"event_name":"Scrap Ooze","player_choice":"Success","floor":5.0,"gold_loss":0.0,"damage_taken":12.0,"relics_obtained":["The Courier"]},{"damage_healed":0.0,"max_hp_gain":0.0,"max_hp_loss":0.0,"gold_gain":0.0,"event_name":"Dead Adventurer","player_choice":"Searched \u00272\u0027 times","floor":10.0,"gold_loss":0.0,"damage_taken":0.0,"relics_obtained":["Thread and Needle"]},{"cards_removed":["Strike_R"],"damage_healed":0.0,"max_hp_gain":0.0,"max_hp_loss":0.0,"gold_gain":0.0,"event_name":"Beggar","player_choice":"Gave Gold","floor":19.0,"gold_loss":75.0,"damage_taken":0.0},{"damage_healed":29.0,"max_hp_gain":0.0,"max_hp_loss":0.0,"gold_gain":0.0,"event_name":"The Library","player_choice":"Heal","floor":20.0,"gold_loss":0.0,"damage_taken":0.0},{"damage_healed":0.0,"max_hp_gain":0.0,"max_hp_loss":0.0,"gold_gain":0.0,"event_name":"Colosseum","player_choice":"Fight","floor":21.0,"gold_loss":0.0,"damage_taken":0.0},{"damage_healed":0.0,"max_hp_gain":0.0,"max_hp_loss":0.0,"gold_gain":0.0,"event_name":"Colosseum","player_choice":"Fought Nobs","floor":21.0,"gold_loss":0.0,"damage_taken":0.0},{"damage_healed":0.0,"max_hp_gain":0.0,"max_hp_loss":0.0,"gold_gain":0.0,"event_name":"Cursed Tome","player_choice":"Obtained Book","floor":29.0,"gold_loss":0.0,"damage_taken":16.0},{"damage_healed":0,"gold_gain":0,"player_choice":"Fight","damage_taken":0,"max_hp_gain":0,"max_hp_loss":0,"event_name":"Mysterious Sphere","floor":36,"gold_loss":0},{"damage_healed":0,"gold_gain":0,"player_choice":"Memory 1","damage_taken":0,"max_hp_gain":0,"max_hp_loss":0,"event_name":"SensoryStone","floor":39,"gold_loss":0},{"cards_removed":["Defend_R"],"damage_healed":0,"gold_gain":0,"player_choice":"Offered Basic","damage_taken":0,"max_hp_gain":0,"max_hp_loss":0,"event_name":"Bonfire Elementals","floor":44,"gold_loss":0},{"cards_removed":["Strike_R"],"damage_healed":0,"gold_gain":0,"player_choice":"Removed Attack","damage_taken":0,"max_hp_gain":0,"max_hp_loss":0,"event_name":"Falling","floor":48,"gold_loss":0}],"is_beta":false,"boss_relics":[{"not_picked":["Pandora\u0027s Box","Eternal Feather"],"picked":"Sozu"},{"not_picked":["Black Blood","Runic Dome"],"picked":"Mark of Pain"}],"items_purged_floors":[24,42],"is_endless":false,"potions_floor_spawned":[7,10,23,25,28,31,35,38],"ascension_level":7}