{"path_per_floor":["M","$","?","?","$","R","M","M","T","R","M","M","?","E","R","B",null,"M","?","M","M","?","R","?"],"character_chosen":"IRONCLAD","items_purchased":[],"gold_per_floor":[119,44,44,44,44,44,62,76,102,102,114,132,132,170,170,295,295,314,464,487,502,502,502,502,502],"floor_reached":25,"campfire_rested":0,"playtime":701,"item_purchase_floors":[],"current_hp_per_floor":[80,80,80,85,85,85,85,85,85,85,85,79,79,50,50,8,79,70,70,46,13,39,39,39,0],"items_purged":["Strike_R"],"gold":502,"score":231,"play_id":"78c80f03-b584-4d99-a94f-b5133272c44e","local_time":"20180609151825","is_prod":false,"is_daily":false,"chose_seed":false,"is_ascension_mode":true,"campfire_upgraded":4,"win_rate":0,"timestamp":1528521505,"campfire_choices":[{"data":"Headbutt","floor":6,"key":"SMITH"},{"data":"Inflame","floor":10,"key":"SMITH"},{"data":"Armaments","floor":15,"key":"SMITH"},{"data":"Barricade","floor":23,"key":"SMITH"}],"path_taken":["M","$","?","?","?","R","M","M","T","R","M","?","?","E","R","BOSS","M","?","?","M","?","R","?","E"],"build_version":"2018-06-07v3","seed_source_timestamp":13862729653512,"purchased_purges":1,"victory":false,"master_deck":["Strike_R+1","Strike_R+1","Strike_R+1","Defend_R+1","Defend_R+1","Defend_R+1","Defend_R+1","Bash","Headbutt+1","Twin Strike","Inflame+1","Armaments+1","Pommel Strike","Barricade+1","Flex+1","Heavy Blade"],"max_hp_per_floor":[80,80,80,85,85,85,85,85,85,85,85,85,79,79,79,79,79,79,79,79,79,79,79,79,79],"relics":["Burning Blood","Bag of Marbles","Golden Idol","Regal Pillow","Velvet Choker"],"card_choices":[{"not_picked":["Rampage","Clothesline"],"picked":"Headbutt","floor":1},{"not_picked":["Thunderclap","Clash"],"picked":"Twin Strike","floor":7},{"not_picked":["Dual Wield","Shrug It Off"],"picked":"Inflame","floor":8},{"not_picked":["Fire Breathing","Reckless Charge","Havoc"],"picked":"SKIP","floor":11},{"not_picked":["Twin Strike","Body Slam"],"picked":"Armaments","floor":12},{"not_picked":["Body Slam","Thunderclap"],"picked":"Pommel Strike","floor":14},{"not_picked":["Dark Embrace","Bludgeon"],"picked":"Barricade","floor":16},{"not_picked":["Havoc+1","Pummel"],"picked":"Flex+1","floor":18},{"not_picked":["Carnage","Burning Pact"],"picked":"Heavy Blade","floor":20},{"not_picked":["Headbutt","Evolve+1","Reckless Charge+1"],"picked":"SKIP","floor":21}],"player_experience":108413,"potions_floor_usage":[14,14,16,25],"damage_taken":[{"damage":2,"enemies":"2 Louse","floor":1,"turns":3},{"damage":1,"enemies":"Cultist","floor":7,"turns":3},{"damage":2,"enemies":"Small Slimes","floor":8,"turns":3},{"damage":6,"enemies":"Looter","floor":11,"turns":2},{"damage":12,"enemies":"Large Slime","floor":12,"turns":2},{"damage":35,"enemies":"Lagavulin","floor":14,"turns":6},{"damage":48,"enemies":"The Guardian","floor":16,"turns":10},{"damage":15,"enemies":"Chosen","floor":18,"turns":4},{"damage":30,"enemies":"3 Byrds","floor":20,"turns":6},{"damage":54,"enemies":"Sentry and Sphere","floor":21,"turns":6},{"damage":41,"enemies":"Book of Stabbing","floor":25,"turns":5}],"relics_obtained":[{"floor":9,"key":"Bag of Marbles"},{"floor":14,"key":"Regal Pillow"}],"event_choices":[{"event_name":"Purifier","player_choice":"One Purge","floor":3,"damage_taken":0},{"event_name":"Big Fish","player_choice":"Donut","floor":4,"damage_taken":0},{"event_name":"Golden Idol","player_choice":"Lose Max HP","floor":13,"damage_taken":0},{"event_name":"Nest","player_choice":"Stole From Cult","floor":19,"damage_taken":0},{"event_name":"The Library","player_choice":"Heal","floor":22,"damage_taken":0},{"event_name":"Back to Basics","player_choice":"Simplicity","floor":24,"damage_taken":0}],"boss_relics":[{"not_picked":["Runic Dome","Orrery"],"picked":"Velvet Choker"}],"items_purged_floors":[2],"potions_floor_spawned":[1,7,12,16,21],"seed_played":"8861990879176179369","killed_by":"Book of Stabbing","ascension_level":3,"potions_obtained":[{"floor":1,"key":"PowerPotion"},{"floor":7,"key":"Fire Potion"},{"floor":12,"key":"SteroidPotion"},{"floor":16,"key":"FairyPotion"},{"floor":21,"key":"SteroidPotion"}],"is_trial":false}