{"gold_per_floor":[110,75,75,85,104,104,134,134,181,181,210,210,35,48,48,151,151,163,163,163,11,25,58,58,58,58,58,58,70,70,169,169,270,270,286,296,92,103,103,103,103,103,126,146,146,246,266,126,126,126],"floor_reached":51,"playtime":2484,"items_purged":["Strike_B","Defend_B"],"score":1040,"play_id":"e6259e79-82d6-40bc-80e0-76e7d37f86e0","local_time":"20190526205334","is_ascension_mode":true,"campfire_choices":[{"data":"Defragment","floor":6.0,"key":"SMITH"},{"data":"Dualcast","floor":8.0,"key":"SMITH"},{"data":"Zap","floor":12.0,"key":"SMITH"},{"data":"Coolheaded","floor":15.0,"key":"SMITH"},{"floor":25.0,"key":"REST"},{"floor":28.0,"key":"REST"},{"data":"Defragment","floor":32.0,"key":"SMITH"},{"data":"Creative AI","floor":40.0,"key":"SMITH"},{"data":"Buffer","floor":42.0,"key":"SMITH"},{"floor":45.0,"key":"REST"},{"data":"Capacitor","floor":49.0,"key":"SMITH"}],"neow_cost":"NONE","seed_source_timestamp":3441137441941660,"circlet_count":0,"master_deck":["AscendersBane","Strike_B","Defend_B","Defend_B","Defend_B","Zap+1","Dualcast+1","Defragment+1","Zap+1","Go for the Eyes","Ball Lightning","Coolheaded+1","Leap","Buffer+1","Steam","Defragment+1","Gash","Conserve Battery","Chill+1","Conserve Battery","Creative AI+1","Parasite","Electrodynamics","Capacitor+1"],"special_seed":0,"relics":["Cracked Core","Juzu Bracelet","Ancient Tea Set","Happy Flower","Orrery","Bronze Scales","Bird Faced Urn","Mummified Hand","MutagenicStrength","Busted Crown","DataDisk","Anchor","Unceasing Top"],"potions_floor_usage":[50,50],"damage_taken":[{"damage":13.0,"enemies":"Jaw Worm","floor":1.0,"turns":4.0},{"damage":10.0,"enemies":"2 Louse","floor":4.0,"turns":2.0},{"damage":0.0,"enemies":"Cultist","floor":5.0,"turns":4.0},{"damage":15.0,"enemies":"Gremlin Nob","floor":7.0,"turns":3.0},{"damage":11.0,"enemies":"Lagavulin","floor":11.0,"turns":5.0},{"damage":0.0,"enemies":"Looter","floor":14.0,"turns":2.0},{"damage":12.0,"enemies":"Hexaghost","floor":16.0,"turns":8.0},{"damage":9.0,"enemies":"Chosen","floor":18.0,"turns":5.0},{"damage":2.0,"enemies":"3 Byrds","floor":22.0,"turns":3.0},{"damage":45.0,"enemies":"Book of Stabbing","floor":23.0,"turns":6.0},{"damage":8.0,"enemies":"3 Cultists","floor":29.0,"turns":5.0},{"damage":59.0,"enemies":"Automaton","floor":33.0,"turns":12.0},{"damage":25.0,"enemies":"3 Darklings","floor":35.0,"turns":7.0},{"damage":9.0,"enemies":"Orb Walker","floor":36.0,"turns":5.0},{"damage":13.0,"enemies":"Writhing Mass","floor":38.0,"turns":7.0},{"damage":17.0,"enemies":"Transient","floor":44.0,"turns":5.0},{"damage":13.0,"enemies":"Mind Bloom Boss Battle","floor":46.0,"turns":8.0},{"damage":34.0,"enemies":"Sphere and 2 Shapes","floor":47.0,"turns":7.0},{"damage":68,"enemies":"Awakened One","floor":50,"turns":10}],"seed_played":"8339966713104690996","potions_obtained":[{"floor":1.0,"key":"Swift Potion"},{"floor":7.0,"key":"SteroidPotion"},{"floor":14.0,"key":"Ancient Potion"},{"floor":16.0,"key":"FocusPotion"},{"floor":18.0,"key":"Fire Potion"},{"floor":29.0,"key":"PowerPotion"},{"floor":44.0,"key":"EntropicBrew"},{"floor":47.0,"key":"PowerPotion"}],"is_trial":false,"path_per_floor":["M","?","?","M","M","R","E","R","T","?","E","R","$","M","R","B",null,"M","?","?","$","M","E","?","R","T","?","R","M","?","?","R","B",null,"M","M","$","M","?","R","?","R","T","M","R","?","M","$","R","B",null],"character_chosen":"DEFECT","items_purchased":["Leap","Block Potion","Bronze Scales","DataDisk","Fire Potion","Capacitor"],"campfire_rested":3,"item_purchase_floors":[13,13,21,37,37,48],"current_hp_per_floor":[55,73,73,63,63,63,48,48,48,53,42,42,42,42,42,30,68,59,59,59,59,57,12,12,36,36,36,60,58,58,58,58,7,62,47,44,44,49,49,49,49,49,49,46,70,77,56,56,56,42],"gold":126,"neow_bonus":"UPGRADE_CARD","is_prod":false,"is_daily":false,"chose_seed":false,"campfire_upgraded":8,"win_rate":0,"timestamp":1558918414,"path_taken":["M","?","?","?","M","R","E","R","T","?","E","R","$","M","R","BOSS","M","?","?","$","M","E","?","R","T","?","R","M","?","?","R","BOSS","M","M","$","M","?","R","?","R","T","M","R","?","M","$","R","BOSS"],"build_version":"2019-01-23","purchased_purges":2,"victory":true,"max_hp_per_floor":[75,75,75,75,75,75,75,75,75,80,80,80,80,80,80,80,80,80,80,80,80,80,80,80,80,80,80,80,80,80,80,80,80,80,80,80,80,80,80,80,80,80,80,80,80,80,80,80,80,80],"card_choices":[{"not_picked":["Stack","Gash"],"picked":"Defragment","floor":1.0},{"not_picked":["Compile Driver","Redo"],"picked":"Go for the Eyes","floor":4.0},{"not_picked":["Static Discharge","Cold Snap"],"picked":"Ball Lightning","floor":5.0},{"not_picked":["Static Discharge","Blizzard"],"picked":"Coolheaded","floor":7.0},{"not_picked":["Go for the Eyes","Turbo","Chaos"],"picked":"SKIP","floor":11.0},{"not_picked":["Genetic Algorithm","Leap"],"picked":"Sweeping Beam","floor":14.0},{"not_picked":["Amplify","Seek"],"picked":"Buffer","floor":16.0},{"not_picked":["Fusion","Lockon"],"picked":"Steam","floor":17.0},{"not_picked":["Compile Driver","Scrape"],"picked":"Defragment","floor":17.0},{"not_picked":["Steam","Sunder"],"picked":"Gash","floor":17.0},{"not_picked":["Double Energy","Buffer","FTL"],"picked":"SKIP","floor":18.0},{"not_picked":["Streamline","Coolheaded","Go for the Eyes"],"picked":"SKIP","floor":22.0},{"not_picked":["Genetic Algorithm","Turbo"],"picked":"Chill+1","floor":23.0},{"not_picked":["Tempest","Beam Cell","Darkness"],"picked":"SKIP","floor":29.0},{"not_picked":["Seek","Amplify"],"picked":"Creative AI","floor":33.0},{"not_picked":["Streamline+1"],"picked":"SKIP","floor":35.0},{"not_picked":["Sunder"],"picked":"SKIP","floor":36.0},{"not_picked":["Go for the Eyes"],"picked":"SKIP","floor":38.0},{"not_picked":["Stack"],"picked":"SKIP","floor":44.0},{"not_picked":[],"picked":"Electrodynamics","floor":47.0}],"player_experience":155035,"relics_obtained":[{"floor":7.0,"key":"Juzu Bracelet"},{"floor":9.0,"key":"Ancient Tea Set"},{"floor":11.0,"key":"Happy Flower"},{"floor":23.0,"key":"Bird Faced Urn"},{"floor":26.0,"key":"Mummified Hand"},{"floor":43.0,"key":"Anchor"},{"floor":46.0,"key":"Unceasing Top"}],"event_choices":[{"damage_healed":18.0,"max_hp_gain":0.0,"max_hp_loss":0.0,"gold_gain":0.0,"event_name":"The Cleric","player_choice":"Healed","floor":2.0,"gold_loss":35.0,"damage_taken":0.0},{"damage_healed":0.0,"max_hp_gain":0.0,"max_hp_loss":0.0,"gold_gain":0.0,"event_name":"Match and Keep!","player_choice":"1 cards matched","floor":3.0,"gold_loss":0.0,"damage_taken":0.0,"cards_obtained":["Zap"]},{"damage_healed":0.0,"max_hp_gain":5.0,"max_hp_loss":0.0,"gold_gain":0.0,"event_name":"Big Fish","player_choice":"Donut","floor":10.0,"gold_loss":0.0,"damage_taken":0.0},{"damage_healed":0.0,"max_hp_gain":0.0,"max_hp_loss":0.0,"gold_gain":0.0,"event_name":"The Library","player_choice":"Read","floor":19.0,"gold_loss":0.0,"damage_taken":0.0,"cards_obtained":["Conserve Battery"]},{"cards_removed":["Strike_B"],"damage_healed":0.0,"max_hp_gain":0.0,"max_hp_loss":0.0,"gold_gain":0.0,"event_name":"Purifier","player_choice":"Purged","floor":20.0,"gold_loss":0.0,"damage_taken":0.0},{"damage_healed":0.0,"max_hp_gain":0.0,"max_hp_loss":0.0,"gold_gain":0.0,"cards_transformed":["Strike_B"],"event_name":"Transmorgrifier","player_choice":"Transformed","floor":27.0,"gold_loss":0.0,"damage_taken":0.0,"cards_obtained":["Conserve Battery"]},{"damage_healed":0.0,"max_hp_gain":0.0,"max_hp_loss":0.0,"gold_gain":0.0,"event_name":"Drug Dealer","player_choice":"Inject Mutagens","floor":30.0,"gold_loss":0.0,"damage_taken":0.0,"relics_obtained":["MutagenicStrength"]},{"damage_healed":0.0,"max_hp_gain":0.0,"max_hp_loss":0.0,"gold_gain":99.0,"event_name":"Nest","player_choice":"Stole From Cult","floor":31.0,"gold_loss":0.0,"damage_taken":0.0},{"damage_healed":0.0,"max_hp_gain":0.0,"max_hp_loss":0.0,"gold_gain":0.0,"event_name":"SensoryStone","player_choice":"Memory 1","floor":39.0,"gold_loss":0.0,"damage_taken":0.0},{"cards_removed":["Sweeping Beam"],"damage_healed":0.0,"max_hp_gain":0.0,"max_hp_loss":0.0,"gold_gain":0.0,"event_name":"Falling","player_choice":"Removed Attack","floor":41.0,"gold_loss":0.0,"damage_taken":0.0},{"damage_healed":0.0,"max_hp_gain":0.0,"max_hp_loss":0.0,"gold_gain":0.0,"event_name":"MindBloom","player_choice":"Fight","floor":46.0,"gold_loss":0.0,"damage_taken":0.0}],"is_beta":false,"boss_relics":[{"not_picked":["White Beast Statue","Lizard Tail"],"picked":"Orrery"},{"not_picked":["Astrolabe","Snecko Eye"],"picked":"Busted Crown"}],"items_purged_floors":[13,48],"is_endless":false,"potions_floor_spawned":[1,7,14,16,18,29,44,47],"ascension_level":12}