{"path_per_floor":["M","M","?","?","M","E","M","$","T","R","E","R","$","M","R","B",null,"M","M","?","M","M","E","R","M","T","R","E","?","$","E","R","B",null,"M","?","?","M","$","E","?","R","T","M","?","$","R","M","R","B"],"character_chosen":"IRONCLAD","items_purchased":["Gremlin Horn","Vajra","Inflame"],"gold_per_floor":[111,126,126,126,145,170,188,113,113,113,140,140,40,60,60,156,156,169,182,182,199,218,252,252,270,270,270,299,299,57,88,88,191,191,208,208,0,12,12,42,397,397,423,435,435,73,73,84,84,84],"floor_reached":51,"campfire_rested":1,"playtime":3242,"item_purchase_floors":[30,46,46],"current_hp_per_floor":[77,80,80,77,80,73,76,76,76,76,80,80,80,80,80,41,80,77,80,80,79,80,76,76,80,80,80,50,50,50,44,68,53,80,72,64,64,73,73,59,67,67,67,69,80,80,80,80,80,46],"items_purged":["Strike_R","Strike_R","Defend_R"],"gold":84,"score":743,"play_id":"b0d44bef-c33b-4169-804c-63804c255432","local_time":"20180601133636","is_prod":false,"is_daily":false,"chose_seed":false,"is_ascension_mode":false,"campfire_upgraded":8,"win_rate":0,"timestamp":1527824196,"campfire_choices":[{"data":"Pommel Strike","floor":10,"key":"SMITH"},{"data":"Headbutt","floor":12,"key":"SMITH"},{"data":"Iron Wave","floor":15,"key":"SMITH"},{"data":"Limit Break","floor":24,"key":"SMITH"},{"data":"Cleave","floor":27,"key":"SMITH"},{"floor":32,"key":"REST"},{"data":"Barricade","floor":42,"key":"SMITH"},{"data":"Inflame","floor":47,"key":"SMITH"},{"data":"Strike_R","floor":49,"key":"SMITH"}],"path_taken":["M","M","?","?","M","E","?","?","T","R","E","R","$","M","R","BOSS","M","?","?","M","M","E","R","?","T","R","E","?","$","E","R","BOSS","M","?","?","?","$","E","?","R","T","M","?","$","R","M","R","BOSS"],"build_version":"2018-05-30v2","seed_source_timestamp":13072866175316,"purchased_purges":3,"victory":true,"master_deck":["Strike_R","Strike_R","Strike_R+1","Defend_R","Defend_R","Defend_R","Bash+1","Iron Wave+1","Pommel Strike+1","Headbutt+1","Limit Break+1","Cleave+1","Shrug It Off+1","Spot Weakness+1","Barricade+1","Iron Wave+1","Inflame+1"],"max_hp_per_floor":[80,80,80,80,80,80,80,80,80,80,80,80,80,80,80,80,80,80,80,80,80,80,80,80,80,80,80,80,80,80,80,80,80,80,80,80,80,80,80,80,80,80,80,80,80,80,80,80,80,80],"relics":["Burning Blood","Bronze Scales","Thread and Needle","Shuriken","Magic Flower","Velvet Choker","Red Skull","Bottled Flame","Lantern","Gremlin Horn","Omamori","Sozu","Red Mask","Juzu Bracelet","Old Coin","Potion Belt","Vajra"],"card_choices":[{"not_picked":["Battle Trance","Perfected Strike","Intimidate"],"picked":"SKIP","floor":1},{"not_picked":["Perfected Strike","Entrench","Flame Barrier"],"picked":"SKIP","floor":2},{"not_picked":["Perfected Strike","Pummel"],"picked":"Iron Wave","floor":5},{"not_picked":["Anger","Clash"],"picked":"Pommel Strike","floor":6},{"not_picked":["Thunderclap","Entrench","Pommel Strike"],"picked":"SKIP","floor":7},{"not_picked":["True Grit","Anger"],"picked":"Headbutt","floor":11},{"not_picked":["Armaments","Power Through","Havoc"],"picked":"SKIP","floor":14},{"not_picked":["Berserk","Offering"],"picked":"Limit Break","floor":16},{"not_picked":["Dropkick","Warcry","True Grit"],"picked":"SKIP","floor":18},{"not_picked":["Clothesline","True Grit+1"],"picked":"Cleave","floor":19},{"not_picked":["Warcry+1","Sword Boomerang+1","Uppercut+1"],"picked":"SKIP","floor":21},{"not_picked":["Flex+1","Fire Breathing+1","Dropkick"],"picked":"SKIP","floor":22},{"not_picked":["Blood for Blood+1","Battle Trance+1","Body Slam+1"],"picked":"SKIP","floor":23},{"not_picked":["Sword Boomerang","Thunderclap","Searing Blow"],"picked":"SKIP","floor":25},{"not_picked":["Anger+1","Barricade"],"picked":"Shrug It Off","floor":28},{"not_picked":["Rampage","Second Wind+1"],"picked":"Spot Weakness+1","floor":31},{"not_picked":["Juggernaut","Dark Embrace"],"picked":"Barricade","floor":33},{"not_picked":["Feel No Pain+1","Clothesline+1","Flex"],"picked":"SKIP","floor":35},{"not_picked":["Power Through+1","Feel No Pain"],"picked":"Iron Wave+1","floor":38},{"not_picked":["Flame Barrier+1","Sword Boomerang","Havoc+1"],"picked":"SKIP","floor":40},{"not_picked":["Rage+1","Anger","Metallicize"],"picked":"SKIP","floor":44},{"not_picked":["True Grit+1","Warcry","Iron Wave+1"],"picked":"SKIP","floor":48}],"player_experience":35546,"potions_floor_usage":[6,6,6,23,33,33,33,50],"damage_taken":[{"damage":9,"enemies":"Jaw Worm","floor":1,"turns":4},{"damage":1,"enemies":"Cultist","floor":2,"turns":3},{"damage":1,"enemies":"2 Louse","floor":5,"turns":3},{"damage":13,"enemies":"Lagavulin","floor":6,"turns":5},{"damage":3,"enemies":"2 Fungi Beasts","floor":7,"turns":3},{"damage":1,"enemies":"Gremlin Nob","floor":11,"turns":4},{"damage":0,"enemies":"Exordium Thugs","floor":14,"turns":4},{"damage":48,"enemies":"The Guardian","floor":16,"turns":9},{"damage":12,"enemies":"2 Thieves","floor":18,"turns":4},{"damage":0,"enemies":"Shell Parasite","floor":19,"turns":4},{"damage":10,"enemies":"Cultist and Chosen","floor":21,"turns":5},{"damage":2,"enemies":"Centurion and Healer","floor":22,"turns":4},{"damage":13,"enemies":"Book of Stabbing","floor":23,"turns":6},{"damage":0,"enemies":"Chosen and Byrds","floor":25,"turns":4},{"damage":39,"enemies":"Slavers","floor":28,"turns":6},{"damage":15,"enemies":"Gremlin Leader","floor":31,"turns":5},{"damage":24,"enemies":"Collector","floor":33,"turns":6},{"damage":17,"enemies":"3 Darklings","floor":35,"turns":4},{"damage":0,"enemies":"Orb Walker","floor":38,"turns":3},{"damage":23,"enemies":"Nemesis","floor":40,"turns":5},{"damage":1,"enemies":"Mysterious Sphere","floor":41,"turns":3},{"damage":7,"enemies":"3 Darklings","floor":44,"turns":3},{"damage":4,"enemies":"4 Shapes","floor":48,"turns":3},{"damage":43,"enemies":"Time Eater","floor":50,"turns":6}],"relics_obtained":[{"floor":6,"key":"Thread and Needle"},{"floor":9,"key":"Shuriken"},{"floor":11,"key":"Magic Flower"},{"floor":23,"key":"Red Skull"},{"floor":26,"key":"Bottled Flame"},{"floor":28,"key":"Lantern"},{"floor":31,"key":"Omamori"},{"floor":40,"key":"Juzu Bracelet"},{"floor":41,"key":"Old Coin"},{"floor":43,"key":"Potion Belt"}],"event_choices":[{"event_name":"The Lab","player_choice":"Got Potions","floor":3,"damage_taken":0},{"event_name":"Scrap Ooze","player_choice":"success","floor":4,"damage_taken":3},{"event_name":"Ghosts","player_choice":"Ignored","floor":20,"damage_taken":0},{"event_name":"Accursed Blacksmith","player_choice":"Forge","floor":29,"damage_taken":0},{"event_name":"Wheel of Change","player_choice":"Damage","floor":36,"damage_taken":0},{"event_name":"Tomb of Lord Red Mask","player_choice":"Paid","floor":37,"damage_taken":0},{"event_name":"Mysterious Sphere","player_choice":"Fight","floor":41,"damage_taken":0},{"event_name":"Winding Halls","player_choice":"Writhe","floor":45,"damage_taken":0}],"boss_relics":[{"not_picked":["Runic Dome","Astrolabe"],"picked":"Velvet Choker"},{"not_picked":["Lizard Tail","White Beast Statue"],"picked":"Sozu"}],"items_purged_floors":[8,13,46],"potions_floor_spawned":[1,5,6,11,19,21,28,31,33,38,41],"seed_played":"-8850129271693084513","ascension_level":0,"potions_obtained":[{"floor":1,"key":"GamblersBrew"},{"floor":3,"key":"PowerPotion"},{"floor":3,"key":"SteroidPotion"},{"floor":3,"key":"EntropicBrew"},{"floor":6,"key":"Weak Potion"},{"floor":21,"key":"Dexterity Potion"},{"floor":28,"key":"Strength Potion"},{"floor":31,"key":"AttackPotion"},{"floor":33,"key":"Ancient Potion"}],"is_trial":false}