{"gold_per_floor":[114,114,134,150,6,35,35,35,35,35,46,46,79,79,79,156,156,168,168,187,201,201,233,233,245,318,318,337,352,752,752,752,827,877,897,421,438,451,467,467,467],"floor_reached":41,"playtime":4383,"items_purged":["Zap"],"score":723,"play_id":"71725878-4bbc-497c-a3aa-6c4ff0231f56","local_time":"20190425110639","is_ascension_mode":true,"campfire_choices":[{"data":"Genetic Algorithm","floor":8.0,"key":"SMITH"},{"data":"Multi-Cast","floor":10.0,"key":"SMITH"},{"data":"Conserve Battery","floor":12.0,"key":"SMITH"},{"floor":15.0,"key":"REST"},{"data":"Double Energy","floor":24.0,"key":"SMITH"},{"floor":27.0,"key":"REST"},{"floor":32.0,"key":"REST"},{"data":"Electrodynamics","floor":40.0,"key":"SMITH"}],"neow_cost":"TEN_PERCENT_HP_LOSS","seed_source_timestamp":0,"circlet_count":0,"master_deck":["AscendersBane","Defend_B","Defend_B","Defend_B","Defend_B","Dualcast","Static Discharge+1","Turbo","Coolheaded","Reboot","Genetic Algorithm+1","Capacitor","Tempest","Multi-Cast+1","Conserve Battery+1","Ball Lightning","Electrodynamics+1","Conserve Battery+1","Blizzard+1","Steam","Force Field","Double Energy+1","Steam+1","Steam","Glacier+1","Reboot","Reboot","Consume","Hologram+1"],"special_seed":0,"relics":["Cracked Core","Prayer Wheel","Bird Faced Urn","Dead Branch","Runic Pyramid","Matryoshka","Pen Nib","Meat on the Bone","Nloth\u0027s Gift","Tiny House","Bottled Tornado"],"potions_floor_usage":[],"damage_taken":[{"damage":0.0,"enemies":"Small Slimes","floor":1.0,"turns":3.0},{"damage":0.0,"enemies":"Cultist","floor":3.0,"turns":4.0},{"damage":1.0,"enemies":"2 Louse","floor":4.0,"turns":2.0},{"damage":25.0,"enemies":"3 Sentries","floor":6.0,"turns":6.0},{"damage":6.0,"enemies":"Looter","floor":11.0,"turns":2.0},{"damage":18.0,"enemies":"Lagavulin","floor":13.0,"turns":6.0},{"damage":17.0,"enemies":"Hexaghost","floor":16.0,"turns":9.0},{"damage":2.0,"enemies":"3 Byrds","floor":18.0,"turns":2.0},{"damage":13.0,"enemies":"2 Thieves","floor":20.0,"turns":3.0},{"damage":8.0,"enemies":"Snecko","floor":21.0,"turns":5.0},{"damage":28.0,"enemies":"Book of Stabbing","floor":23.0,"turns":6.0},{"damage":19.0,"enemies":"Snake Plant","floor":25.0,"turns":2.0},{"damage":2.0,"enemies":"3 Cultists","floor":28.0,"turns":4.0},{"damage":3.0,"enemies":"Centurion and Healer","floor":29.0,"turns":6.0},{"damage":21.0,"enemies":"Colosseum Slavers","floor":30.0,"turns":5.0},{"damage":26.0,"enemies":"Colosseum Nobs","floor":30.0,"turns":6.0},{"damage":1.0,"enemies":"Champ","floor":33.0,"turns":12.0},{"damage":63.0,"enemies":"3 Shapes","floor":35.0,"turns":3.0},{"damage":0.0,"enemies":"Orb Walker","floor":37.0,"turns":5.0},{"damage":26.0,"enemies":"Transient","floor":38.0,"turns":5.0},{"damage":16.0,"enemies":"Sphere and 2 Shapes","floor":39.0,"turns":4.0},{"damage":56,"enemies":"Giant Head","floor":41,"turns":9}],"seed_played":"224416507942271389","potions_obtained":[{"floor":3.0,"key":"SpeedPotion"},{"floor":6.0,"key":"Ancient Potion"},{"floor":28.0,"key":"FocusPotion"},{"floor":30.0,"key":"GamblersBrew"},{"floor":34.0,"key":"Dexterity Potion"},{"floor":35.0,"key":"Strength Potion"},{"floor":39.0,"key":"FocusPotion"}],"is_trial":false,"path_per_floor":["M","?","M","M","$","E","$","R","T","R","M","R","E","?","R","B",null,"M","?","M","M","?","E","R","M","T","R","M","M","?","?","R","B",null,"M","$","M","M","M","R","E"],"character_chosen":"DEFECT","items_purchased":["Capacitor","Tempest","Bottled Tornado","Reboot"],"campfire_rested":3,"item_purchase_floors":[5,5,36,36],"current_hp_per_floor":[68,68,68,67,67,42,42,42,42,42,36,36,22,15,35,22,57,57,57,48,46,46,24,24,7,7,27,31,36,7,7,27,48,68,23,23,39,27,27,27,0],"gold":467,"neow_bonus":"TRANSFORM_TWO_CARDS","is_prod":false,"is_daily":false,"chose_seed":false,"campfire_upgraded":5,"win_rate":0,"timestamp":1556211999,"path_taken":["M","?","M","?","$","E","$","R","T","R","M","R","E","?","R","BOSS","M","?","?","M","?","E","R","M","T","R","M","M","?","?","R","BOSS","M","$","M","?","M","R","E"],"build_version":"2019-01-23","purchased_purges":1,"victory":false,"max_hp_per_floor":[68,68,68,68,68,68,68,68,68,68,68,68,68,68,68,68,68,68,68,68,68,68,68,68,68,68,68,68,68,68,68,68,68,73,73,73,73,73,73,73,73],"card_choices":[{"not_picked":["Sweeping Beam","Leap"],"picked":"Coolheaded","floor":1.0},{"not_picked":["Conserve Battery","Redo"],"picked":"Reboot","floor":3.0},{"not_picked":["Barrage","Sweeping Beam"],"picked":"Genetic Algorithm","floor":4.0},{"not_picked":["Lockon","Coolheaded"],"picked":"Multi-Cast","floor":6.0},{"not_picked":["Tempest","Rip and Tear"],"picked":"Conserve Battery","floor":11.0},{"not_picked":["FTL","Double Energy","Rebound"],"picked":"SKIP","floor":11.0},{"not_picked":["FTL","Beam Cell"],"picked":"Ball Lightning","floor":13.0},{"not_picked":["Fission","Hyperbeam"],"picked":"Electrodynamics","floor":16.0},{"not_picked":["Cold Snap","Reprogram"],"picked":"Conserve Battery+1","floor":18.0},{"not_picked":["Redo","Ball Lightning","Fusion"],"picked":"SKIP","floor":18.0},{"not_picked":["Gash","Heatsinks"],"picked":"Steam","floor":20.0},{"not_picked":["Coolheaded","Hologram","Sweeping Beam"],"picked":"SKIP","floor":20.0},{"not_picked":["Go for the Eyes","White Noise"],"picked":"Force Field","floor":21.0},{"not_picked":["Steam","Streamline","Conserve Battery"],"picked":"SKIP","floor":21.0},{"not_picked":["Redo","Meteor Strike"],"picked":"Double Energy","floor":23.0},{"not_picked":["Turbo","Chaos"],"picked":"Steam+1","floor":25.0},{"not_picked":["Gash","Melter","Barrage"],"picked":"SKIP","floor":25.0},{"not_picked":["Skim+1","Coolheaded"],"picked":"Steam","floor":28.0},{"not_picked":["Steam","Stack","Barrage"],"picked":"SKIP","floor":28.0},{"not_picked":["Turbo","Hologram"],"picked":"Glacier+1","floor":29.0},{"not_picked":["Hello World","Hyperbeam","Barrage"],"picked":"SKIP","floor":29.0},{"not_picked":["Thunder Strike","Rainbow"],"picked":"Reboot","floor":33.0},{"not_picked":["Sweeping Beam","Stack","Turbo"],"picked":"SKIP","floor":35.0},{"not_picked":["Gash","Scrape","Compile Driver"],"picked":"SKIP","floor":35.0},{"not_picked":["Conserve Battery","Redo"],"picked":"Consume","floor":37.0},{"not_picked":["Hologram+1","Heatsinks","Core Surge"],"picked":"SKIP","floor":37.0},{"not_picked":["Turbo","Compile Driver+1"],"picked":"Hologram+1","floor":38.0},{"not_picked":["Heatsinks","Cold Snap","Blizzard+1"],"picked":"SKIP","floor":38.0},{"not_picked":["Ball Lightning","Meteor Strike","Gash+1"],"picked":"SKIP","floor":39.0},{"not_picked":["Chaos","Reprogram","Sweeping Beam"],"picked":"SKIP","floor":39.0}],"player_experience":666553,"relics_obtained":[{"floor":6.0,"key":"Prayer Wheel"},{"floor":9.0,"key":"Bird Faced Urn"},{"floor":13.0,"key":"Dead Branch"},{"floor":23.0,"key":"Matryoshka"},{"floor":26.0,"key":"Pen Nib"},{"floor":30.0,"key":"Old Coin"},{"floor":30.0,"key":"Meat on the Bone"}],"event_choices":[{"damage_healed":0.0,"max_hp_gain":0.0,"max_hp_loss":0.0,"gold_gain":0.0,"event_name":"Upgrade Shrine","player_choice":"Upgraded","floor":2.0,"gold_loss":0.0,"damage_taken":0.0,"cards_upgraded":["Static Discharge"]},{"cards_removed":["Strike_B"],"damage_healed":0.0,"max_hp_gain":0.0,"max_hp_loss":0.0,"gold_gain":0.0,"event_name":"Golden Wing","player_choice":"Card Removal","floor":14.0,"gold_loss":0.0,"damage_taken":7.0},{"damage_healed":0.0,"max_hp_gain":0.0,"max_hp_loss":0.0,"gold_gain":0.0,"cards_transformed":["Strike_B"],"event_name":"Transmorgrifier","player_choice":"Transformed","floor":19.0,"gold_loss":0.0,"damage_taken":0.0,"cards_obtained":["Blizzard"]},{"damage_healed":0.0,"max_hp_gain":0.0,"max_hp_loss":0.0,"gold_gain":0.0,"event_name":"Vampires","player_choice":"Ignored","floor":22.0,"gold_loss":0.0,"damage_taken":0.0},{"damage_healed":0.0,"max_hp_gain":0.0,"max_hp_loss":0.0,"gold_gain":0.0,"event_name":"Colosseum","player_choice":"Fight","floor":30.0,"gold_loss":0.0,"damage_taken":0.0},{"damage_healed":0.0,"max_hp_gain":0.0,"max_hp_loss":0.0,"gold_gain":0.0,"event_name":"Colosseum","player_choice":"Fought Nobs","floor":30.0,"gold_loss":0.0,"damage_taken":0.0},{"damage_healed":0.0,"max_hp_gain":0.0,"max_hp_loss":0.0,"gold_gain":0.0,"event_name":"N\u0027loth","player_choice":"Traded Relic","floor":31.0,"relics_lost":["Old Coin"],"gold_loss":0.0,"damage_taken":0.0,"relics_obtained":["Nloth\u0027s Gift"]}],"is_beta":false,"boss_relics":[{"not_picked":["Astrolabe","Empty Cage"],"picked":"Runic Pyramid"},{"not_picked":["Orrery","Calling Bell"],"picked":"Tiny House"}],"items_purged_floors":[36],"is_endless":false,"potions_floor_spawned":[3,6,11,18,21,23,28,30,35,39],"killed_by":"Giant Head","ascension_level":13}