{"gold_per_floor":[119,139,155,155,174,174,10,38,93,93,8,8],"floor_reached":12,"playtime":482,"items_purged":[],"score":156,"play_id":"f6952fd3-ff04-4c9e-9e4d-5d03000c168b","local_time":"20190403002453","is_ascension_mode":true,"campfire_choices":[{"data":"Wraith Form v2","floor":6,"key":"SMITH"},{"floor":10,"key":"REST"}],"neow_cost":"NONE","seed_source_timestamp":443934168472465,"circlet_count":0,"master_deck":["AscendersBane","Defend_G","Defend_G","Defend_G","Defend_G","Defend_G","Strike_G","Strike_G","Strike_G","Strike_G","Survivor","Neutralize","Poisoned Stab","Dagger Spray","Crippling Poison","Wraith Form v2+1","Predator","Well Laid Plans"],"relics":["WristBlade","Lantern","Omamori","Tiny Chest"],"potions_floor_usage":[8,12],"damage_taken":[{"damage":8,"enemies":"Small Slimes","floor":1,"turns":4},{"damage":3,"enemies":"Cultist","floor":2,"turns":4},{"damage":0,"enemies":"Jaw Worm","floor":3,"turns":4},{"damage":24,"enemies":"Exordium Wildlife","floor":5,"turns":8},{"damage":17,"enemies":"Lagavulin","floor":8,"turns":8},{"damage":26,"enemies":"3 Sentries","floor":12,"turns":8}],"seed_played":"-7427082980580459646","potions_obtained":[{"floor":1,"key":"FearPotion"},{"floor":5,"key":"Energy Potion"}],"is_trial":false,"path_per_floor":["M","M","M","?","M","R","$","E","T","R","$","E"],"character_chosen":"THE_SILENT","items_purchased":["Lantern","Well Laid Plans"],"campfire_rested":1,"item_purchase_floors":[7,11],"current_hp_per_floor":[51,48,48,48,24,24,24,7,7,26,26,0],"gold":8,"neow_bonus":"BOSS_RELIC","is_prod":false,"is_daily":false,"chose_seed":false,"campfire_upgraded":1,"win_rate":0,"timestamp":1554272693,"path_taken":["M","M","M","?","M","R","$","E","T","R","?","E"],"build_version":"2019-01-23","purchased_purges":0,"victory":false,"max_hp_per_floor":[66,66,66,66,66,66,66,66,66,66,66,66],"card_choices":[{"not_picked":["Predator","Sucker Punch"],"picked":"Poisoned Stab","floor":1},{"not_picked":["Outmaneuver","Dagger Throw"],"picked":"Dagger Spray","floor":2},{"not_picked":["Sucker Punch","Expertise"],"picked":"Crippling Poison","floor":3},{"not_picked":["Flechettes","Dodge and Roll"],"picked":"Predator","floor":5},{"not_picked":["Accuracy","Night Terror","Acrobatics"],"picked":"SKIP","floor":8}],"player_experience":428295,"relics_obtained":[{"floor":8,"key":"Omamori"},{"floor":9,"key":"Tiny Chest"}],"event_choices":[{"damage_healed":0,"gold_gain":0,"cards_transformed":["Strike_G"],"player_choice":"Transformed","damage_taken":0,"max_hp_gain":0,"max_hp_loss":0,"event_name":"Transmorgrifier","floor":4,"gold_loss":0,"cards_obtained":["Wraith Form v2"]}],"is_beta":false,"boss_relics":[],"items_purged_floors":[],"is_endless":false,"potions_floor_spawned":[1,5],"killed_by":"3 Sentries","ascension_level":20}