{"gold_per_floor":[114,126,137,148,323,323,352,352,352,352,352],"floor_reached":11,"playtime":462,"items_purged":[],"score":95,"play_id":"83c4883a-b389-4149-885b-7f1c5d6c8c86","local_time":"20190422171914","is_ascension_mode":true,"campfire_choices":[{"data":"Flex","floor":6,"key":"SMITH"},{"data":"Shrug It Off","floor":8,"key":"SMITH"},{"data":"Bash","floor":10,"key":"SMITH"}],"neow_cost":"NONE","seed_source_timestamp":759608073218906,"circlet_count":0,"master_deck":["Strike_R","Strike_R","Strike_R","Strike_R","Strike_R","Defend_R","Defend_R","Defend_R","Defend_R","Bash+1","Shrug It Off+1","Flex+1","Doubt"],"special_seed":0,"relics":["Burning Blood","Orichalcum","Ornamental Fan","Unceasing Top"],"potions_floor_usage":[],"damage_taken":[{"damage":6,"enemies":"Jaw Worm","floor":1,"turns":2},{"damage":2,"enemies":"2 Louse","floor":2,"turns":2},{"damage":0,"enemies":"Cultist","floor":3,"turns":3},{"damage":23,"enemies":"Lots of Slimes","floor":4,"turns":6},{"damage":43,"enemies":"3 Sentries","floor":7,"turns":14},{"damage":33,"enemies":"Gremlin Nob","floor":11,"turns":4}],"seed_played":"-3315954938085052056","potions_obtained":[{"floor":2,"key":"FearPotion"}],"is_trial":false,"path_per_floor":["M","M","M","M","?","R","E","R","T","R","E"],"character_chosen":"IRONCLAD","items_purchased":[],"campfire_rested":0,"item_purchase_floors":[],"current_hp_per_floor":[72,76,80,63,63,63,26,26,26,26,0],"gold":352,"neow_bonus":"RANDOM_COMMON_RELIC","is_prod":false,"is_daily":false,"chose_seed":false,"campfire_upgraded":3,"win_rate":0,"timestamp":1555975154,"path_taken":["M","M","M","M","?","R","E","R","T","R","E"],"build_version":"2019-01-23","purchased_purges":0,"victory":false,"max_hp_per_floor":[80,80,80,80,80,80,80,80,80,80,80],"card_choices":[{"not_picked":["Wild Strike","Sentinel","Infernal Blade"],"picked":"SKIP","floor":1},{"not_picked":["Havoc","Iron Wave"],"picked":"Shrug It Off","floor":2},{"not_picked":["Thunderclap","Evolve"],"picked":"Flex","floor":3},{"not_picked":["Sentinel","Perfected Strike","Shrug It Off"],"picked":"SKIP","floor":4},{"not_picked":["Second Wind","Shrug It Off","Sever Soul"],"picked":"SKIP","floor":7}],"player_experience":508407,"relics_obtained":[{"floor":7,"key":"Ornamental Fan"},{"floor":9,"key":"Unceasing Top"}],"event_choices":[{"damage_healed":0,"gold_gain":175,"player_choice":"AGREE","damage_taken":0,"max_hp_gain":0,"max_hp_loss":0,"event_name":"Liars Game","floor":5,"gold_loss":0,"cards_obtained":["Doubt"]}],"is_beta":false,"boss_relics":[],"items_purged_floors":[],"is_endless":false,"potions_floor_spawned":[2],"killed_by":"Gremlin Nob","ascension_level":6}