{"gold_per_floor":[115,131,143,160,174,174,193,193,193,193,207,271,271,306,306,306],"floor_reached":16,"playtime":549,"items_purged":[],"score":208,"play_id":"c72ff512-c956-485b-b05b-8655dd722c6b","local_time":"20190404015632","is_ascension_mode":true,"campfire_choices":[{"data":"Dash","floor":6,"key":"SMITH"},{"data":"After Image","floor":8,"key":"SMITH"},{"data":"Neutralize","floor":10,"key":"SMITH"},{"data":"Poisoned Stab","floor":15,"key":"SMITH"}],"neow_cost":"NONE","seed_source_timestamp":535766250683307,"circlet_count":0,"master_deck":["AscendersBane","Defend_G","Defend_G","Defend_G","Defend_G","Defend_G","Strike_G","Strike_G","Strike_G","Strike_G","Strike_G","Survivor","Neutralize+1","Poisoned Stab+1","Poisoned Stab","Dash+1","Dagger Throw","After Image+1","Deflect","Backflip"],"relics":["Ring of the Snake","NeowsBlessing","Turnip","Golden Idol","Bird Faced Urn"],"potions_floor_usage":[5,14],"damage_taken":[{"damage":0,"enemies":"Cultist","floor":1,"turns":1},{"damage":0,"enemies":"Small Slimes","floor":2,"turns":1},{"damage":0,"enemies":"Jaw Worm","floor":3,"turns":1},{"damage":11,"enemies":"Red Slaver","floor":4,"turns":5},{"damage":11,"enemies":"Large Slime","floor":5,"turns":6},{"damage":0,"enemies":"Looter","floor":7,"turns":3},{"damage":0,"enemies":"Blue Slaver","floor":11,"turns":4},{"damage":8,"enemies":"3 Sentries","floor":14,"turns":12},{"damage":36,"enemies":"Hexaghost","floor":16,"turns":11}],"seed_played":"8497499037548363921","potions_obtained":[{"floor":3,"key":"Swift Potion"},{"floor":11,"key":"Swift Potion"},{"floor":14,"key":"Ancient Potion"}],"is_trial":false,"path_per_floor":["M","M","M","M","M","R","M","R","T","R","M","?","?","E","R","B"],"character_chosen":"THE_SILENT","items_purchased":[],"campfire_rested":0,"item_purchase_floors":[],"current_hp_per_floor":[59,59,59,48,37,37,37,37,37,37,37,37,37,29,29,0],"gold":306,"neow_bonus":"THREE_ENEMY_KILL","is_prod":false,"is_daily":false,"chose_seed":false,"campfire_upgraded":4,"win_rate":0,"timestamp":1554364592,"path_taken":["M","M","M","?","?","R","M","R","T","R","M","?","?","E","R","BOSS"],"build_version":"2019-01-23","purchased_purges":0,"victory":false,"max_hp_per_floor":[66,66,66,66,66,66,66,66,66,66,66,66,60,60,60,60],"card_choices":[{"not_picked":["Quick Slash","Backflip"],"picked":"Poisoned Stab","floor":1},{"not_picked":["Prepared","Cloak And Dagger"],"picked":"Poisoned Stab","floor":2},{"not_picked":["Poisoned Stab","Bane","Terror"],"picked":"SKIP","floor":3},{"not_picked":["Sucker Punch","Bane"],"picked":"Dash","floor":4},{"not_picked":["Quick Slash","Calculated Gamble"],"picked":"Dagger Throw","floor":5},{"not_picked":["Expertise","Prepared"],"picked":"After Image","floor":7},{"not_picked":["Quick Slash","Poisoned Stab"],"picked":"Deflect","floor":11},{"not_picked":["Blade Dance","Quick Slash"],"picked":"Backflip","floor":14}],"player_experience":440544,"relics_obtained":[{"floor":9,"key":"Turnip"},{"floor":14,"key":"Bird Faced Urn"}],"event_choices":[{"damage_healed":0,"gold_gain":64,"player_choice":"Gained Gold","damage_taken":0,"max_hp_gain":0,"max_hp_loss":0,"event_name":"Golden Wing","floor":12,"gold_loss":0},{"damage_healed":0,"gold_gain":0,"player_choice":"Lose Max HP","damage_taken":0,"relics_obtained":["Golden Idol"],"max_hp_gain":0,"max_hp_loss":6,"event_name":"Golden Idol","floor":13,"gold_loss":0}],"is_beta":false,"boss_relics":[],"items_purged_floors":[],"is_endless":false,"potions_floor_spawned":[3,11,14],"killed_by":"Hexaghost","ascension_level":20}