{"gold_per_floor":[17,37,37,50,50,109,125,159,182,182,196,223,223,239,239,341,341,359,376,156,173,186,212,212,237,289,289,299,325,338,357,357,455,455,468,468,478,142,142,171,171,205,217,248,132,132,181,201,201,201],"floor_reached":50,"playtime":9365,"items_purged":["Strike_G","Strike_G","Strike_G"],"score":688,"play_id":"cea9054c-56ac-453d-8d38-86d986b4d161","local_time":"20190602194727","is_ascension_mode":true,"campfire_choices":[{"floor":10,"key":"REST"},{"floor":13,"key":"REST"},{"floor":15,"key":"REST"},{"data":"Wraith Form v2","floor":24,"key":"SMITH"},{"data":"Noxious Fumes","floor":27,"key":"SMITH"},{"floor":32,"key":"REST"},{"floor":41,"key":"REST"},{"floor":46,"key":"REST"},{"floor":49,"key":"RECALL"}],"neow_cost":"NO_GOLD","seed_source_timestamp":334022284144845,"circlet_count":0,"master_deck":["Defend_G","Defend_G","Defend_G","Defend_G","Strike_G","Survivor","Neutralize","Deflect","Dagger Throw","Cloak And Dagger","Endless Agony+1","Backflip","Dagger Throw","Slice","Poisoned Stab","Poisoned Stab","Underhanded Strike","Dash+1","Wraith Form v2+1","Deflect+1","Noxious Fumes+1","Slice+1","Dagger Throw","Backflip","Adrenaline","Sucker Punch","Backstab","Corpse Explosion","Crippling Poison+1","Blur","Writhe","Deflect+1","Dagger Throw","Calculated Gamble","Skewer+1","Endless Agony","Outmaneuver+1","Phantasmal Killer"],"relics":["Ring of the Snake","Pantograph","Tiny Chest","Pocketwatch","PreservedInsect","Dream Catcher","Sozu","Snake Skull","Smiling Mask","Strawberry","Pen Nib","Empty Cage","Unceasing Top","Whetstone","MawBank","FossilizedHelix","Happy Flower"],"potions_floor_usage":[8,12,50],"damage_taken":[{"damage":9,"enemies":"Cultist","floor":1,"turns":4},{"damage":0,"enemies":"Jaw Worm","floor":2,"turns":5},{"damage":0,"enemies":"2 Louse","floor":4,"turns":4},{"damage":43,"enemies":"3 Sentries","floor":6,"turns":17},{"damage":2,"enemies":"Blue Slaver","floor":7,"turns":4},{"damage":26,"enemies":"Gremlin Nob","floor":8,"turns":6},{"damage":9,"enemies":"Exordium Thugs","floor":11,"turns":5},{"damage":13,"enemies":"Lagavulin","floor":12,"turns":4},{"damage":2,"enemies":"Looter","floor":14,"turns":3},{"damage":46,"enemies":"The Guardian","floor":16,"turns":12},{"damage":0,"enemies":"Chosen","floor":18,"turns":6},{"damage":0,"enemies":"3 Byrds","floor":19,"turns":6},{"damage":5,"enemies":"Shelled Parasite and Fungi","floor":21,"turns":6},{"damage":0,"enemies":"Chosen and Byrds","floor":22,"turns":5},{"damage":10,"enemies":"Gremlin Leader","floor":23,"turns":7},{"damage":8,"enemies":"Book of Stabbing","floor":25,"turns":4},{"damage":11,"enemies":"Sentry and Sphere","floor":28,"turns":6},{"damage":28,"enemies":"Slavers","floor":29,"turns":6},{"damage":0,"enemies":"Centurion and Healer","floor":30,"turns":6},{"damage":26,"enemies":"Cultist and Chosen","floor":31,"turns":6},{"damage":38,"enemies":"Collector","floor":33,"turns":9},{"damage":5,"enemies":"3 Shapes","floor":35,"turns":5},{"damage":8,"enemies":"3 Darklings","floor":37,"turns":2},{"damage":35,"enemies":"Reptomancer","floor":40,"turns":6},{"damage":48,"enemies":"Nemesis","floor":42,"turns":7},{"damage":0,"enemies":"Writhing Mass","floor":44,"turns":7},{"damage":0,"enemies":"4 Shapes","floor":48,"turns":2},{"damage":96,"enemies":"Awakened One","floor":50,"turns":16}],"seed_played":"7366371696634654076","potions_obtained":[{"floor":2,"key":"Block Potion"},{"floor":7,"key":"PowerPotion"},{"floor":8,"key":"Explosive Potion"},{"floor":11,"key":"FairyPotion"}],"is_trial":false,"path_per_floor":["T","$","M","M","M","?","M","?","T"],"character_chosen":"THE_SILENT","items_purchased":["Snake Skull","Unceasing Top","Endless Agony"],"campfire_rested":6,"item_purchase_floors":[20,38,45],"current_hp_per_floor":[75,75,75,75,75,32,30,4,4,29,20,7,32,30,55,34,84,84,84,84,79,79,69,69,68,68,68,57,29,29,3,30,17,91,86,86,78,78,91,56,83,35,35,35,35,62,62,62,62,0],"gold":201,"neow_bonus":"TWENTY_PERCENT_HP_BONUS","is_prod":false,"is_daily":false,"chose_seed":false,"campfire_upgraded":2,"win_rate":0,"timestamp":1559533647,"path_taken":["M","M","?","M","?","E","?","E","T","R","M","E","R","M","R","BOSS","M","M","$","?","M","E","R","E","T","R","M","E","?","M","R","BOSS","M","?","?","$","?","E","R","E","T","M","$","R","?","M","R","BOSS"],"build_version":"2019-01-23","purchased_purges":3,"victory":false,"max_hp_per_floor":[84,84,84,84,84,84,84,84,84,84,84,84,84,84,84,84,84,84,84,84,84,84,84,84,91,91,91,91,91,91,91,91,91,91,91,91,91,91,91,91,91,91,91,91,91,91,91,91,91,91],"card_choices":[{"not_picked":["Dodge and Roll","Dagger Throw"],"picked":"Deflect","floor":1},{"not_picked":["Noxious Fumes","Calculated Gamble"],"picked":"Dagger Throw","floor":2},{"not_picked":["Caltrops","Flying Knee"],"picked":"Cloak And Dagger","floor":4},{"not_picked":["Skewer","Cloak And Dagger"],"picked":"Endless Agony","floor":6},{"not_picked":["Flying Knee","Eviscerate"],"picked":"Backflip","floor":7},{"not_picked":["Blade Dance","Well Laid Plans"],"picked":"Dagger Throw","floor":8},{"not_picked":["Skewer","Calculated Gamble"],"picked":"Slice","floor":11},{"not_picked":["Backflip","Leg Sweep"],"picked":"Poisoned Stab","floor":12},{"not_picked":["Outmaneuver","Sucker Punch"],"picked":"Poisoned Stab","floor":13},{"not_picked":["Caltrops","Eviscerate"],"picked":"Underhanded Strike","floor":14},{"not_picked":["Glass Knife","Reflex"],"picked":"Dash","floor":15},{"not_picked":["Die Die Die","Bullet Time"],"picked":"Wraith Form v2","floor":16},{"not_picked":["Slice","PiercingWail"],"picked":"Deflect+1","floor":18},{"not_picked":["Blade Dance","Acrobatics"],"picked":"Noxious Fumes","floor":19},{"not_picked":["Backflip","Night Terror"],"picked":"Slice+1","floor":21},{"not_picked":["Crippling Poison","Slice","Caltrops"],"picked":"SKIP","floor":22},{"not_picked":["Accuracy","All Out Attack"],"picked":"Dagger Throw","floor":23},{"not_picked":["Blade Dance+1","Accuracy","Slice"],"picked":"SKIP","floor":25},{"not_picked":["Crippling Poison","Accuracy"],"picked":"Backflip","floor":28},{"not_picked":["Quick Slash","Underhanded Strike"],"picked":"Adrenaline","floor":29},{"not_picked":["Calculated Gamble","Flechettes","Bane"],"picked":"SKIP","floor":30},{"not_picked":["Acrobatics","Slice"],"picked":"Sucker Punch","floor":31},{"not_picked":["Deadly Poison","Riddle With Holes+1"],"picked":"Backstab","floor":32},{"not_picked":["Bullet Time","Malaise"],"picked":"Corpse Explosion","floor":33},{"not_picked":["Slice+1","Choke+1"],"picked":"Crippling Poison+1","floor":35},{"not_picked":["Sucker Punch","Deadly Poison+1"],"picked":"Blur","floor":37},{"not_picked":["Dagger Spray+1","Underhanded Strike"],"picked":"Deflect+1","floor":40},{"not_picked":["Quick Slash+1","Unload"],"picked":"Dagger Throw","floor":41},{"not_picked":["All Out Attack","Deflect"],"picked":"Calculated Gamble","floor":42},{"not_picked":["Outmaneuver","Footwork"],"picked":"Skewer+1","floor":44},{"not_picked":["Quick Slash","Blade Dance+1"],"picked":"Outmaneuver+1","floor":46},{"not_picked":["Dodge and Roll","Accuracy"],"picked":"Phantasmal Killer","floor":48}],"player_experience":91872,"relics_obtained":[{"floor":3,"key":"Pantograph"},{"floor":6,"key":"Tiny Chest"},{"floor":8,"key":"Pocketwatch"},{"floor":9,"key":"PreservedInsect"},{"floor":12,"key":"Dream Catcher"},{"floor":23,"key":"Smiling Mask"},{"floor":25,"key":"Strawberry"},{"floor":29,"key":"Pen Nib"},{"floor":40,"key":"Whetstone"},{"floor":42,"key":"MawBank"},{"floor":43,"key":"FossilizedHelix"},{"floor":47,"key":"Happy Flower"}],"event_choices":[{"damage_healed":0,"gold_gain":0,"player_choice":"Got Potions","damage_taken":0,"max_hp_gain":0,"max_hp_loss":0,"event_name":"Lab","floor":36,"gold_loss":0},{"damage_healed":23,"gold_gain":0,"player_choice":"Writhe","damage_taken":0,"max_hp_gain":0,"max_hp_loss":0,"event_name":"Winding Halls","floor":39,"gold_loss":0,"cards_obtained":["Writhe"]}],"is_beta":false,"boss_relics":[{"not_picked":["Velvet Choker","WristBlade"],"picked":"Sozu"},{"not_picked":["Black Star","Cursed Key"],"picked":"Empty Cage"}],"items_purged_floors":[20,38,45],"is_endless":false,"potions_floor_spawned":[2,7,8,11,19,22,23,25,28,40],"killed_by":"Awakened One","ascension_level":1}