{"gold_per_floor":[113,113,131,131,142,142,16,16,16,16,16,16,28,57,57,129,129,139,139,151,170,220,220,237,237,237,257,257],"floor_reached":28,"playtime":1571,"items_purged":["Decay"],"score":436,"play_id":"6310c9ee-6de9-4b7f-ab44-190b06c9f7f0","local_time":"20190331193341","is_ascension_mode":true,"campfire_choices":[{"data":"Neutralize","floor":6.0,"key":"SMITH"},{"data":"Dramatic Entrance","floor":8.0,"key":"SMITH"},{"data":"Survivor","floor":12.0,"key":"SMITH"},{"data":"Well Laid Plans","floor":15.0,"key":"SMITH"},{"data":"After Image","floor":23,"key":"SMITH"},{"data":"Dash","floor":25,"key":"SMITH"}],"neow_cost":"CURSE","seed_source_timestamp":0,"circlet_count":0,"master_deck":["AscendersBane","Defend_G","Defend_G","Defend_G","Defend_G","Defend_G","Strike_G","Strike_G","Strike_G","Strike_G","Survivor+1","Neutralize+1","Dramatic Entrance+1","Discovery","Noxious Fumes+1","Deflect","Well Laid Plans+1","After Image+1","Dash+1"],"special_seed":0,"relics":["Ring of the Snake","Mercury Hourglass","Centennial Puzzle","Coffee Dripper","Ancient Tea Set"],"potions_floor_usage":[27],"damage_taken":[{"damage":4.0,"enemies":"Jaw Worm","floor":1.0,"turns":4.0},{"damage":0.0,"enemies":"Cultist","floor":3.0,"turns":3.0},{"damage":3.0,"enemies":"Small Slimes","floor":5.0,"turns":4.0},{"damage":0.0,"enemies":"Red Slaver","floor":13.0,"turns":4.0},{"damage":22.0,"enemies":"Lagavulin","floor":14.0,"turns":7.0},{"damage":35.0,"enemies":"Hexaghost","floor":16.0,"turns":12.0},{"damage":2.0,"enemies":"3 Byrds","floor":18.0,"turns":4.0},{"damage":12,"enemies":"2 Thieves","floor":20,"turns":4},{"damage":4,"enemies":"Centurion and Healer","floor":21,"turns":11},{"damage":6,"enemies":"Cultist and Chosen","floor":24,"turns":7},{"damage":18,"enemies":"Snake Plant","floor":27,"turns":5},{"damage":11,"enemies":"Book of Stabbing","floor":28,"turns":7}],"seed_played":"-7788182948807535024","potions_obtained":[{"floor":13.0,"key":"FearPotion"},{"floor":14.0,"key":"PowerPotion"},{"floor":16.0,"key":"Ancient Potion"},{"floor":21,"key":"EssenceOfSteel"}],"is_trial":false,"path_per_floor":["M","?","M","?","M","R","$","R","T","$","?","R","M","E","R","B",null,"M","?","M","M","?","R","M","R","T","M","E"],"character_chosen":"THE_SILENT","items_purchased":["Deflect"],"campfire_rested":0,"item_purchase_floors":[7],"current_hp_per_floor":[55,55,55,55,52,52,52,52,52,52,66,66,66,44,44,9,52,50,50,38,34,34,34,28,28,28,10,0],"gold":257,"neow_bonus":"RANDOM_COLORLESS_2","is_prod":false,"is_daily":false,"chose_seed":false,"campfire_upgraded":6,"win_rate":0,"timestamp":1554082421,"path_taken":["M","?","?","?","?","R","$","R","T","?","?","R","M","E","R","BOSS","M","?","M","M","?","R","?","R","T","M","E"],"build_version":"2019-01-23","purchased_purges":1,"victory":false,"max_hp_per_floor":[66,66,66,66,66,66,66,66,66,66,66,66,66,66,66,66,66,66,66,66,66,66,66,66,66,66,66,66],"card_choices":[{"not_picked":["Quick Slash","PiercingWail"],"picked":"Noxious Fumes","floor":1.0},{"not_picked":["Sucker Punch","Dagger Spray","Masterful Stab"],"picked":"SKIP","floor":3.0},{"not_picked":["Cloak And Dagger","Quick Slash","Infinite Blades"],"picked":"SKIP","floor":5.0},{"not_picked":["Sucker Punch","Flying Knee","Outmaneuver"],"picked":"SKIP","floor":13.0},{"not_picked":["Bane","Dodge and Roll"],"picked":"Well Laid Plans","floor":14.0},{"not_picked":["Burst","Doppelganger"],"picked":"After Image","floor":16.0},{"not_picked":["Blade Dance+1","Finisher","Concentrate"],"picked":"SKIP","floor":18.0},{"not_picked":["Dodge and Roll+1","Prepared+1","PiercingWail+1"],"picked":"SKIP","floor":20},{"not_picked":["Underhanded Strike+1","Cloak And Dagger","Crippling Poison"],"picked":"SKIP","floor":21},{"not_picked":["Underhanded Strike","Endless Agony"],"picked":"Dash","floor":24},{"not_picked":["Envenom","Calculated Gamble","Flying Knee"],"picked":"SKIP","floor":27}],"player_experience":388461,"relics_obtained":[{"floor":9.0,"key":"Mercury Hourglass"},{"floor":14.0,"key":"Centennial Puzzle"},{"floor":26,"key":"Ancient Tea Set"}],"event_choices":[{"cards_removed":["Strike_G"],"damage_healed":0.0,"max_hp_gain":0.0,"max_hp_loss":0.0,"gold_gain":0.0,"event_name":"Wheel of Change","player_choice":"Card Removal","floor":2.0,"gold_loss":0.0,"damage_taken":0.0},{"damage_healed":0.0,"max_hp_gain":0.0,"max_hp_loss":0.0,"gold_gain":0.0,"event_name":"Upgrade Shrine","player_choice":"Upgraded","floor":4.0,"gold_loss":0.0,"damage_taken":0.0,"cards_upgraded":["Noxious Fumes"]},{"damage_healed":22.0,"max_hp_gain":0.0,"max_hp_loss":0.0,"gold_gain":0.0,"event_name":"Big Fish","player_choice":"Banana","floor":11.0,"gold_loss":0.0,"damage_taken":0.0},{"damage_healed":0.0,"max_hp_gain":0.0,"max_hp_loss":0.0,"gold_gain":0.0,"event_name":"Cursed Tome","player_choice":"Ignored","floor":19.0,"gold_loss":0.0,"damage_taken":0.0},{"damage_healed":0,"gold_gain":100,"player_choice":"Bet on Murderer","damage_taken":0,"max_hp_gain":0,"max_hp_loss":0,"event_name":"The Joust","floor":22,"gold_loss":50}],"is_beta":false,"boss_relics":[{"not_picked":["Runic Pyramid","HoveringKite"],"picked":"Coffee Dripper"}],"items_purged_floors":[7],"is_endless":false,"potions_floor_spawned":[13,14,16,20,21],"killed_by":"Book of Stabbing","ascension_level":20}