{"path_per_floor":["M","M","?","?","M","E","R","?","T","E","M","$","M","M","R","B",null,"M","M","M"],"character_chosen":"IRONCLAD","items_purchased":["Molten Egg 2"],"gold_per_floor":[116,130,95,95,110,135,135,235,235,260,279,40,54,65,65,161,161,179,191,207,207],"floor_reached":21,"campfire_rested":0,"playtime":1405,"current_hp_per_floor":[72,72,72,72,71,57,57,57,57,44,43,43,42,42,42,11,72,29,24,15,0],"items_purged":[],"gold":207,"score":193,"play_id":"043c0a2a-e56d-4c52-a5da-f9553fe7dc79","local_time":"20180522002027","is_prod":false,"is_daily":false,"chose_seed":false,"is_ascension_mode":false,"campfire_upgraded":2,"timestamp":1526912427,"campfire_choices":[{"data":"Double Tap","floor":7,"key":"SMITH"},{"data":"Headbutt","floor":15,"key":"SMITH"}],"path_taken":["M","M","?","?","M","E","R","?","T","E","M","$","M","?","R","BOSS","M","M","M","M"],"build_version":"2018-05-17","seed_source_timestamp":2587300567103,"purchased_purges":0,"victory":false,"master_deck":["Strike_R","Strike_R","Strike_R","Strike_R","Strike_R","Defend_R","Defend_R","Defend_R","Defend_R","Bash","Heavy Blade+1","Sword Boomerang","Pommel Strike","Double Tap+1","Limit Break","Headbutt+1","Carnage+1","Cleave+1","Limit Break","Parasite","Pain","Doubt","Iron Wave+1","Flex","Pommel Strike+1"],"max_hp_per_floor":[72,72,72,72,72,72,72,72,72,72,72,72,72,72,72,72,72,72,72,72,72],"relics":["Burning Blood","Ice Cream","Charon\u0027s Ashes","Calipers","Bird Faced Urn","Molten Egg 2","Calling Bell","Juzu Bracelet","Darkstone Periapt","Shovel"],"card_choices":[{"not_picked":["Rage","Shrug It Off"],"picked":"Heavy Blade","floor":1},{"not_picked":["Dropkick","Perfected Strike"],"picked":"Sword Boomerang","floor":2},{"not_picked":["Bloodletting","Shockwave"],"picked":"Pommel Strike","floor":5},{"not_picked":["Pommel Strike","Headbutt"],"picked":"Double Tap","floor":6},{"not_picked":["Anger","Clothesline"],"picked":"Limit Break","floor":10},{"not_picked":["Whirlwind","Battle Trance"],"picked":"Headbutt","floor":11},{"not_picked":["Rampage+1","Flex"],"picked":"Carnage+1","floor":13},{"not_picked":["Thunderclap+1","Blood for Blood+1"],"picked":"Cleave+1","floor":14},{"not_picked":["Dark Embrace","Brutality"],"picked":"Limit Break","floor":16},{"not_picked":["Sword Boomerang+1","Dark Embrace"],"picked":"Iron Wave+1","floor":18},{"not_picked":["Headbutt+1","Metallicize"],"picked":"Flex","floor":19},{"not_picked":["Fire Breathing","Infernal Blade"],"picked":"Pommel Strike+1","floor":20}],"player_experience":19625,"potions_floor_usage":[10,16,19,19],"damage_taken":[{"damage":4,"enemies":"2 Louse","floor":1,"turns":3},{"damage":6,"enemies":"Jaw Worm","floor":2,"turns":4},{"damage":7,"enemies":"Small Slimes","floor":5,"turns":3},{"damage":20,"enemies":"Gremlin Nob","floor":6,"turns":4},{"damage":19,"enemies":"3 Sentries","floor":10,"turns":6},{"damage":7,"enemies":"3 Louse","floor":11,"turns":3},{"damage":7,"enemies":"2 Fungi Beasts","floor":13,"turns":3},{"damage":6,"enemies":"Large Slime","floor":14,"turns":4},{"damage":37,"enemies":"Hexaghost","floor":16,"turns":8},{"damage":49,"enemies":"3 Byrds","floor":18,"turns":6},{"damage":11,"enemies":"Spheric Guardian","floor":19,"turns":4},{"damage":15,"enemies":"Snake Plant","floor":20,"turns":4},{"damage":15,"enemies":"Centurion and Healer","floor":21,"turns":3}],"relics_obtained":[{"floor":6,"key":"Charon\u0027s Ashes"},{"floor":9,"key":"Calipers"},{"floor":10,"key":"Bird Faced Urn"},{"floor":17,"key":"Juzu Bracelet"},{"floor":17,"key":"Darkstone Periapt"},{"floor":17,"key":"Shovel"}],"event_choices":[{"event_name":"The Cleric","player_choice":"Healed","floor":3,"damage_taken":0},{"event_name":"Living Wall","player_choice":"Grow","floor":4,"damage_taken":0},{"event_name":"Golden Shrine","player_choice":"Pray","floor":8,"damage_taken":0}],"boss_relics":[{"not_picked":["White Beast Statue","Philosopher\u0027s Stone"],"picked":"Calling Bell"}],"potions_floor_spawned":[5,6,10,13,16],"seed_played":"-556674406770354395","killed_by":"Centurion and Healer","ascension_level":0,"potions_obtained":[{"floor":5,"key":"AttackPotion"},{"floor":6,"key":"SpeedPotion"},{"floor":10,"key":"SpeedPotion"},{"floor":13,"key":"Swift Potion"},{"floor":16,"key":"Swift Potion"}],"is_trial":false}