{"gold_per_floor":[112,128,138,138,157,184,194,210,233,233,253,253,253,272,272,368,368,385,395,406,406,422,422,457,477,477,477],"floor_reached":27,"playtime":1154,"items_purged":[],"score":241,"play_id":"53733f51-0d05-4575-a09f-b6c55447b130","local_time":"20181103104239","is_ascension_mode":false,"campfire_choices":[{"data":"1","floor":10,"key":"LIFT"},{"data":"2","floor":12,"key":"LIFT"},{"data":"3","floor":15,"key":"LIFT"},{"floor":23,"key":"RECALL"}],"neow_cost":"NONE","seed_source_timestamp":20873594798706,"circlet_count":0,"master_deck":["Defend_G","Defend_G","Defend_G","Defend_G","Defend_G","Strike_G","Strike_G","Strike_G","Strike_G","Survivor","Neutralize","Riddle With Holes","Dagger Spray","Blade Dance","Footwork","Dash","Accuracy+1","Outmaneuver","Deflect","Footwork","Storm of Steel","Distraction+1","Cloak And Dagger","PiercingWail+1","Flechettes","Dodge and Roll"],"relics":["Ring of the Snake","Girya","WristBlade","Bronze Scales"],"potions_floor_usage":[7,24,24,24],"damage_taken":[{"damage":3,"enemies":"Jaw Worm","floor":1,"turns":4},{"damage":2,"enemies":"2 Louse","floor":2,"turns":3},{"damage":0,"enemies":"Cultist","floor":3,"turns":3},{"damage":0,"enemies":"Large Slime","floor":5,"turns":5},{"damage":15,"enemies":"Gremlin Nob","floor":6,"turns":5},{"damage":2,"enemies":"Gremlin Gang","floor":7,"turns":3},{"damage":6,"enemies":"2 Fungi Beasts","floor":8,"turns":5},{"damage":9,"enemies":"Lots of Slimes","floor":11,"turns":4},{"damage":0,"enemies":"Gremlin Gang","floor":14,"turns":3},{"damage":11,"enemies":"The Guardian","floor":16,"turns":12},{"damage":0,"enemies":"Spheric Guardian","floor":18,"turns":3},{"damage":3,"enemies":"Shell Parasite","floor":19,"turns":4},{"damage":20,"enemies":"Shelled Parasite and Fungi","floor":20,"turns":6},{"damage":0,"enemies":"Sentry and Sphere","floor":22,"turns":3},{"damage":27,"enemies":"Gremlin Leader","floor":24,"turns":8},{"damage":7,"enemies":"Centurion and Healer","floor":25,"turns":5},{"damage":17,"enemies":"3 Cultists","floor":27,"turns":3}],"seed_played":"1443205251139303796","potions_obtained":[{"floor":1,"key":"Explosive Potion"},{"floor":3,"key":"SmokeBomb"},{"floor":8,"key":"Swift Potion"},{"floor":11,"key":"Energy Potion"},{"floor":16,"key":"SkillPotion"},{"floor":18,"key":"AttackPotion"},{"floor":25,"key":"PowerPotion"}],"is_trial":false,"path_per_floor":["M","M","M","?","M","E","M","M","T","R","M","R","?","M","R","B",null,"M","M","M","?","M","R","E","M","T","M"],"character_chosen":"THE_SILENT","items_purchased":[],"campfire_rested":0,"item_purchase_floors":[],"current_hp_per_floor":[67,65,65,58,58,43,41,35,35,35,26,26,26,26,26,15,70,70,67,47,47,47,47,20,13,13,0],"gold":477,"neow_bonus":"THREE_CARDS","is_prod":false,"is_daily":false,"chose_seed":false,"campfire_upgraded":0,"win_rate":0,"timestamp":1541202159,"path_taken":["M","M","M","?","M","E","M","M","T","R","M","R","?","M","R","BOSS","M","M","?","?","M","R","E","?","T","M"],"build_version":"2018-11-02","purchased_purges":0,"victory":false,"max_hp_per_floor":[70,70,70,70,70,70,70,70,70,70,70,70,70,70,70,70,70,70,70,70,70,70,70,70,70,70,70],"card_choices":[{"not_picked":["Underhanded Strike","Reflex"],"picked":"Riddle With Holes","floor":0},{"not_picked":["Accuracy","Dodge and Roll"],"picked":"Dagger Spray","floor":1},{"not_picked":["Dagger Throw","Calculated Gamble"],"picked":"Blade Dance","floor":2},{"not_picked":["Slice","Deadly Poison"],"picked":"Footwork","floor":3},{"not_picked":["Eviscerate","Cloak And Dagger"],"picked":"Dash","floor":5},{"not_picked":["Backflip","Outmaneuver"],"picked":"Accuracy","floor":6},{"not_picked":["Dash","After Image"],"picked":"Outmaneuver","floor":7},{"not_picked":["Acrobatics","Slice"],"picked":"Deflect","floor":8},{"not_picked":["Eviscerate","PiercingWail","Dagger Spray"],"picked":"SKIP","floor":11},{"not_picked":["Deadly Poison","Deflect"],"picked":"Footwork","floor":14},{"not_picked":["Unload","Glass Knife"],"picked":"Storm of Steel","floor":16},{"not_picked":["Slice","Flying Knee"],"picked":"Distraction+1","floor":18},{"not_picked":["Accuracy+1","Slice"],"picked":"Cloak And Dagger","floor":19},{"not_picked":["Eviscerate","Poisoned Stab"],"picked":"PiercingWail+1","floor":20},{"not_picked":["PiercingWail","Slice"],"picked":"Flechettes","floor":22},{"not_picked":["Phantasmal Killer","Sucker Punch","Acrobatics"],"picked":"SKIP","floor":24},{"not_picked":["Setup","Backflip"],"picked":"Dodge and Roll","floor":25}],"player_experience":165881,"relics_obtained":[{"floor":6,"key":"Girya"},{"floor":24,"key":"Bronze Scales"}],"event_choices":[{"cards_removed":["Strike_G"],"damage_healed":0,"gold_gain":0,"player_choice":"Card Removal","damage_taken":7,"max_hp_gain":0,"max_hp_loss":0,"event_name":"Golden Wing","floor":4,"gold_loss":0},{"damage_healed":0,"gold_gain":0,"player_choice":"Bought 0 Potions","damage_taken":0,"max_hp_gain":0,"max_hp_loss":0,"event_name":"The Woman in Blue","floor":13,"gold_loss":0},{"damage_healed":0,"gold_gain":0,"player_choice":"Upgraded","damage_taken":0,"max_hp_gain":0,"max_hp_loss":0,"event_name":"Upgrade Shrine","floor":21,"gold_loss":0,"cards_upgraded":["Accuracy"]}],"is_beta":true,"boss_relics":[{"not_picked":["Tiny House","Pandora\u0027s Box"],"picked":"WristBlade"}],"items_purged_floors":[],"is_endless":false,"potions_floor_spawned":[1,3,8,11,16,18,19,25],"killed_by":"3 Cultists","ascension_level":0}