{"gold_per_floor":[410,360,46,46,67,67,86,86,86,120,195,195],"floor_reached":12,"playtime":283,"items_purged":[],"score":125,"play_id":"2eaf0f59-7abb-4432-a9d7-b48830ba1833","local_time":"20190517012504","is_ascension_mode":true,"campfire_choices":[{"data":"Heavy Blade","floor":6.0,"key":"SMITH"},{"data":"Whirlwind","floor":8,"key":"SMITH"}],"neow_cost":"TEN_PERCENT_HP_LOSS","seed_source_timestamp":1219113100122169,"circlet_count":0,"master_deck":["AscendersBane","Strike_R","Strike_R","Strike_R","Strike_R","Defend_R","Defend_R","Defend_R","Defend_R","Bash","Heavy Blade+1","Whirlwind+1","Dark Shackles","Flame Barrier"],"special_seed":0,"relics":["Burning Blood","Old Coin","Bag of Marbles","Golden Idol","Dream Catcher","Matryoshka"],"potions_floor_usage":[12,12],"damage_taken":[{"damage":7.0,"enemies":"2 Louse","floor":1.0,"turns":4.0},{"damage":4.0,"enemies":"Jaw Worm","floor":5.0,"turns":4.0},{"damage":3,"enemies":"Small Slimes","floor":7,"turns":3},{"damage":47,"enemies":"Lagavulin","floor":10,"turns":6},{"damage":34,"enemies":"Gremlin Nob","floor":12,"turns":4}],"seed_played":"-1994147842723149690","potions_obtained":[{"floor":1.0,"key":"PowerPotion"},{"floor":10,"key":"Ancient Potion"}],"is_trial":false,"path_per_floor":["M","?","$","?","M","R","M","R","T","E","?","E"],"character_chosen":"IRONCLAD","items_purchased":["Bag of Marbles","Whirlwind","Dark Shackles"],"campfire_rested":0,"item_purchase_floors":[3,3,3],"current_hp_per_floor":[71,71,71,67,67,67,67,67,67,26,15,0],"gold":195,"neow_bonus":"ONE_RARE_RELIC","is_prod":false,"is_daily":false,"chose_seed":false,"campfire_upgraded":2,"win_rate":0,"timestamp":1558077904,"path_taken":["M","?","$","?","M","R","M","R","T","E","?","E"],"build_version":"2019-01-23","purchased_purges":0,"victory":false,"max_hp_per_floor":[72,72,72,67,67,67,67,67,67,67,67,67],"card_choices":[{"not_picked":["Battle Trance","Armaments"],"picked":"Heavy Blade","floor":1.0},{"not_picked":["Warcry","Clash","Sword Boomerang"],"picked":"SKIP","floor":5.0},{"not_picked":["Perfected Strike","Havoc","Body Slam"],"picked":"SKIP","floor":7},{"not_picked":["True Grit","Combust"],"picked":"Flame Barrier","floor":10}],"player_experience":560274,"relics_obtained":[{"floor":9,"key":"Dream Catcher"},{"floor":10,"key":"Matryoshka"}],"event_choices":[{"cards_removed":["Strike_R"],"damage_healed":0.0,"max_hp_gain":0.0,"max_hp_loss":0.0,"gold_gain":0.0,"event_name":"The Cleric","player_choice":"Card Removal","floor":2.0,"gold_loss":50.0,"damage_taken":0.0},{"damage_healed":0.0,"max_hp_gain":0.0,"max_hp_loss":5.0,"gold_gain":0.0,"event_name":"Golden Idol","player_choice":"Lose Max HP","floor":4.0,"gold_loss":0.0,"damage_taken":0.0,"relics_obtained":["Golden Idol"]},{"damage_healed":0,"gold_gain":75,"player_choice":"Gather Gold","damage_taken":11,"max_hp_gain":0,"max_hp_loss":0,"event_name":"World of Goop","floor":11,"gold_loss":0}],"is_beta":false,"boss_relics":[],"items_purged_floors":[],"is_endless":false,"potions_floor_spawned":[1,10],"killed_by":"Gremlin Nob","ascension_level":13}