{"gold_per_floor":[314,90,105,105,124,124,167,167,190,223,223,188,188,263,263,392,392,416,436,235,251,226,226,240,240,240,276,301,344,344,364,364,364],"floor_reached":33,"playtime":1167,"items_purged":["Strike_B"],"score":429,"play_id":"cea92a49-967b-490f-b639-4f00b35088ed","local_time":"20190605131927","is_ascension_mode":true,"campfire_choices":[{"data":"Zap","floor":6.0,"key":"SMITH"},{"data":"Sunder","floor":8.0,"key":"SMITH"},{"data":"Doom and Gloom","floor":11.0,"key":"SMITH"},{"data":"BootSequence","floor":13.0,"key":"SMITH"},{"data":"Dualcast","floor":15.0,"key":"SMITH"},{"data":"Rainbow","floor":23.0,"key":"SMITH"},{"data":"Coolheaded","floor":25.0,"key":"SMITH"},{"data":"Go for the Eyes","floor":30.0,"key":"SMITH"},{"data":"Core Surge","floor":32.0,"key":"SMITH"}],"neow_cost":"NO_GOLD","seed_source_timestamp":409108661593324,"circlet_count":0,"master_deck":["Strike_B","Strike_B","Strike_B","Defend_B","Defend_B","Defend_B","Defend_B","Zap+1","Dualcast+1","Sunder+1","Doom and Gloom+1","BootSequence+1","Leap","Core Surge+1","Rainbow+1","Go for the Eyes+1","Coolheaded+1"],"special_seed":0,"relics":["Cracked Core","Old Coin","PreservedInsect","Golden Idol","Happy Flower","Vajra","Boot","Coffee Dripper","Blood Vial","Bottled Flame","Dream Catcher","Mercury Hourglass"],"potions_floor_usage":[33,33],"damage_taken":[{"damage":3.0,"enemies":"2 Louse","floor":1.0,"turns":4.0},{"damage":1.0,"enemies":"Cultist","floor":3.0,"turns":3.0},{"damage":0.0,"enemies":"Jaw Worm","floor":5.0,"turns":3.0},{"damage":16.0,"enemies":"Gremlin Nob","floor":7.0,"turns":3.0},{"damage":10.0,"enemies":"3 Sentries","floor":10.0,"turns":3.0},{"damage":0.0,"enemies":"Slime Boss","floor":16.0,"turns":8.0},{"damage":0.0,"enemies":"3 Byrds","floor":18.0,"turns":3.0},{"damage":0.0,"enemies":"2 Thieves","floor":19.0,"turns":3.0},{"damage":5.0,"enemies":"Sentry and Sphere","floor":21.0,"turns":6.0},{"damage":17.0,"enemies":"Snake Plant","floor":24.0,"turns":4.0},{"damage":18.0,"enemies":"Gremlin Leader","floor":27.0,"turns":5.0},{"damage":4.0,"enemies":"3 Cultists","floor":28.0,"turns":5.0},{"damage":5.0,"enemies":"Book of Stabbing","floor":29.0,"turns":4.0},{"damage":0.0,"enemies":"Centurion and Healer","floor":31.0,"turns":4.0},{"damage":49,"enemies":"Collector","floor":33,"turns":6}],"seed_played":"4067212144615240373","potions_obtained":[{"floor":1.0,"key":"GamblersBrew"},{"floor":10.0,"key":"Poison Potion"},{"floor":18.0,"key":"Energy Potion"},{"floor":21.0,"key":"EssenceOfSteel"},{"floor":28.0,"key":"PowerPotion"},{"floor":29.0,"key":"Fire Potion"}],"is_trial":false,"path_per_floor":["M","$","M","?","M","R","E","R","T","E","R","?","R","?","R","B",null,"M","M","$","M","$","R","M","R","T","E","M","E","R","M","R","B"],"character_chosen":"DEFECT","items_purchased":["PreservedInsect","Blood Vial","AttackPotion","Coolheaded"],"campfire_rested":0,"item_purchase_floors":[2,20,20,22],"current_hp_per_floor":[72,72,71,69,69,69,53,53,53,43,43,60,60,54,54,54,65,65,65,65,62,62,62,47,47,47,31,29,26,26,28,28,0],"gold":364,"neow_bonus":"ONE_RARE_RELIC","is_prod":false,"is_daily":false,"chose_seed":false,"campfire_upgraded":9,"win_rate":0,"timestamp":1559762367,"path_taken":["M","$","M","?","M","R","E","R","T","E","R","?","R","?","R","BOSS","M","M","$","M","?","R","M","R","T","E","M","E","R","M","R","BOSS"],"build_version":"2019-01-23","purchased_purges":1,"victory":false,"max_hp_per_floor":[75,75,75,69,69,69,69,69,69,69,69,69,69,69,69,69,69,69,69,69,69,69,69,69,69,69,69,69,69,69,69,69,69],"card_choices":[{"not_picked":["Ball Lightning","FTL"],"picked":"Sunder","floor":1.0},{"not_picked":["Barrage","Compile Driver"],"picked":"Doom and Gloom","floor":3.0},{"not_picked":["Coolheaded","Hologram"],"picked":"BootSequence","floor":5.0},{"not_picked":["Doom and Gloom","Streamline"],"picked":"Leap","floor":7.0},{"not_picked":["BootSequence","Storm"],"picked":"Core Surge","floor":10.0},{"not_picked":["Amplify","All For One"],"picked":"Rainbow","floor":16.0},{"not_picked":["Double Energy","Streamline"],"picked":"Go for the Eyes","floor":18.0},{"not_picked":["Go for the Eyes","Rebound","Hologram"],"picked":"SKIP","floor":19.0},{"not_picked":["Turbo+1","Heatsinks","Seek"],"picked":"SKIP","floor":21.0},{"not_picked":["Streamline","Hologram","Coolheaded"],"picked":"SKIP","floor":24.0},{"not_picked":["Cold Snap+1","Genetic Algorithm","Reboot"],"picked":"SKIP","floor":27.0},{"not_picked":["Cold Snap","Streamline","Darkness"],"picked":"SKIP","floor":28.0},{"not_picked":["Loop","Undo","Cold Snap+1"],"picked":"SKIP","floor":29.0},{"not_picked":["Storm","Redo","Hologram"],"picked":"SKIP","floor":31.0}],"player_experience":678467,"relics_obtained":[{"floor":7.0,"key":"Happy Flower"},{"floor":9.0,"key":"Vajra"},{"floor":10.0,"key":"Boot"},{"floor":26.0,"key":"Bottled Flame"},{"floor":27.0,"key":"Dream Catcher"},{"floor":29.0,"key":"Mercury Hourglass"}],"event_choices":[{"damage_healed":0.0,"max_hp_gain":0.0,"max_hp_loss":6.0,"gold_gain":0.0,"event_name":"Golden Idol","player_choice":"Lose Max HP","floor":4.0,"gold_loss":0.0,"damage_taken":0.0,"relics_obtained":["Golden Idol"]},{"damage_healed":17.0,"max_hp_gain":0.0,"max_hp_loss":0.0,"gold_gain":0.0,"event_name":"The Cleric","player_choice":"Healed","floor":12.0,"gold_loss":35.0,"damage_taken":0.0},{"damage_healed":0.0,"max_hp_gain":0.0,"max_hp_loss":0.0,"gold_gain":75.0,"event_name":"FaceTrader","player_choice":"Touch","floor":14.0,"gold_loss":0.0,"damage_taken":6.0}],"is_beta":false,"boss_relics":[{"not_picked":["Fusion Hammer","Busted Crown"],"picked":"Coffee Dripper"}],"items_purged_floors":[2],"is_endless":false,"potions_floor_spawned":[1,10,18,21,24,28,29],"killed_by":"Collector","ascension_level":5}