{"gold_per_floor":[110,124,136,146,30,63,63,78,126,126,126,143,143,174,174,250,250,264,264,174,194,213,213,213,213,213,232,248,261,292,304,304,304],"floor_reached":33,"playtime":1872,"items_purged":["Pain"],"score":562,"play_id":"62e333ff-ed80-433b-af67-0d5e0be7630f","local_time":"20190406005349","is_ascension_mode":true,"campfire_choices":[{"data":"Cloak And Dagger","floor":11,"key":"SMITH"},{"data":"Neutralize","floor":13,"key":"SMITH"},{"data":"Deadly Poison","floor":15,"key":"SMITH"},{"data":"Phantasmal Killer","floor":23,"key":"SMITH"},{"data":"Dodge and Roll","floor":25,"key":"SMITH"},{"floor":32,"key":"REST"}],"neow_cost":"CURSE","seed_source_timestamp":703478913208456,"circlet_count":0,"master_deck":["AscendersBane","Defend_G+1","Defend_G+1","Defend_G+1","Defend_G+1","Defend_G+1","Strike_G+1","Strike_G+1","Strike_G+1","Survivor+1","Neutralize+1","Dash","Cloak And Dagger+1","Backstab","Predator","Die Die Die","Blur","Deadly Poison+1","Dodge and Roll+1","Phantasmal Killer+1","Noxious Fumes","Well Laid Plans","Acrobatics","Backflip+1","Neutralize+1"],"relics":["Ring of the Snake","Vajra","Boot","Question Card","Sozu","Molten Egg 2","War Paint"],"potions_floor_usage":[6,16,30],"damage_taken":[{"damage":8,"enemies":"Cultist","floor":1,"turns":5},{"damage":5,"enemies":"Jaw Worm","floor":2,"turns":5},{"damage":4,"enemies":"2 Louse","floor":3,"turns":5},{"damage":3,"enemies":"Exordium Thugs","floor":4,"turns":5},{"damage":38,"enemies":"3 Sentries","floor":6,"turns":12},{"damage":1,"enemies":"Looter","floor":8,"turns":3},{"damage":0,"enemies":"Gremlin Gang","floor":12,"turns":1},{"damage":2,"enemies":"Gremlin Nob","floor":14,"turns":3},{"damage":10,"enemies":"The Guardian","floor":16,"turns":13},{"damage":8,"enemies":"Shell Parasite","floor":18,"turns":7},{"damage":0,"enemies":"Chosen","floor":21,"turns":4},{"damage":6,"enemies":"Snake Plant","floor":22,"turns":4},{"damage":7,"enemies":"Sentry and Sphere","floor":27,"turns":7},{"damage":3,"enemies":"Shelled Parasite and Fungi","floor":28,"turns":7},{"damage":5,"enemies":"Snake Plant","floor":29,"turns":4},{"damage":12,"enemies":"Gremlin Leader","floor":30,"turns":8},{"damage":4,"enemies":"Snecko","floor":31,"turns":5},{"damage":41,"enemies":"Champ","floor":33,"turns":12}],"seed_played":"887802084936112381","potions_obtained":[{"floor":3,"key":"Regen Potion"},{"floor":4,"key":"GhostInAJar"},{"floor":12,"key":"FairyPotion"},{"floor":14,"key":"Swift Potion"}],"is_trial":false,"path_per_floor":["M","M","M","M","$","E","?","M","T","?","R","M","R","E","R","B",null,"M","?","$","M","M","R","?","R","T","M","M","M","E","M","R","B"],"character_chosen":"THE_SILENT","items_purchased":["Predator","Well Laid Plans"],"campfire_rested":1,"item_purchase_floors":[5,20],"current_hp_per_floor":[51,46,42,39,39,16,38,37,37,37,37,37,37,35,35,25,56,48,48,48,48,42,42,42,42,42,35,32,27,15,11,30,0],"gold":304,"neow_bonus":"TRANSFORM_TWO_CARDS","is_prod":false,"is_daily":false,"chose_seed":false,"campfire_upgraded":5,"win_rate":0,"timestamp":1554533629,"path_taken":["M","M","?","M","$","E","?","M","T","?","R","M","R","E","R","BOSS","M","?","$","M","M","R","?","R","T","M","?","M","E","M","R","BOSS"],"build_version":"2019-01-23","purchased_purges":1,"victory":false,"max_hp_per_floor":[66,66,66,66,66,66,66,66,66,66,66,66,66,66,66,66,66,66,66,66,66,66,66,66,66,66,66,66,66,66,66,66,66],"card_choices":[{"not_picked":["Backflip","Bane"],"picked":"Cloak And Dagger","floor":1},{"not_picked":["Flechettes","Deflect","Blade Dance"],"picked":"SKIP","floor":2},{"not_picked":["Prepared","Blade Dance"],"picked":"Backstab","floor":3},{"not_picked":["Expertise","Sucker Punch","Riddle With Holes"],"picked":"SKIP","floor":4},{"not_picked":["Sucker Punch","Deadly Poison"],"picked":"Die Die Die","floor":6},{"not_picked":["Dagger Throw","Skewer"],"picked":"Blur","floor":8},{"not_picked":["Bane","Terror"],"picked":"Deadly Poison","floor":12},{"not_picked":["Blade Dance","Predator"],"picked":"Dodge and Roll","floor":14},{"not_picked":["Night Terror","Venomology","Burst"],"picked":"Phantasmal Killer","floor":16},{"not_picked":["Acrobatics","Backflip","Outmaneuver"],"picked":"Noxious Fumes","floor":18},{"not_picked":["Escape Plan+1","Outmaneuver+1","PiercingWail"],"picked":"Acrobatics","floor":21},{"not_picked":["Dagger Throw","Quick Slash","Dash"],"picked":"Backflip","floor":22},{"not_picked":["Heel Hook+1","Grand Finale+1","Caltrops","Setup"],"picked":"SKIP","floor":27},{"not_picked":["Dagger Throw+1","Deadly Poison","Noxious Fumes","Prepared"],"picked":"SKIP","floor":28},{"not_picked":["All Out Attack+1","Bane+1","Blade Dance","Flying Knee+1"],"picked":"SKIP","floor":29},{"not_picked":["Distraction","Acrobatics","Storm of Steel","Glass Knife+1"],"picked":"SKIP","floor":30},{"not_picked":["Outmaneuver","Deadly Poison","Slice+1","Eviscerate+1"],"picked":"SKIP","floor":31}],"player_experience":461532,"relics_obtained":[{"floor":6,"key":"Vajra"},{"floor":9,"key":"Boot"},{"floor":14,"key":"Question Card"},{"floor":26,"key":"Molten Egg 2"},{"floor":30,"key":"War Paint"}],"event_choices":[{"damage_healed":22,"gold_gain":0,"player_choice":"Banana","damage_taken":0,"max_hp_gain":0,"max_hp_loss":0,"event_name":"Big Fish","floor":7,"gold_loss":0},{"cards_removed":["Outmaneuver"],"damage_healed":0,"gold_gain":0,"player_choice":"Card Removal","damage_taken":0,"max_hp_gain":0,"max_hp_loss":0,"event_name":"Wheel of Change","floor":10,"gold_loss":0},{"damage_healed":0,"gold_gain":0,"player_choice":"Simplicity","damage_taken":0,"max_hp_gain":0,"max_hp_loss":0,"event_name":"Back to Basics","floor":19,"gold_loss":0,"cards_upgraded":["Defend_G","Defend_G","Defend_G","Defend_G","Defend_G","Strike_G","Strike_G","Strike_G"]},{"damage_healed":0,"gold_gain":0,"player_choice":"Copied","damage_taken":0,"max_hp_gain":0,"max_hp_loss":0,"event_name":"Duplicator","floor":24,"gold_loss":0,"cards_obtained":["Neutralize"]}],"is_beta":false,"boss_relics":[{"not_picked":["Snecko Eye","Velvet Choker"],"picked":"Sozu"}],"items_purged_floors":[5],"is_endless":false,"potions_floor_spawned":[3,4,12,14,22,29,30,31],"killed_by":"Champ","ascension_level":20}