{"gold_per_floor":[110,127,139,159,159,159,194,194,218,218,237,303,174,190,190,190],"floor_reached":16,"playtime":647,"items_purged":["Strike_G"],"score":204,"play_id":"87b99c90-d10b-4f22-b6a9-624919a6f049","local_time":"20190401221940","is_ascension_mode":true,"campfire_choices":[{"data":"Poisoned Stab","floor":6,"key":"SMITH"},{"data":"Die Die Die","floor":8,"key":"SMITH"},{"floor":15,"key":"REST"}],"neow_cost":"NONE","seed_source_timestamp":349855157575948,"circlet_count":0,"master_deck":["AscendersBane","Defend_G","Defend_G","Defend_G","Defend_G","Defend_G","Strike_G","Strike_G","Strike_G","Strike_G","Survivor","Neutralize","Footwork","Cloak And Dagger","Poisoned Stab+1","Die Die Die+1","Skewer"],"relics":["Ring of the Snake","NeowsBlessing","Omamori","Bag of Marbles","Golden Idol","Pen Nib"],"potions_floor_usage":[7,12,16],"damage_taken":[{"damage":0,"enemies":"Jaw Worm","floor":1,"turns":1},{"damage":0,"enemies":"2 Louse","floor":2,"turns":1},{"damage":0,"enemies":"Small Slimes","floor":3,"turns":1},{"damage":4,"enemies":"Looter","floor":4,"turns":4},{"damage":19,"enemies":"3 Sentries","floor":7,"turns":9},{"damage":0,"enemies":"2 Fungi Beasts","floor":11,"turns":2},{"damage":28,"enemies":"Gremlin Nob","floor":12,"turns":4},{"damage":6,"enemies":"3 Louse","floor":14,"turns":2},{"damage":32,"enemies":"Slime Boss","floor":16,"turns":8}],"seed_played":"-8399184728616867630","potions_obtained":[{"floor":2,"key":"Regen Potion"},{"floor":4,"key":"AttackPotion"}],"is_trial":false,"path_per_floor":["M","M","M","M","?","R","E","R","T","?","M","?","$","M","R","B"],"character_chosen":"THE_SILENT","items_purchased":["Fire Potion"],"campfire_rested":1,"item_purchase_floors":[13],"current_hp_per_floor":[59,59,59,55,55,55,36,36,36,36,36,20,20,14,32,0],"gold":190,"neow_bonus":"THREE_ENEMY_KILL","is_prod":false,"is_daily":false,"chose_seed":false,"campfire_upgraded":2,"win_rate":0,"timestamp":1554178780,"path_taken":["M","M","M","M","?","R","E","R","T","?","M","?","$","M","R","BOSS"],"build_version":"2019-01-23","purchased_purges":1,"victory":false,"max_hp_per_floor":[66,66,66,66,66,66,66,66,66,60,60,60,60,60,60,60],"card_choices":[{"not_picked":["Cloak And Dagger","Dagger Spray"],"picked":"Footwork","floor":1},{"not_picked":["Reflex","Acrobatics"],"picked":"Cloak And Dagger","floor":2},{"not_picked":["Cloak And Dagger","Burst"],"picked":"Poisoned Stab","floor":3},{"not_picked":["Dodge and Roll","Prepared","Quick Slash"],"picked":"SKIP","floor":4},{"not_picked":["Blur","Blade Dance"],"picked":"Die Die Die","floor":7},{"not_picked":["Setup","Dagger Spray","Quick Slash"],"picked":"SKIP","floor":11},{"not_picked":["Bane","Acrobatics"],"picked":"Skewer","floor":14}],"player_experience":408141,"relics_obtained":[{"floor":7,"key":"Omamori"},{"floor":9,"key":"Bag of Marbles"},{"floor":12,"key":"Pen Nib"}],"event_choices":[{"damage_healed":0,"gold_gain":0,"player_choice":"Ignored","damage_taken":0,"max_hp_gain":0,"max_hp_loss":0,"event_name":"Liars Game","floor":5,"gold_loss":0},{"damage_healed":0,"gold_gain":0,"player_choice":"Lose Max HP","damage_taken":0,"relics_obtained":["Golden Idol"],"max_hp_gain":0,"max_hp_loss":6,"event_name":"Golden Idol","floor":10,"gold_loss":0},{"damage_healed":0,"gold_gain":30,"player_choice":"Searched \u00272\u0027 times","damage_taken":0,"max_hp_gain":0,"max_hp_loss":0,"event_name":"Dead Adventurer","floor":12,"gold_loss":0}],"is_beta":false,"boss_relics":[],"items_purged_floors":[13],"is_endless":false,"potions_floor_spawned":[2,4],"killed_by":"Slime Boss","ascension_level":20}