{"gold_per_floor":[112,112,125,125,137,137,164,164,218,228,228,238,7,39,39,39],"floor_reached":16,"playtime":1391,"items_purged":["Regret"],"score":135,"play_id":"9bf1a36b-44b7-4dda-bfa1-e6a76e06d3ae","local_time":"20190601144531","is_ascension_mode":false,"campfire_choices":[{"data":"Backstab","floor":6,"key":"SMITH"},{"data":"Dash","floor":8,"key":"SMITH"},{"data":"Sucker Punch","floor":11,"key":"SMITH"},{"data":"Deflect","floor":15,"key":"SMITH"}],"neow_cost":"NONE","seed_source_timestamp":237495334041083,"circlet_count":0,"master_deck":["Defend_G","Defend_G","Defend_G","Defend_G","Defend_G","Strike_G","Strike_G","Strike_G","Strike_G","Survivor","Neutralize","Dagger Throw","Backstab+1","Deflect+1","Dash+1","Sucker Punch+1","Prepared","Tactician"],"relics":["Ring of the Snake","Bag of Preparation","Bottled Lightning","PreservedInsect","Lantern","Ginger"],"potions_floor_usage":[7,16,16],"damage_taken":[{"damage":5,"enemies":"Jaw Worm","floor":1,"turns":4},{"damage":0,"enemies":"Cultist","floor":3,"turns":3},{"damage":1,"enemies":"Small Slimes","floor":5,"turns":2},{"damage":17,"enemies":"Gremlin Nob","floor":7,"turns":4},{"damage":0,"enemies":"Looter","floor":10,"turns":2},{"damage":0,"enemies":"Red Slaver","floor":12,"turns":2},{"damage":0,"enemies":"Lagavulin","floor":14,"turns":4},{"damage":54,"enemies":"Slime Boss","floor":16,"turns":13}],"seed_played":"-4557526418488221821","potions_obtained":[{"floor":3,"key":"AttackPotion"},{"floor":7,"key":"Weak Potion"},{"floor":12,"key":"SkillPotion"}],"is_trial":false,"path_per_floor":["?","M","?"],"character_chosen":"THE_SILENT","items_purchased":["Lantern"],"campfire_rested":0,"item_purchase_floors":[13],"current_hp_per_floor":[72,72,72,72,71,71,54,54,54,54,54,54,54,54,54,0],"gold":39,"neow_bonus":"TEN_PERCENT_HP_BONUS","is_prod":false,"is_daily":false,"chose_seed":false,"campfire_upgraded":4,"win_rate":0,"timestamp":1559429131,"path_taken":["M","?","?","?","M","R","E","R","T","M","R","M","$","E","R","BOSS"],"build_version":"2019-01-23","purchased_purges":1,"victory":false,"max_hp_per_floor":[77,77,77,77,77,77,77,77,77,77,77,77,77,77,77,77],"card_choices":[{"not_picked":["Dagger Spray","Poisoned Stab"],"picked":"Dagger Throw","floor":1},{"not_picked":["Slice","Reflex"],"picked":"Backstab","floor":3},{"not_picked":["Noxious Fumes","Reflex"],"picked":"Deflect","floor":5},{"not_picked":["Masterful Stab","Poisoned Stab"],"picked":"Dash","floor":7},{"not_picked":["Reflex","Leg Sweep"],"picked":"Sucker Punch","floor":10},{"not_picked":["Sucker Punch","Escape Plan"],"picked":"Prepared","floor":12},{"not_picked":["Sucker Punch","Outmaneuver"],"picked":"Tactician","floor":14}],"player_experience":43292,"relics_obtained":[{"floor":7,"key":"Bottled Lightning"},{"floor":9,"key":"PreservedInsect"},{"floor":14,"key":"Ginger"}],"event_choices":[{"cards_removed":["Strike_G"],"damage_healed":0,"gold_gain":0,"player_choice":"Purged","damage_taken":0,"max_hp_gain":0,"max_hp_loss":0,"event_name":"Purifier","floor":2,"gold_loss":0},{"damage_healed":0,"gold_gain":0,"player_choice":"Box","damage_taken":0,"relics_obtained":["Bag of Preparation"],"max_hp_gain":0,"max_hp_loss":0,"event_name":"Big Fish","floor":4,"gold_loss":0,"cards_obtained":["Regret"]}],"is_beta":false,"boss_relics":[],"items_purged_floors":[13],"is_endless":false,"potions_floor_spawned":[3,7,12],"killed_by":"Slime Boss","ascension_level":0}