{"gold_per_floor":[18,18,18,33,33,33,47,57,80,80,100,120,140,140],"floor_reached":14,"playtime":735,"items_purged":[],"score":168,"play_id":"b95f39b6-04f1-42b1-ab2e-a38200b66f19","local_time":"20190406025532","is_ascension_mode":true,"campfire_choices":[{"data":"Neutralize","floor":6,"key":"SMITH"},{"data":"PiercingWail","floor":10,"key":"SMITH"}],"neow_cost":"NO_GOLD","seed_source_timestamp":711921217012139,"circlet_count":0,"master_deck":["AscendersBane","Defend_G","Defend_G","Defend_G+1","Defend_G+1","Defend_G","Strike_G","Strike_G","Strike_G","Strike_G","Strike_G","Survivor","Neutralize+1","After Image+1","Deflect","Escape Plan","PiercingWail+1","Bullet Time","Dagger Throw"],"relics":["Ring of the Snake","Ancient Tea Set","War Paint"],"potions_floor_usage":[14],"damage_taken":[{"damage":0,"enemies":"2 Louse","floor":1,"turns":3},{"damage":2,"enemies":"Jaw Worm","floor":4,"turns":6},{"damage":0,"enemies":"Small Slimes","floor":7,"turns":5},{"damage":1,"enemies":"Exordium Thugs","floor":8,"turns":10},{"damage":0,"enemies":"Blue Slaver","floor":11,"turns":5},{"damage":0,"enemies":"Looter","floor":12,"turns":4},{"damage":7,"enemies":"Large Slime","floor":13,"turns":11},{"damage":47,"enemies":"3 Sentries","floor":14,"turns":16}],"seed_played":"-2350481428739702706","potions_obtained":[{"floor":1,"key":"LiquidBronze"},{"floor":13,"key":"Fire Potion"}],"is_trial":false,"path_per_floor":["M","?","?","M","?","R","M","M","T","R","M","M","M","E"],"character_chosen":"THE_SILENT","items_purchased":[],"campfire_rested":0,"item_purchase_floors":[],"current_hp_per_floor":[59,59,54,52,52,52,52,51,51,51,51,51,44,0],"gold":140,"neow_bonus":"THREE_RARE_CARDS","is_prod":false,"is_daily":false,"chose_seed":false,"campfire_upgraded":2,"win_rate":0,"timestamp":1554540932,"path_taken":["M","?","?","M","?","R","M","M","T","R","M","M","M","E"],"build_version":"2019-01-23","purchased_purges":0,"victory":false,"max_hp_per_floor":[66,66,66,66,66,66,66,66,66,66,66,66,66,66],"card_choices":[{"not_picked":["Corpse Explosion","Storm of Steel"],"picked":"After Image","floor":0},{"not_picked":["Terror","Underhanded Strike","Dodge and Roll"],"picked":"SKIP","floor":1},{"not_picked":["Riddle With Holes","Underhanded Strike"],"picked":"Deflect","floor":4},{"not_picked":["Blade Dance","Burst"],"picked":"Escape Plan","floor":7},{"not_picked":["Dagger Spray","Deadly Poison"],"picked":"PiercingWail","floor":8},{"not_picked":["Flying Knee","Underhanded Strike","Flechettes"],"picked":"SKIP","floor":11},{"not_picked":["Underhanded Strike","Heel Hook"],"picked":"Bullet Time","floor":12},{"not_picked":["Dodge and Roll","Deflect"],"picked":"Dagger Throw","floor":13}],"player_experience":465356,"relics_obtained":[{"floor":9,"key":"War Paint"}],"event_choices":[{"damage_healed":0,"gold_gain":0,"player_choice":"Grow","damage_taken":0,"max_hp_gain":0,"max_hp_loss":0,"event_name":"Living Wall","floor":2,"gold_loss":0,"cards_upgraded":["After Image"]},{"damage_healed":0,"gold_gain":0,"player_choice":"Success","damage_taken":5,"relics_obtained":["Ancient Tea Set"],"max_hp_gain":0,"max_hp_loss":0,"event_name":"Scrap Ooze","floor":3,"gold_loss":0},{"damage_healed":0,"gold_gain":0,"player_choice":"Leave","damage_taken":0,"max_hp_gain":0,"max_hp_loss":0,"event_name":"The Cleric","floor":5,"gold_loss":0}],"is_beta":false,"boss_relics":[],"items_purged_floors":[],"is_endless":false,"potions_floor_spawned":[1,13],"killed_by":"3 Sentries","ascension_level":20}