{"gold_per_floor":[111,123,134,151,326,326,353,353,353,382,382,457,469,3,3,102,102,116,116,134,134,134],"floor_reached":22,"playtime":631,"items_purged":["Doubt"],"score":326,"play_id":"99c5de9b-92ef-450f-b84c-394171e552d8","local_time":"20190426003535","is_ascension_mode":true,"campfire_choices":[{"data":"Uppercut","floor":6.0,"key":"SMITH"},{"floor":8.0,"key":"REST"},{"data":"Whirlwind","floor":11.0,"key":"SMITH"},{"data":"Finesse","floor":15.0,"key":"SMITH"}],"neow_cost":"NONE","seed_source_timestamp":31065725231898,"circlet_count":0,"master_deck":["AscendersBane","Defend_R","Defend_R","Defend_R","Defend_R","Bash+1","Whirlwind+1","Uppercut+1","Cleave","Ghostly Armor","Finesse+1","Cleave+1","Dual Wield+1","Flex+1","Ghostly Armor","Shrug It Off+1","Bite","Bite","Bite","Bite","Bite"],"special_seed":0,"relics":["Burning Blood","Bag of Marbles","Darkstone Periapt","StoneCalendar","Incense Burner","Astrolabe"],"potions_floor_usage":[16,16],"damage_taken":[{"damage":1.0,"enemies":"Cultist","floor":1.0,"turns":3.0},{"damage":8.0,"enemies":"Jaw Worm","floor":2.0,"turns":4.0},{"damage":12.0,"enemies":"Small Slimes","floor":3.0,"turns":3.0},{"damage":3.0,"enemies":"2 Fungi Beasts","floor":4.0,"turns":4.0},{"damage":51.0,"enemies":"Lagavulin","floor":7.0,"turns":8.0},{"damage":18.0,"enemies":"Gremlin Nob","floor":10.0,"turns":4.0},{"damage":11.0,"enemies":"Looter","floor":13.0,"turns":2.0},{"damage":22,"enemies":"Slime Boss","floor":16,"turns":7},{"damage":35,"enemies":"Shell Parasite","floor":18,"turns":5},{"damage":18,"enemies":"3 Byrds","floor":20,"turns":5},{"damage":37,"enemies":"Snecko","floor":22,"turns":4}],"seed_played":"9206703366863095673","potions_obtained":[{"floor":3.0,"key":"Strength Potion"},{"floor":4.0,"key":"Regen Potion"},{"floor":16,"key":"BloodPotion"},{"floor":20,"key":"EntropicBrew"}],"is_trial":false,"path_per_floor":["M","M","M","M","?","R","E","R","T","E","R","?","M","$","R","B",null,"M","?","M","?","M"],"character_chosen":"IRONCLAD","items_purchased":["Incense Burner","Finesse"],"campfire_rested":1,"item_purchase_floors":[14,14],"current_hp_per_floor":[77,75,69,72,72,72,27,51,51,39,39,28,23,23,23,22,66,37,22,10,10,0],"gold":134,"neow_bonus":"UPGRADE_CARD","is_prod":false,"is_daily":false,"chose_seed":false,"campfire_upgraded":3,"win_rate":0,"timestamp":1556260535,"path_taken":["M","M","M","M","?","R","E","R","T","E","R","?","M","$","R","BOSS","M","?","M","?","M"],"build_version":"2019-01-23","purchased_purges":1,"victory":false,"max_hp_per_floor":[80,80,80,80,80,80,80,80,80,80,80,80,80,80,80,80,80,80,85,85,59,59],"card_choices":[{"not_picked":["Havoc","Battle Trance","Headbutt"],"picked":"SKIP","floor":1.0},{"not_picked":["Sword Boomerang","Flex"],"picked":"Whirlwind","floor":2.0},{"not_picked":["Anger","Clothesline","Havoc"],"picked":"SKIP","floor":3.0},{"not_picked":["Feel No Pain","Entrench"],"picked":"Uppercut","floor":4.0},{"not_picked":["Rampage","Second Wind","Shockwave"],"picked":"SKIP","floor":7.0},{"not_picked":["Power Through","Rage"],"picked":"Cleave","floor":10.0},{"not_picked":["Juggernaut","Clash"],"picked":"Ghostly Armor","floor":13.0},{"not_picked":["True Grit+1","Wild Strike"],"picked":"Ghostly Armor","floor":18},{"not_picked":["Dual Wield","Second Wind"],"picked":"Shrug It Off+1","floor":20}],"player_experience":539858,"relics_obtained":[{"floor":7.0,"key":"Bag of Marbles"},{"floor":9.0,"key":"Darkstone Periapt"},{"floor":10.0,"key":"StoneCalendar"}],"event_choices":[{"damage_healed":0.0,"max_hp_gain":0.0,"max_hp_loss":0.0,"gold_gain":175.0,"event_name":"Liars Game","player_choice":"AGREE","floor":5.0,"gold_loss":0.0,"damage_taken":0.0,"cards_obtained":["Doubt"]},{"damage_healed":0.0,"max_hp_gain":0.0,"max_hp_loss":0.0,"gold_gain":75.0,"event_name":"World of Goop","player_choice":"Gather Gold","floor":12.0,"gold_loss":0.0,"damage_taken":11.0},{"damage_healed":0,"gold_gain":0,"player_choice":"Shed Blood","damage_taken":20,"max_hp_gain":5,"max_hp_loss":0,"event_name":"Forgotten Altar","floor":19,"gold_loss":0},{"damage_healed":0,"gold_gain":0,"player_choice":"Became a vampire","damage_taken":0,"max_hp_gain":0,"max_hp_loss":26,"event_name":"Vampires","floor":21,"gold_loss":0,"cards_obtained":["Bite","Bite","Bite","Bite","Bite"]}],"is_beta":false,"boss_relics":[{"not_picked":["Eternal Feather","Tiny House"],"picked":"Astrolabe"}],"items_purged_floors":[14],"is_endless":false,"potions_floor_spawned":[3,4,13,16,20],"killed_by":"Snecko","ascension_level":11}