{"gold_per_floor":[113,113,132,23,0,17,27,27,27,27,37,37,64,122,122,224,224,236,236,161,61,61,80,80,94,117,129,144,144,144,161,161,261,261,277,52,66,41,54,70,70,70,97,97,97,97,97,115,115,115],"floor_reached":50,"playtime":7396,"items_purged":["Defend_R","Strike_R"],"score":467,"play_id":"67ab2827-c2ac-4dab-be22-1e1bd7103b5d","local_time":"20190601024801","is_ascension_mode":false,"campfire_choices":[{"data":"Anger","floor":8,"key":"SMITH"},{"data":"Whirlwind","floor":10,"key":"SMITH"},{"data":"Iron Wave","floor":12,"key":"SMITH"},{"floor":15,"key":"REST"},{"floor":24,"key":"REST"},{"data":"Twin Strike","floor":30,"key":"SMITH"},{"floor":32,"key":"REST"},{"data":"Bash","floor":41,"key":"SMITH"},{"data":"Madness","floor":44,"key":"SMITH"},{"data":"Flash of Steel","floor":46,"key":"SMITH"},{"data":"Anger","floor":49,"key":"SMITH"}],"neow_cost":"","seed_source_timestamp":188429675854399,"circlet_count":0,"master_deck":["Strike_R","Strike_R","Strike_R","Strike_R","Defend_R","Defend_R","Defend_R","Bash+1","Inflame","Whirlwind+1","Reckless Charge","Sever Soul","Anger+1","Armaments","Iron Wave+1","Power Through","Twin Strike+1","Impervious","Seeing Red+1","Berserk","Bash","Battle Trance","Dual Wield","Dropkick","Battle Trance+1","Battle Trance+1","Warcry+1","Impervious","Body Slam+1","Blood for Blood+1","Anger+1","Twin Strike","Iron Wave+1","Madness","Madness+1","Flash of Steel+1","Panacea","Swift Strike","Reaper"],"relics":["Burning Blood","Potion Belt","Meat on the Bone","PreservedInsect","Thread and Needle","Eternal Feather","Enchiridion","Blood Vial","Philosopher\u0027s Stone","Centennial Puzzle","Juzu Bracelet"],"potions_floor_usage":[16,16,33,33,39,48,50,50,50],"damage_taken":[{"damage":1,"enemies":"Cultist","floor":1,"turns":3},{"damage":4,"enemies":"2 Louse","floor":3,"turns":4},{"damage":0,"enemies":"Small Slimes","floor":6,"turns":2},{"damage":14,"enemies":"Blue Slaver","floor":7,"turns":3},{"damage":15,"enemies":"Exordium Thugs","floor":11,"turns":4},{"damage":15,"enemies":"3 Sentries","floor":13,"turns":4},{"damage":14,"enemies":"Lagavulin Event","floor":14,"turns":4},{"damage":40,"enemies":"The Guardian","floor":16,"turns":9},{"damage":18,"enemies":"Spheric Guardian","floor":18,"turns":4},{"damage":27,"enemies":"2 Thieves","floor":23,"turns":3},{"damage":31,"enemies":"Centurion and Healer","floor":25,"turns":6},{"damage":30,"enemies":"Snake Plant","floor":27,"turns":5},{"damage":8,"enemies":"3 Cultists","floor":28,"turns":3},{"damage":39,"enemies":"Shelled Parasite and Fungi","floor":31,"turns":4},{"damage":67,"enemies":"Champ","floor":33,"turns":7},{"damage":48,"enemies":"3 Darklings","floor":35,"turns":7},{"damage":3,"enemies":"Orb Walker","floor":37,"turns":3},{"damage":26,"enemies":"Maw","floor":39,"turns":8},{"damage":20,"enemies":"Sphere and 2 Shapes","floor":40,"turns":4},{"damage":19,"enemies":"Spire Growth","floor":48,"turns":3},{"damage":120,"enemies":"Awakened One","floor":50,"turns":9}],"seed_played":"-305424013315021962","potions_obtained":[{"floor":3,"key":"Swift Potion"},{"floor":6,"key":"PowerPotion"},{"floor":7,"key":"Weak Potion"},{"floor":11,"key":"Strength Potion"},{"floor":14,"key":"SkillPotion"},{"floor":18,"key":"GamblersBrew"},{"floor":31,"key":"Swift Potion"},{"floor":37,"key":"GamblersBrew"},{"floor":39,"key":"Fire Potion"},{"floor":40,"key":"SkillPotion"}],"is_trial":false,"path_per_floor":["?","?","?","?","$","?","?","?","?","?"],"character_chosen":"IRONCLAD","items_purchased":["Reckless Charge","Sever Soul","Ancient Potion","Centennial Puzzle","Anger"],"campfire_rested":3,"item_purchase_floors":[4,4,36,36,38],"current_hp_per_floor":[80,55,57,57,57,63,55,55,55,55,58,58,49,53,77,55,80,68,68,68,68,52,43,79,54,54,44,56,56,71,52,80,31,80,50,50,55,55,49,49,67,57,57,78,68,80,72,61,80,0],"gold":115,"neow_bonus":"","is_prod":false,"is_daily":false,"chose_seed":false,"campfire_upgraded":8,"win_rate":0.0,"timestamp":1559386081,"path_taken":["M","?","M","$","?","M","M","R","T","R","M","R","E","?","R","BOSS","M","?","?","$","?","M","R","M","T","M","M","?","R","M","R","BOSS","M","$","M","$","M","M","R","?","T","R","?","R","?","M","R","BOSS"],"build_version":"2019-01-23","purchased_purges":2,"victory":false,"max_hp_per_floor":[80,80,80,80,80,80,80,80,80,80,80,80,80,80,80,80,80,80,80,80,80,80,80,80,80,80,80,80,80,80,80,80,80,80,80,80,80,80,80,80,80,80,80,80,80,80,80,80,80,80],"card_choices":[{"not_picked":["Perfected Strike","Twin Strike"],"picked":"Inflame","floor":1},{"not_picked":["Searing Blow","Bloodletting"],"picked":"Whirlwind","floor":3},{"not_picked":["Disarm","Fire Breathing"],"picked":"Anger","floor":6},{"not_picked":["Clothesline","True Grit"],"picked":"Armaments","floor":7},{"not_picked":["Ghostly Armor","Flex"],"picked":"Iron Wave","floor":11},{"not_picked":["Perfected Strike","Headbutt"],"picked":"Power Through","floor":13},{"not_picked":["Burning Pact","Flame Barrier"],"picked":"Twin Strike","floor":14},{"not_picked":["Juggernaut","Dark Embrace"],"picked":"Impervious","floor":16},{"not_picked":["Clothesline","Iron Wave"],"picked":"Seeing Red+1","floor":18},{"not_picked":["Combust","Cleave"],"picked":"Dual Wield","floor":23},{"not_picked":["Hemokinesis","Body Slam"],"picked":"Dropkick","floor":25},{"not_picked":["Armaments","Flex","True Grit"],"picked":"SKIP","floor":27},{"not_picked":["Disarm+1","Clash+1"],"picked":"Battle Trance+1","floor":28},{"not_picked":["Body Slam","Cleave"],"picked":"Warcry+1","floor":31},{"not_picked":["Juggernaut","Berserk"],"picked":"Impervious","floor":33},{"not_picked":["Clash","Twin Strike+1"],"picked":"Body Slam+1","floor":35},{"not_picked":["Iron Wave+1","Clash"],"picked":"Blood for Blood+1","floor":37},{"not_picked":["Thunderclap","Ghostly Armor"],"picked":"Twin Strike","floor":39},{"not_picked":["Anger","Rampage+1"],"picked":"Iron Wave+1","floor":40},{"not_picked":["Bandage Up","Impatience"],"picked":"Flash of Steel","floor":45},{"not_picked":["Enlightenment","Jack Of All Trades"],"picked":"Panacea","floor":45},{"not_picked":["Deep Breath","Purity"],"picked":"Swift Strike","floor":45},{"not_picked":["Flex","Shrug It Off"],"picked":"Reaper","floor":48}],"player_experience":0,"relics_obtained":[{"floor":9,"key":"Meat on the Bone"},{"floor":13,"key":"PreservedInsect"},{"floor":22,"key":"Enchiridion"},{"floor":26,"key":"Blood Vial"},{"floor":43,"key":"Juzu Bracelet"}],"event_choices":[{"damage_healed":0,"gold_gain":0,"player_choice":"Success","damage_taken":25,"relics_obtained":["Potion Belt"],"max_hp_gain":0,"max_hp_loss":0,"event_name":"Scrap Ooze","floor":2,"gold_loss":0},{"damage_healed":0,"gold_gain":0,"player_choice":"Left Gold","damage_taken":0,"max_hp_gain":0,"max_hp_loss":0,"event_name":"World of Goop","floor":5,"gold_loss":23},{"damage_healed":0,"gold_gain":0,"player_choice":"Searched \u00272\u0027 times","damage_taken":0,"relics_obtained":["Thread and Needle"],"max_hp_gain":0,"max_hp_loss":0,"event_name":"Dead Adventurer","floor":14,"gold_loss":0},{"damage_healed":0,"gold_gain":0,"player_choice":"3 cards matched","damage_taken":0,"max_hp_gain":0,"max_hp_loss":0,"event_name":"Match and Keep!","floor":19,"gold_loss":0,"cards_obtained":["Berserk","Bash","Battle Trance"]},{"damage_healed":0,"gold_gain":0,"player_choice":"3 cards matched","damage_taken":0,"max_hp_gain":0,"max_hp_loss":0,"event_name":"Match and Keep!","floor":19,"gold_loss":0,"cards_obtained":["Berserk","Bash","Battle Trance"]},{"damage_healed":0,"gold_gain":0,"player_choice":"Obtained Book","damage_taken":16,"max_hp_gain":0,"max_hp_loss":0,"event_name":"Cursed Tome","floor":22,"gold_loss":0},{"damage_healed":0,"gold_gain":0,"player_choice":"Copied","damage_taken":0,"max_hp_gain":0,"max_hp_loss":0,"event_name":"Duplicator","floor":29,"gold_loss":0,"cards_obtained":["Battle Trance"]},{"damage_healed":0,"gold_gain":0,"player_choice":"Embrace Madness","damage_taken":10,"max_hp_gain":0,"max_hp_loss":0,"event_name":"Winding Halls","floor":42,"gold_loss":0,"cards_obtained":["Madness","Madness"]},{"damage_healed":0,"gold_gain":0,"player_choice":"Memory 3","damage_taken":10,"max_hp_gain":0,"max_hp_loss":0,"event_name":"SensoryStone","floor":45,"gold_loss":0},{"damage_healed":0,"gold_gain":0,"player_choice":"Damaged","damage_taken":8,"max_hp_gain":0,"max_hp_loss":0,"event_name":"Wheel of Change","floor":47,"gold_loss":0}],"is_beta":false,"boss_relics":[{"not_picked":["Snecko Eye","Calling Bell"],"picked":"Eternal Feather"},{"not_picked":["Busted Crown","Sozu"],"picked":"Philosopher\u0027s Stone"}],"items_purged_floors":[20,21],"is_endless":false,"potions_floor_spawned":[3,6,7,11,14,18,31,37,39,40],"killed_by":"Awakened One","ascension_level":0}