{"gold_per_floor":[110,110,110,129,142,169,169,196,222,233,233,253,61,80,80,151,151,166,166,185,200,219,219,248,248,302,332,332,332,346,346,346,346],"floor_reached":33,"playtime":2717,"items_purged":[],"score":564,"play_id":"b39654bf-258d-47ac-88cc-a2b948af37f7","local_time":"20190520102730","is_ascension_mode":true,"campfire_choices":[{"data":"Sunder","floor":7.0,"key":"SMITH"},{"data":"Defragment","floor":11.0,"key":"SMITH"},{"data":"White Noise","floor":15.0,"key":"SMITH"},{"floor":23.0,"key":"REST"},{"floor":25.0,"key":"REST"},{"floor":32.0,"key":"REST"}],"neow_cost":"NONE","seed_source_timestamp":66688318351099,"circlet_count":0,"master_deck":["AscendersBane","Strike_B+1","Strike_B+1","Defend_B","Defend_B","Defend_B","Zap","Dualcast","Capacitor","Sunder+1","Undo","Cold Snap","Defragment+1","White Noise+1","Steam","Amplify","Hologram","Steam Power","Echo Form","Stack","Beam Cell","Storm","Force Field","Rebound","Streamline","Barrage","Multi-Cast","Ball Lightning","Cold Snap"],"special_seed":0,"relics":["Cracked Core","NeowsBlessing","DataDisk","Whetstone","Dream Catcher","Fusion Hammer","Anchor","Regal Pillow","Bag of Preparation","Oddly Smooth Stone"],"potions_floor_usage":[33],"damage_taken":[{"damage":0.0,"enemies":"Cultist","floor":1.0,"turns":1.0},{"damage":0.0,"enemies":"2 Louse","floor":4.0,"turns":1.0},{"damage":0.0,"enemies":"Jaw Worm","floor":5.0,"turns":1.0},{"damage":0.0,"enemies":"Gremlin Nob","floor":6.0,"turns":2.0},{"damage":17.0,"enemies":"3 Sentries","floor":8.0,"turns":7.0},{"damage":14.0,"enemies":"Red Slaver","floor":10.0,"turns":2.0},{"damage":9.0,"enemies":"Exordium Thugs","floor":12.0,"turns":3.0},{"damage":0.0,"enemies":"2 Fungi Beasts","floor":14.0,"turns":2.0},{"damage":15.0,"enemies":"The Guardian","floor":16.0,"turns":13.0},{"damage":13.0,"enemies":"Chosen","floor":18.0,"turns":5.0},{"damage":6.0,"enemies":"Spheric Guardian","floor":20.0,"turns":4.0},{"damage":0.0,"enemies":"Snecko","floor":21.0,"turns":2.0},{"damage":12.0,"enemies":"Cultist and Chosen","floor":22.0,"turns":7.0},{"damage":22.0,"enemies":"Book of Stabbing","floor":24.0,"turns":5.0},{"damage":30.0,"enemies":"Gremlin Leader","floor":27.0,"turns":8.0},{"damage":0.0,"enemies":"Centurion and Healer","floor":30.0,"turns":5.0},{"damage":69,"enemies":"Collector","floor":33,"turns":7}],"seed_played":"-1863680692066163196","potions_obtained":[{"floor":3.0,"key":"Ancient Potion"},{"floor":3.0,"key":"SneckoOil"},{"floor":4.0,"key":"AttackPotion"},{"floor":5.0,"key":"Fire Potion"},{"floor":6.0,"key":"Ancient Potion"},{"floor":10.0,"key":"AttackPotion"},{"floor":12.0,"key":"Swift Potion"},{"floor":18.0,"key":"FearPotion"},{"floor":21.0,"key":"Strength Potion"},{"floor":24.0,"key":"Fire Potion"}],"is_trial":false,"path_per_floor":["M","?","?","M","M","E","R","E","T","M","R","M","$","M","R","B",null,"M","?","M","M","M","R","E","R","T","E","T","?","M","?","R","B"],"character_chosen":"DEFECT","items_purchased":["Amplify","Hologram"],"campfire_rested":3,"item_purchase_floors":[13,13],"current_hp_per_floor":[64,64,64,64,64,64,64,47,47,33,33,24,24,24,24,9,56,43,43,37,37,25,46,24,45,45,15,15,15,15,29,65,0],"gold":346,"neow_bonus":"THREE_ENEMY_KILL","is_prod":false,"is_daily":false,"chose_seed":false,"campfire_upgraded":3,"win_rate":0,"timestamp":1558369650,"path_taken":["M","?","?","M","?","E","R","E","T","M","R","M","$","M","R","BOSS","M","?","?","M","M","R","E","R","T","E","?","?","M","?","R","BOSS"],"build_version":"2019-01-23","purchased_purges":0,"victory":false,"max_hp_per_floor":[71,71,71,71,71,71,71,71,71,71,71,71,71,71,71,71,71,71,71,71,71,71,71,71,71,71,71,71,71,71,71,71,71],"card_choices":[{"not_picked":["Redo","Static Discharge"],"picked":"Capacitor","floor":1.0},{"not_picked":["Capacitor","Fusion"],"picked":"Sunder","floor":4.0},{"not_picked":["Leap","Beam Cell"],"picked":"Undo","floor":5.0},{"not_picked":["Compile Driver","Rebound"],"picked":"Cold Snap","floor":6.0},{"not_picked":["Go for the Eyes","Sweeping Beam"],"picked":"Defragment","floor":8.0},{"not_picked":["Rebound","Stack"],"picked":"White Noise","floor":10.0},{"not_picked":["Ball Lightning","Beam Cell"],"picked":"Steam","floor":12.0},{"not_picked":["Rainbow","Melter"],"picked":"Steam Power","floor":14.0},{"not_picked":["All For One","Multi-Cast"],"picked":"Echo Form","floor":16.0},{"not_picked":["Capacitor","Reprogram"],"picked":"Stack","floor":18.0},{"not_picked":["Tempest","Gash+1"],"picked":"Beam Cell","floor":20.0},{"not_picked":["Compile Driver","Static Discharge"],"picked":"Storm","floor":21.0},{"not_picked":["Coolheaded","Compile Driver"],"picked":"Force Field","floor":22.0},{"not_picked":["Beam Cell","Self Repair"],"picked":"Rebound","floor":23.0},{"not_picked":["Rip and Tear","Redo","Compile Driver"],"picked":"SKIP","floor":24.0},{"not_picked":["Redo","Barrage"],"picked":"Streamline","floor":25.0},{"not_picked":["Recycle","Streamline","Redo"],"picked":"SKIP","floor":27.0},{"not_picked":["Coolheaded+1","Conserve Battery"],"picked":"Ball Lightning","floor":30.0},{"not_picked":["Turbo","Lockon"],"picked":"Cold Snap","floor":32.0}],"player_experience":747210,"relics_obtained":[{"floor":6.0,"key":"DataDisk"},{"floor":8.0,"key":"Whetstone"},{"floor":9.0,"key":"Dream Catcher"},{"floor":24.0,"key":"Anchor"},{"floor":26.0,"key":"Regal Pillow"},{"floor":27.0,"key":"Bag of Preparation"},{"floor":28.0,"key":"Oddly Smooth Stone"}],"event_choices":[{"damage_healed":0.0,"max_hp_gain":0.0,"max_hp_loss":0.0,"gold_gain":0.0,"event_name":"Liars Game","player_choice":"Ignored","floor":2.0,"gold_loss":0.0,"damage_taken":0.0},{"damage_healed":0.0,"max_hp_gain":0.0,"max_hp_loss":0.0,"gold_gain":0.0,"event_name":"Lab","player_choice":"Got Potions","floor":3.0,"gold_loss":0.0,"damage_taken":0.0},{"cards_removed":["Strike_B"],"damage_healed":0.0,"max_hp_gain":0.0,"max_hp_loss":0.0,"gold_gain":0.0,"event_name":"Purifier","player_choice":"Purged","floor":19.0,"gold_loss":0.0,"damage_taken":0.0},{"damage_healed":0.0,"max_hp_gain":0.0,"max_hp_loss":0.0,"gold_gain":0.0,"cards_transformed":["Strike_B","Defend_B"],"event_name":"Drug Dealer","player_choice":"Became Test Subject","floor":29.0,"gold_loss":0.0,"damage_taken":0.0,"cards_obtained":["Barrage","Multi-Cast"]},{"damage_healed":14.0,"max_hp_gain":0.0,"max_hp_loss":0.0,"gold_gain":0.0,"event_name":"The Library","player_choice":"Heal","floor":31.0,"gold_loss":0.0,"damage_taken":0.0}],"is_beta":false,"boss_relics":[{"not_picked":["Empty Cage","Eternal Feather"],"picked":"Fusion Hammer"}],"items_purged_floors":[],"is_endless":false,"potions_floor_spawned":[4,5,6,10,12,18,21,22,24],"killed_by":"Collector","ascension_level":15}