{"gold_per_floor":[114,127,127,139,159,192,192,227,251,251,251,251,251,275,275,366,366,386,404,418,431,210,210,210,210,210,230,230],"floor_reached":28,"playtime":1847,"items_purged":["Strike_B"],"score":426,"play_id":"b36e45f6-686e-46a6-9149-713d858eca0a","local_time":"20190530170858","is_ascension_mode":true,"campfire_choices":[{"floor":7.0,"key":"REST"},{"floor":10.0,"key":"REST"},{"data":"Defragment","floor":12.0,"key":"SMITH"},{"data":"Loop","floor":15.0,"key":"SMITH"},{"floor":23.0,"key":"REST"},{"floor":25.0,"key":"REST"}],"neow_cost":"NONE","seed_source_timestamp":0,"circlet_count":0,"master_deck":["AscendersBane","Defend_B","Defend_B","Defend_B","Defend_B","Zap","Dualcast","Defragment+1","Storm","Melter","Storm","Loop+1","BootSequence","Hello World","Creative AI","Force Field+1","Ball Lightning+1","Reinforced Body+1","Hologram+1","Self Repair","Turbo","Leap","Auto Shields"],"special_seed":0,"relics":["Cracked Core","Blood Vial","Bag of Marbles","Art of War","Golden Idol","Astrolabe","Nilry\u0027s Codex"],"potions_floor_usage":[28],"damage_taken":[{"damage":2.0,"enemies":"Jaw Worm","floor":1.0,"turns":3.0},{"damage":1.0,"enemies":"Small Slimes","floor":2.0,"turns":3.0},{"damage":7.0,"enemies":"Cultist","floor":4.0,"turns":4.0},{"damage":20.0,"enemies":"Lots of Slimes","floor":5.0,"turns":5.0},{"damage":35.0,"enemies":"3 Sentries","floor":6.0,"turns":7.0},{"damage":26.0,"enemies":"Gremlin Nob","floor":8.0,"turns":5.0},{"damage":4.0,"enemies":"Red Slaver","floor":14.0,"turns":2.0},{"damage":29.0,"enemies":"Slime Boss","floor":16.0,"turns":6.0},{"damage":0.0,"enemies":"Spheric Guardian","floor":18.0,"turns":2.0},{"damage":18.0,"enemies":"3 Byrds","floor":19.0,"turns":4.0},{"damage":12.0,"enemies":"Snake Plant","floor":20.0,"turns":4.0},{"damage":28.0,"enemies":"Chosen and Byrds","floor":21.0,"turns":5.0},{"damage":7.0,"enemies":"Centurion and Healer","floor":27.0,"turns":6.0},{"damage":12,"enemies":"Colosseum Slavers","floor":28,"turns":4}],"seed_played":"5867286376554213980","potions_obtained":[{"floor":1.0,"key":"Weak Potion"},{"floor":5.0,"key":"Dexterity Potion"},{"floor":13.0,"key":"Swift Potion"},{"floor":13.0,"key":"Dexterity Potion"},{"floor":18.0,"key":"SkillPotion"},{"floor":27.0,"key":"Regen Potion"}],"is_trial":false,"path_per_floor":["M","M","?","M","M","E","R","E","T","R","?","R","?","M","R","B",null,"M","M","M","M","$","R","?","R","T","M","?"],"character_chosen":"DEFECT","items_purchased":["Self Repair","Turbo","Leap"],"campfire_rested":4,"item_purchase_floors":[22,22,22],"current_hp_per_floor":[69,68,73,66,46,11,35,11,11,35,35,35,35,33,33,6,58,60,44,34,8,8,30,9,31,31,33,35],"gold":230,"neow_bonus":"TEN_PERCENT_HP_BONUS","is_prod":false,"is_daily":false,"chose_seed":false,"campfire_upgraded":2,"win_rate":0,"timestamp":1559257738,"path_taken":["M","M","?","M","M","E","R","E","T","R","?","R","?","?","R","BOSS","M","M","?","M","?","R","?","R","T","M","?"],"build_version":"2019-01-23","purchased_purges":1,"victory":false,"max_hp_per_floor":[78,78,83,83,83,83,83,83,83,83,75,75,75,75,75,75,75,75,75,75,75,75,75,75,75,75,75,75],"card_choices":[{"not_picked":["Compile Driver","Redo"],"picked":"Defragment","floor":1.0},{"not_picked":["Coolheaded","Cold Snap"],"picked":"Storm","floor":2.0},{"not_picked":["Turbo","Barrage"],"picked":"Melter","floor":4.0},{"not_picked":["Rebound","Beam Cell"],"picked":"Storm","floor":5.0},{"not_picked":["Leap","Double Energy"],"picked":"Loop","floor":6.0},{"not_picked":["Skim","Core Surge"],"picked":"BootSequence","floor":8.0},{"not_picked":["Go for the Eyes","Streamline"],"picked":"Hello World","floor":14.0},{"not_picked":["Amplify","Multi-Cast"],"picked":"Creative AI","floor":16.0},{"not_picked":["Gash","Sunder"],"picked":"Hologram+1","floor":18.0},{"not_picked":["Conserve Battery","Ball Lightning+1","Hologram"],"picked":"SKIP","floor":19.0},{"not_picked":["Streamline","Static Discharge","Beam Cell"],"picked":"SKIP","floor":20.0},{"not_picked":["Hologram","Streamline","Lockon"],"picked":"SKIP","floor":21.0},{"not_picked":["Melter+1","Conserve Battery+1"],"picked":"Auto Shields","floor":27.0}],"player_experience":834054,"relics_obtained":[{"floor":6.0,"key":"Blood Vial"},{"floor":8.0,"key":"Bag of Marbles"},{"floor":9.0,"key":"Art of War"},{"floor":24.0,"key":"Nilry\u0027s Codex"}],"event_choices":[{"damage_healed":0.0,"max_hp_gain":5.0,"max_hp_loss":0.0,"gold_gain":0.0,"event_name":"Big Fish","player_choice":"Donut","floor":3.0,"gold_loss":0.0,"damage_taken":0.0},{"damage_healed":0.0,"max_hp_gain":0.0,"max_hp_loss":8.0,"gold_gain":0.0,"event_name":"Golden Idol","player_choice":"Lose Max HP","floor":11.0,"gold_loss":0.0,"damage_taken":0.0,"relics_obtained":["Golden Idol"]},{"damage_healed":0.0,"max_hp_gain":0.0,"max_hp_loss":0.0,"gold_gain":0.0,"event_name":"Lab","player_choice":"Got Potions","floor":13.0,"gold_loss":0.0,"damage_taken":0.0},{"damage_healed":0.0,"max_hp_gain":0.0,"max_hp_loss":0.0,"gold_gain":0.0,"event_name":"Cursed Tome","player_choice":"Obtained Book","floor":24.0,"gold_loss":0.0,"damage_taken":21.0},{"damage_healed":0,"gold_gain":0,"player_choice":"Fight","damage_taken":0,"max_hp_gain":0,"max_hp_loss":0,"event_name":"Colosseum","floor":28,"gold_loss":0}],"is_beta":false,"boss_relics":[{"not_picked":["FrozenCore","Inserter"],"picked":"Astrolabe"}],"items_purged_floors":[22],"is_endless":false,"potions_floor_spawned":[1,5,14,18,27],"killed_by":"Colosseum Slavers","ascension_level":17}