{"gold_per_floor":[362,127,127,2,21,21,81,81,163,163,173,173,173,203,203,203],"floor_reached":16,"playtime":363,"items_purged":["Injury","Regret"],"score":187,"play_id":"c1782794-171c-400f-887d-14cddc302aa8","local_time":"20190527102716","is_ascension_mode":true,"campfire_choices":[{"data":"Pommel Strike","floor":6.0,"key":"SMITH"},{"data":"Reaper","floor":10.0,"key":"SMITH"},{"data":"Carnage","floor":13.0,"key":"SMITH"},{"data":"Bash","floor":15.0,"key":"SMITH"}],"neow_cost":"CURSE","seed_source_timestamp":155250974081123,"circlet_count":0,"master_deck":["AscendersBane","Strike_R","Strike_R","Strike_R","Strike_R","Strike_R","Defend_R","Defend_R","Defend_R","Defend_R","Bash+1","Pommel Strike+1","True Grit","Reaper+1","Carnage+1"],"special_seed":0,"relics":["Burning Blood","PreservedInsect","Magic Flower","Letter Opener","Mercury Hourglass","Paper Frog","Bottled Flame"],"potions_floor_usage":[],"damage_taken":[{"damage":3.0,"enemies":"2 Louse","floor":1.0,"turns":3.0},{"damage":17.0,"enemies":"Jaw Worm","floor":5.0,"turns":5.0},{"damage":30.0,"enemies":"Lagavulin Event","floor":7.0,"turns":5.0},{"damage":7.0,"enemies":"Small Slimes","floor":11.0,"turns":3.0},{"damage":8.0,"enemies":"Gremlin Nob","floor":14.0,"turns":3.0},{"damage":69,"enemies":"Hexaghost","floor":16,"turns":7}],"seed_played":"-6659695256842109916","potions_obtained":[{"floor":1.0,"key":"AttackPotion"},{"floor":14.0,"key":"Swift Potion"}],"is_trial":false,"path_per_floor":["M","$","?","$","M","R","?","?","T","R","M","T","R","E","R","B"],"character_chosen":"IRONCLAD","items_purchased":["PreservedInsect","True Grit"],"campfire_rested":0,"item_purchase_floors":[2,4],"current_hp_per_floor":[71,71,71,71,63,63,42,42,42,42,47,47,47,56,56,0],"gold":203,"neow_bonus":"TWO_FIFTY_GOLD","is_prod":false,"is_daily":false,"chose_seed":false,"campfire_upgraded":4,"win_rate":0,"timestamp":1558974436,"path_taken":["M","$","?","$","M","R","?","?","T","R","M","?","R","E","R","BOSS"],"build_version":"2019-01-23","purchased_purges":2,"victory":false,"max_hp_per_floor":[75,75,75,75,75,75,75,75,75,75,75,75,75,75,75,75],"card_choices":[{"not_picked":["Rage","Armaments"],"picked":"Pommel Strike","floor":1.0},{"not_picked":["Iron Wave","Twin Strike","Infernal Blade"],"picked":"SKIP","floor":5.0},{"not_picked":["Iron Wave","Twin Strike","Infernal Blade"],"picked":"SKIP","floor":5.0},{"not_picked":["Anger","Clash"],"picked":"Reaper","floor":7.0},{"not_picked":["Body Slam","Dropkick"],"picked":"Carnage","floor":11.0},{"not_picked":["Twin Strike","Iron Wave","Pummel"],"picked":"SKIP","floor":14.0}],"player_experience":636041,"relics_obtained":[{"floor":7.0,"key":"Letter Opener"},{"floor":9.0,"key":"Mercury Hourglass"},{"floor":12.0,"key":"Paper Frog"},{"floor":14.0,"key":"Bottled Flame"}],"event_choices":[{"damage_healed":0.0,"max_hp_gain":0.0,"max_hp_loss":0.0,"gold_gain":0.0,"event_name":"Big Fish","player_choice":"Box","floor":3.0,"gold_loss":0.0,"damage_taken":0.0,"relics_obtained":["Magic Flower"],"cards_obtained":["Regret"]},{"damage_healed":0.0,"max_hp_gain":0.0,"max_hp_loss":0.0,"gold_gain":0.0,"event_name":"Dead Adventurer","player_choice":"Searched \u00272\u0027 times","floor":7.0,"gold_loss":0.0,"damage_taken":0.0},{"damage_healed":0.0,"max_hp_gain":0.0,"max_hp_loss":0.0,"gold_gain":0.0,"event_name":"Liars Game","player_choice":"Ignored","floor":8.0,"gold_loss":0.0,"damage_taken":0.0}],"is_beta":false,"boss_relics":[],"items_purged_floors":[2,4],"is_endless":false,"potions_floor_spawned":[1,14],"killed_by":"Hexaghost","ascension_level":19}