{"gold_per_floor":[20,34,49,65,15,47,62,62,62,81,92,112,125,135,135,239,239,253,288,22,40,40,40,73,73,73,83,99,110,110,125,125,224,224,242,252,262,262,282,282,297,327,409,235,249,249,276,296,296,296,296,296,171,203,203],"floor_reached":55,"playtime":3858,"items_purged":["Strike_G"],"score":761,"play_id":"4843dcfe-1d22-4b57-92c0-b816f4803933","local_time":"20181108162842","is_ascension_mode":false,"campfire_choices":[{"data":"Infinite Blades","floor":8,"key":"SMITH"},{"data":"After Image","floor":15,"key":"SMITH"},{"floor":23,"key":"RECALL"},{"floor":32,"key":"REST"},{"data":"Cloak And Dagger","floor":40,"key":"SMITH"},{"data":"Blade Dance","floor":46,"key":"SMITH"},{"data":"Blade Dance","floor":49,"key":"SMITH"},{"data":"Outmaneuver","floor":52,"key":"SMITH"}],"neow_cost":"NO_GOLD","seed_source_timestamp":5886246169682,"circlet_count":0,"master_deck":["Defend_G","Defend_G","Defend_G","Defend_G","Strike_G","Strike_G","Survivor","Neutralize","Outmaneuver+1","Quick Slash","After Image+1","Masterful Stab","Flechettes","Infinite Blades+1","Cloak And Dagger+1","Crippling Poison+1","Dagger Throw","Prepared","Well Laid Plans","Dodge and Roll+1","Predator+1","Footwork+1","Finisher+1","Deflect+1","Backflip","Catalyst+1","Distraction+1","After Image","Blade Dance+1","Distraction+1","Blade Dance+1","Poisoned Stab+1","Quick Slash+1","Bouncing Flask","Accuracy"],"relics":["Ring of the Snake","Oddly Smooth Stone","Bottled Lightning","WristBlade","Red Mask","TwistedFunnel","Enchiridion","The Courier","Mummified Hand","Sozu","Letter Opener","War Paint","Ancient Tea Set","Orichalcum"],"potions_floor_usage":[19,19,33,33,33,54,55],"damage_taken":[{"damage":0,"enemies":"Small Slimes","floor":1,"turns":3},{"damage":0,"enemies":"2 Louse","floor":2,"turns":4},{"damage":1,"enemies":"Cultist","floor":3,"turns":4},{"damage":0,"enemies":"2 Fungi Beasts","floor":4,"turns":4},{"damage":6,"enemies":"3 Sentries","floor":6,"turns":11},{"damage":4,"enemies":"Exordium Thugs","floor":7,"turns":6},{"damage":1,"enemies":"Exordium Wildlife","floor":10,"turns":4},{"damage":0,"enemies":"3 Louse","floor":11,"turns":4},{"damage":0,"enemies":"Large Slime","floor":12,"turns":4},{"damage":0,"enemies":"Exordium Wildlife","floor":13,"turns":2},{"damage":4,"enemies":"Looter","floor":14,"turns":4},{"damage":37,"enemies":"Hexaghost","floor":16,"turns":15},{"damage":0,"enemies":"Shell Parasite","floor":18,"turns":5},{"damage":1,"enemies":"Masked Bandits","floor":19,"turns":5},{"damage":4,"enemies":"Spheric Guardian","floor":21,"turns":4},{"damage":15,"enemies":"Gremlin Leader","floor":24,"turns":6},{"damage":0,"enemies":"Shelled Parasite and Fungi","floor":27,"turns":4},{"damage":4,"enemies":"Centurion and Healer","floor":28,"turns":5},{"damage":0,"enemies":"Chosen and Byrds","floor":29,"turns":5},{"damage":0,"enemies":"Cultist and Chosen","floor":31,"turns":5},{"damage":24,"enemies":"Automaton","floor":33,"turns":14},{"damage":0,"enemies":"Orb Walker","floor":35,"turns":3},{"damage":3,"enemies":"3 Darklings","floor":36,"turns":3},{"damage":8,"enemies":"Maw","floor":37,"turns":8},{"damage":0,"enemies":"Spire Growth","floor":39,"turns":5},{"damage":0,"enemies":"Sphere and 2 Shapes","floor":41,"turns":3},{"damage":0,"enemies":"Giant Head","floor":42,"turns":6},{"damage":0,"enemies":"Jaw Worm Horde","floor":45,"turns":3},{"damage":0,"enemies":"3 Darklings","floor":48,"turns":5},{"damage":39,"enemies":"Time Eater","floor":50,"turns":11},{"damage":31,"enemies":"Shield and Spear","floor":54,"turns":5},{"damage":48,"enemies":"The Heart","floor":55,"turns":2}],"seed_played":"-2490031626271644821","potions_obtained":[{"floor":3,"key":"FearPotion"},{"floor":4,"key":"Block Potion"},{"floor":6,"key":"Ancient Potion"},{"floor":10,"key":"SkillPotion"},{"floor":14,"key":"AttackPotion"},{"floor":19,"key":"EntropicBrew"},{"floor":27,"key":"Ancient Potion"},{"floor":29,"key":"SpeedPotion"}],"is_trial":false,"path_per_floor":["M","M","M","M","?","E","M","R","T","M","M","M","M","M","R","B",null,"M","?","$","M","?","R","E","?","T","M","M","M","$","M","R","B",null,"M","M","M","?","M","R","M","E","T","$","M","R","T","M","R","B",null,"R","$","E","B"],"character_chosen":"THE_SILENT","items_purchased":["TwistedFunnel","Footwork","War Paint","Bouncing Flask","Accuracy"],"campfire_rested":1,"item_purchase_floors":[20,20,44,53,53],"current_hp_per_floor":[70,70,69,69,69,63,59,59,59,58,58,58,58,54,54,17,70,70,69,69,65,49,49,34,34,34,34,30,30,30,30,51,27,70,70,67,59,59,59,59,59,59,59,59,59,59,59,59,59,20,70,70,70,39,0],"gold":203,"neow_bonus":"REMOVE_TWO","is_prod":false,"is_daily":false,"chose_seed":false,"campfire_upgraded":6,"win_rate":0,"timestamp":1541654922,"path_taken":["M","M","M","M","?","E","M","R","T","M","M","M","M","M","R","BOSS","M","?","$","M","?","R","E","?","T","M","M","?","$","M","R","BOSS","M","M","M","?","M","R","M","E","T","?","M","R","?","?","R","BOSS","R","$","E","BOSS"],"build_version":"2018-11-06","purchased_purges":1,"victory":false,"max_hp_per_floor":[70,70,70,70,70,70,70,70,70,70,70,70,70,70,70,70,70,70,70,70,70,70,70,70,70,70,70,70,70,70,70,70,70,70,70,70,70,70,70,70,70,70,70,70,70,70,70,70,70,70,70,70,70,70,70],"card_choices":[{"not_picked":["Backflip","Caltrops"],"picked":"Outmaneuver","floor":1},{"not_picked":["Slice","PiercingWail"],"picked":"Quick Slash","floor":2},{"not_picked":["Leg Sweep","Dodge and Roll"],"picked":"After Image","floor":3},{"not_picked":["Tactician","Cloak And Dagger"],"picked":"Masterful Stab","floor":4},{"not_picked":["Endless Agony","PiercingWail"],"picked":"Flechettes","floor":6},{"not_picked":["Backflip","Dash"],"picked":"Infinite Blades","floor":7},{"not_picked":["Dagger Throw","Slice"],"picked":"Cloak And Dagger","floor":10},{"not_picked":["Bane","Dagger Spray"],"picked":"Crippling Poison","floor":11},{"not_picked":["PiercingWail","Sucker Punch"],"picked":"Dagger Throw","floor":12},{"not_picked":["Sucker Punch","Terror"],"picked":"Prepared","floor":13},{"not_picked":["Caltrops","Sucker Punch"],"picked":"Well Laid Plans","floor":14},{"not_picked":["Outmaneuver","Dagger Spray"],"picked":"Dodge and Roll","floor":18},{"not_picked":["Storm of Steel","Backflip"],"picked":"Predator+1","floor":19},{"not_picked":["Dodge and Roll","Bane"],"picked":"Finisher+1","floor":21},{"not_picked":["Malaise","Flying Knee"],"picked":"Deflect+1","floor":24},{"not_picked":["Bane","Dagger Spray"],"picked":"Backflip","floor":27},{"not_picked":["Deadly Poison","Deflect","PiercingWail"],"picked":"SKIP","floor":28},{"not_picked":["Riddle With Holes","Blur"],"picked":"Catalyst+1","floor":29},{"not_picked":["Quick Slash","Finisher+1"],"picked":"Distraction+1","floor":31},{"not_picked":["Wraith Form v2","Corpse Explosion"],"picked":"After Image","floor":33},{"not_picked":["Flechettes+1","All Out Attack+1","Dagger Throw"],"picked":"SKIP","floor":35},{"not_picked":["Terror","Deadly Poison+1"],"picked":"Blade Dance","floor":36},{"not_picked":["Dodge and Roll+1","Reflex"],"picked":"Distraction+1","floor":37},{"not_picked":["Deadly Poison+1","Acrobatics"],"picked":"Blade Dance","floor":39},{"not_picked":["Prepared+1","Poisoned Stab","PiercingWail+1"],"picked":"SKIP","floor":41},{"not_picked":["Escape Plan","Choke+1"],"picked":"Poisoned Stab+1","floor":42},{"not_picked":["Crippling Poison","Bane","Dagger Throw"],"picked":"SKIP","floor":45},{"not_picked":["Corpse Explosion","Prepared+1"],"picked":"Quick Slash+1","floor":48},{"not_picked":["Caltrops+1","Poisoned Stab","Reflex+1"],"picked":"SKIP","floor":54}],"player_experience":195666,"relics_obtained":[{"floor":6,"key":"Oddly Smooth Stone"},{"floor":9,"key":"Bottled Lightning"},{"floor":19,"key":"Red Mask"},{"floor":22,"key":"Enchiridion"},{"floor":24,"key":"The Courier"},{"floor":26,"key":"Mummified Hand"},{"floor":42,"key":"Letter Opener"},{"floor":47,"key":"Ancient Tea Set"},{"floor":54,"key":"Orichalcum"}],"event_choices":[{"cards_removed":["Strike_G"],"damage_healed":0,"gold_gain":0,"player_choice":"Card Removal","damage_taken":0,"max_hp_gain":0,"max_hp_loss":0,"event_name":"The Cleric","floor":5,"gold_loss":50},{"damage_healed":0,"gold_gain":0,"player_choice":"Fought Bandits","damage_taken":0,"max_hp_gain":0,"max_hp_loss":0,"event_name":"Masked Bandits","floor":19,"gold_loss":0},{"damage_healed":0,"gold_gain":0,"player_choice":"Obtained Book","damage_taken":16,"max_hp_gain":0,"max_hp_loss":0,"event_name":"Cursed Tome","floor":22,"gold_loss":0},{"damage_healed":0,"gold_gain":0,"player_choice":"Forge","damage_taken":0,"max_hp_gain":0,"max_hp_loss":0,"event_name":"Accursed Blacksmith","floor":25,"gold_loss":0,"cards_upgraded":["Footwork"]},{"damage_healed":0,"gold_gain":0,"player_choice":"0 cards matched","damage_taken":0,"max_hp_gain":0,"max_hp_loss":0,"event_name":"Match and Keep!","floor":38,"gold_loss":0,"cards_obtained":[]}],"is_beta":true,"boss_relics":[{"not_picked":["Snecko Eye","Pandora\u0027s Box"],"picked":"WristBlade"},{"not_picked":["Astrolabe","Empty Cage"],"picked":"Sozu"}],"items_purged_floors":[44],"is_endless":false,"potions_floor_spawned":[3,4,6,10,14,18,19,27,29,36,37,42,54],"killed_by":"The Heart","ascension_level":0}