{"path_per_floor":["M","?","M","$","M","R","E","?","T","M","E","M","M","M","R","B",null,"M","M","?","$","M","R","?","E","T","M","R","M","M","M","R"],"character_chosen":"IRONCLAD","items_purchased":[],"gold_per_floor":[112,112,124,124,136,136,163,113,113,125,158,173,190,206,206,301,301,256,256,256,181,181,181,181,181,181,181,181,181,181,181,181,181],"floor_reached":33,"campfire_rested":0,"playtime":2164,"current_hp_per_floor":[80,73,77,77,80,80,53,53,53,59,57,50,52,48,48,34,80,61,59,56,56,54,54,54,50,57,55,55,54,58,51,51,0],"items_purged":["Bite"],"gold":181,"score":308,"play_id":"cfad6da5-38b9-4d8e-aa72-7ba25409e65e","local_time":"20180524120221","is_prod":false,"is_daily":false,"chose_seed":false,"is_ascension_mode":false,"campfire_upgraded":5,"timestamp":1527127341,"campfire_choices":[{"data":"Infernal Blade","floor":6,"key":"SMITH"},{"data":"Seeing Red","floor":15,"key":"SMITH"},{"data":"Demon Form","floor":23,"key":"SMITH"},{"data":"Pummel","floor":28,"key":"SMITH"},{"data":"Spot Weakness","floor":32,"key":"SMITH"}],"path_taken":["M","?","?","?","M","R","E","?","T","M","E","M","M","M","R","BOSS","M","M","?","$","M","R","?","E","T","M","R","M","M","M","R","BOSS"],"build_version":"2018-05-17","seed_source_timestamp":9419311304362,"purchased_purges":2,"victory":false,"master_deck":["Defend_R","Defend_R","Defend_R","Defend_R","Bash","Sever Soul","Carnage","Infernal Blade+1","Seeing Red+1","Spot Weakness+1","Demon Form+1","Spot Weakness","Spot Weakness","Thunderclap","Sword Boomerang+1","Flex+1","Bite","Bite","Bite","Bite","Havoc+1","Sentinel+1","Pummel+1","Twin Strike+1"],"max_hp_per_floor":[80,80,80,80,80,80,80,80,80,80,80,80,80,80,80,80,80,80,80,56,56,56,56,56,56,63,63,63,63,63,63,63,63],"relics":["Burning Blood","Bronze Scales","Darkstone Periapt","Meat on the Bone","Art of War","Du-Vu Doll","Ectoplasm","Thread and Needle","Strawberry"],"card_choices":[{"not_picked":["Bloodletting","Evolve"],"picked":"Sever Soul","floor":1},{"not_picked":["Cleave","Wild Strike"],"picked":"Carnage","floor":3},{"not_picked":["Armaments","Shockwave"],"picked":"Infernal Blade","floor":5},{"not_picked":["Havoc","Feel No Pain"],"picked":"Seeing Red","floor":7},{"not_picked":["Combust","Bloodletting"],"picked":"Spot Weakness","floor":10},{"not_picked":["Pommel Strike","Sword Boomerang"],"picked":"Demon Form","floor":11},{"not_picked":["Sword Boomerang","Clothesline"],"picked":"Spot Weakness","floor":12},{"not_picked":["Evolve","Carnage"],"picked":"Spot Weakness","floor":13},{"not_picked":["Dropkick","True Grit"],"picked":"Thunderclap","floor":14},{"not_picked":["Iron Wave","Flame Barrier"],"picked":"Sword Boomerang+1","floor":18},{"not_picked":["Warcry","Uppercut"],"picked":"Flex+1","floor":19},{"not_picked":["True Grit","Sentinel"],"picked":"Havoc+1","floor":22},{"not_picked":["Second Wind+1","Anger"],"picked":"Sentinel+1","floor":25},{"not_picked":["Havoc","Inflame"],"picked":"Pummel","floor":27},{"not_picked":["Body Slam","Fire Breathing","Wild Strike+1"],"picked":"SKIP","floor":29},{"not_picked":["Thunderclap","Warcry+1"],"picked":"Twin Strike+1","floor":30},{"not_picked":["Entrench","Ghostly Armor","Clothesline"],"picked":"SKIP","floor":31}],"player_experience":68855,"potions_floor_usage":[7,10,16,16,22,25,25,29,33],"damage_taken":[{"damage":2,"enemies":"Small Slimes","floor":1,"turns":4},{"damage":2,"enemies":"2 Louse","floor":3,"turns":3},{"damage":1,"enemies":"Cultist","floor":5,"turns":3},{"damage":33,"enemies":"Lagavulin","floor":7,"turns":5},{"damage":0,"enemies":"Red Slaver","floor":10,"turns":3},{"damage":8,"enemies":"3 Sentries","floor":11,"turns":5},{"damage":13,"enemies":"Large Slime","floor":12,"turns":4},{"damage":4,"enemies":"2 Fungi Beasts","floor":13,"turns":4},{"damage":10,"enemies":"Looter","floor":14,"turns":3},{"damage":32,"enemies":"Hexaghost","floor":16,"turns":8},{"damage":25,"enemies":"2 Thieves","floor":18,"turns":4},{"damage":8,"enemies":"Chosen","floor":19,"turns":4},{"damage":12,"enemies":"Centurion and Healer","floor":22,"turns":3},{"damage":16,"enemies":"Slavers","floor":25,"turns":4},{"damage":12,"enemies":"Sentry and Sphere","floor":27,"turns":4},{"damage":13,"enemies":"Snecko","floor":29,"turns":4},{"damage":6,"enemies":"Slaver and Parasite","floor":30,"turns":4},{"damage":18,"enemies":"Cultist and Chosen","floor":31,"turns":6},{"damage":65,"enemies":"Champ","floor":33,"turns":8}],"relics_obtained":[{"floor":7,"key":"Meat on the Bone"},{"floor":9,"key":"Art of War"},{"floor":11,"key":"Du-Vu Doll"},{"floor":25,"key":"Thread and Needle"},{"floor":26,"key":"Strawberry"}],"event_choices":[{"event_name":"Scrap Ooze","player_choice":"success","floor":2,"damage_taken":7},{"event_name":"The Cleric","player_choice":"Card Removal","floor":8,"damage_taken":0},{"event_name":"Vampires","player_choice":"Became a vampire","floor":20,"damage_taken":0},{"event_name":"Ghosts","player_choice":"Ignored","floor":24,"damage_taken":0}],"boss_relics":[{"not_picked":["Runic Cube","Astrolabe"],"picked":"Ectoplasm"}],"potions_floor_spawned":[1,3,12,13,14,18,19,22,30],"seed_played":"9203786254812694978","killed_by":"Champ","ascension_level":0,"potions_obtained":[{"floor":1,"key":"SpeedPotion"},{"floor":3,"key":"PowerPotion"},{"floor":12,"key":"GamblersBrew"},{"floor":13,"key":"Energy Potion"},{"floor":14,"key":"Block Potion"},{"floor":18,"key":"Weak Potion"},{"floor":19,"key":"EssenceOfSteel"},{"floor":22,"key":"EssenceOfSteel"},{"floor":30,"key":"SpeedPotion"}],"is_trial":false}