{"gold_per_floor":[113,125,144,144,144,144,174,174,174,207,207,282,292,303,303,398,398,383,403,414,414],"floor_reached":21,"playtime":1127,"items_purged":[],"score":287,"play_id":"f927fb9f-53f6-4dbc-bf7d-1d978d0c2137","local_time":"20190527194949","is_ascension_mode":true,"campfire_choices":[{"data":"Neutralize","floor":6,"key":"SMITH"},{"data":"Quick Slash","floor":8,"key":"SMITH"},{"data":"Dagger Spray","floor":15,"key":"SMITH"}],"neow_cost":"NONE","seed_source_timestamp":3525312184731182,"circlet_count":0,"master_deck":["AscendersBane","Defend_G","Defend_G","Defend_G+1","Defend_G","Defend_G","Strike_G","Strike_G","Strike_G","Strike_G","Strike_G","Survivor+1","Neutralize+1","Quick Slash+1","Sucker Punch+1","Slice","Well Laid Plans","Dagger Spray+1","Blur","Infinite Blades","Envenom","Dagger Throw","Backflip+1","PiercingWail+1"],"relics":["Ring of the Snake","War Paint","Question Card","Ornamental Fan","Unceasing Top","Philosopher\u0027s Stone"],"potions_floor_usage":[14,16,18],"damage_taken":[{"damage":0,"enemies":"Cultist","floor":1,"turns":4},{"damage":4,"enemies":"Jaw Worm","floor":2,"turns":6},{"damage":2,"enemies":"2 Louse","floor":3,"turns":3},{"damage":27,"enemies":"Lagavulin","floor":7,"turns":8},{"damage":6,"enemies":"3 Sentries","floor":10,"turns":9},{"damage":0,"enemies":"2 Fungi Beasts","floor":13,"turns":3},{"damage":5,"enemies":"Large Slime","floor":14,"turns":6},{"damage":7,"enemies":"Slime Boss","floor":16,"turns":9},{"damage":15,"enemies":"2 Thieves","floor":18,"turns":4},{"damage":31,"enemies":"Spheric Guardian","floor":19,"turns":6},{"damage":11,"enemies":"Cultist and Chosen","floor":20,"turns":7},{"damage":12,"enemies":"Snecko","floor":21,"turns":3}],"seed_played":"-388104863558876786","potions_obtained":[{"floor":1,"key":"Fire Potion"},{"floor":13,"key":"Regen Potion"},{"floor":16,"key":"LiquidBronze"},{"floor":19,"key":"SpeedPotion"}],"is_trial":false,"path_per_floor":["M","M","M","?","?","R","E","R","T","E","?","?","M","M","R","B",null,"M","M","M","M"],"character_chosen":"THE_SILENT","items_purchased":[],"campfire_rested":0,"item_purchase_floors":[],"current_hp_per_floor":[63,59,57,57,57,57,30,30,30,24,47,36,36,43,43,36,62,47,16,5,0],"gold":414,"neow_bonus":"RANDOM_COMMON_RELIC","is_prod":false,"is_daily":false,"chose_seed":false,"campfire_upgraded":3,"win_rate":0,"timestamp":1559000989,"path_taken":["M","M","?","?","?","R","E","R","T","E","?","?","M","M","R","BOSS","M","M","M","M"],"build_version":"2019-01-23","purchased_purges":0,"victory":false,"max_hp_per_floor":[70,70,70,70,70,70,70,70,70,70,70,70,70,70,70,70,70,70,70,70,70],"card_choices":[{"not_picked":["Escape Plan","Flying Knee"],"picked":"Quick Slash","floor":1},{"not_picked":["Outmaneuver","Predator"],"picked":"Sucker Punch","floor":2},{"not_picked":["Sucker Punch","PiercingWail"],"picked":"Slice","floor":3},{"not_picked":["Prepared","Underhanded Strike"],"picked":"Well Laid Plans","floor":7},{"not_picked":["Deflect","Dash","Calculated Gamble"],"picked":"Dagger Spray","floor":10},{"not_picked":["Blade Dance","Slice","Phantasmal Killer"],"picked":"Blur","floor":13},{"not_picked":["Expertise","Bane","Deflect"],"picked":"Infinite Blades","floor":14},{"not_picked":["Grand Finale","Doppelganger","A Thousand Cuts"],"picked":"Envenom","floor":16},{"not_picked":["Sucker Punch","Tactician","Outmaneuver"],"picked":"Dagger Throw","floor":18},{"not_picked":["Blade Dance","Expertise","Heel Hook+1"],"picked":"Backflip+1","floor":19},{"not_picked":["Bane+1","Deflect","Prepared"],"picked":"PiercingWail+1","floor":20}],"player_experience":165537,"relics_obtained":[{"floor":7,"key":"Question Card"},{"floor":9,"key":"Ornamental Fan"},{"floor":10,"key":"Unceasing Top"}],"event_choices":[{"damage_healed":0,"gold_gain":0,"player_choice":"Ignored","damage_taken":0,"max_hp_gain":0,"max_hp_loss":0,"event_name":"Liars Game","floor":4,"gold_loss":0},{"damage_healed":0,"gold_gain":0,"player_choice":"Grow","damage_taken":0,"max_hp_gain":0,"max_hp_loss":0,"event_name":"Living Wall","floor":5,"gold_loss":0,"cards_upgraded":["Sucker Punch"]},{"damage_healed":23,"gold_gain":0,"player_choice":"Banana","damage_taken":0,"max_hp_gain":0,"max_hp_loss":0,"event_name":"Big Fish","floor":11,"gold_loss":0},{"damage_healed":0,"gold_gain":75,"player_choice":"Gather Gold","damage_taken":11,"max_hp_gain":0,"max_hp_loss":0,"event_name":"World of Goop","floor":12,"gold_loss":0}],"is_beta":false,"boss_relics":[{"not_picked":["Lizard Tail","Tiny House"],"picked":"Philosopher\u0027s Stone"}],"items_purged_floors":[],"is_endless":false,"potions_floor_spawned":[1,13,16,19],"killed_by":"Snecko","ascension_level":10}