{"gold_per_floor":[211,191,206,53,65,100,100,115,115,146,164,164,176,208,208,307,307,327,242,257,63,63,63,37,65,365,365,399,399,194,210,210,314,314,334,344,36,136,147,147,177,189,225,257,286,298,339,371,383,395],"floor_reached":50,"playtime":2253,"items_purged":["Strike_R","Defend_R"],"score":859,"play_id":"89a5e7c1-a4b1-40d5-b5a2-703e2306a934","local_time":"20190423003516","is_ascension_mode":true,"campfire_choices":[{"data":"Inflame","floor":7.0,"key":"SMITH"},{"data":"Iron Wave","floor":12.0,"key":"SMITH"},{"floor":15.0,"key":"REST"},{"data":"Uppercut","floor":23.0,"key":"SMITH"},{"floor":27.0,"key":"REST"},{"floor":32.0,"key":"REST"},{"data":"Cleave","floor":40.0,"key":"SMITH"},{"data":"Carnage","floor":46.0,"key":"SMITH"},{"data":"Iron Wave","floor":49,"key":"SMITH"}],"neow_cost":"NONE","seed_source_timestamp":783505795889034,"circlet_count":0,"master_deck":["Strike_R","Strike_R","Strike_R","Strike_R","Defend_R+1","Defend_R","Defend_R+1","Bash","Iron Wave+1","Inflame+1","Pommel Strike","Carnage+1","Iron Wave+1","Uppercut+1","Cleave+1","Shrug It Off","Armaments+1","Iron Wave+1","Pommel Strike+1","Parasite"],"special_seed":0,"relics":["Burning Blood","Pen Nib","Bag of Preparation","Smiling Mask","Singing Bowl","Turnip","Busted Crown","Boot","Orichalcum","Vajra","Old Coin","War Paint","Happy Flower","Regal Pillow","Coffee Dripper","Ginger","MawBank","Juzu Bracelet","Oddly Smooth Stone"],"potions_floor_usage":[47,47,50],"damage_taken":[{"damage":10.0,"enemies":"Small Slimes","floor":1.0,"turns":4.0},{"damage":1.0,"enemies":"Cultist","floor":3.0,"turns":3.0},{"damage":0.0,"enemies":"2 Louse","floor":5.0,"turns":3.0},{"damage":27.0,"enemies":"Gremlin Nob","floor":6.0,"turns":4.0},{"damage":9.0,"enemies":"Blue Slaver","floor":8.0,"turns":4.0},{"damage":30.0,"enemies":"3 Sentries","floor":10.0,"turns":8.0},{"damage":7.0,"enemies":"Exordium Wildlife","floor":11.0,"turns":4.0},{"damage":21.0,"enemies":"Exordium Thugs","floor":13.0,"turns":5.0},{"damage":25.0,"enemies":"Gremlin Nob","floor":14.0,"turns":4.0},{"damage":13.0,"enemies":"Slime Boss","floor":16.0,"turns":8.0},{"damage":11.0,"enemies":"Spheric Guardian","floor":18.0,"turns":3.0},{"damage":14.0,"enemies":"Shell Parasite","floor":20.0,"turns":4.0},{"damage":39.0,"enemies":"Gremlin Leader","floor":25.0,"turns":6.0},{"damage":15.0,"enemies":"Book of Stabbing","floor":28.0,"turns":4.0},{"damage":18.0,"enemies":"Centurion and Healer","floor":31.0,"turns":4.0},{"damage":64.0,"enemies":"Automaton","floor":33.0,"turns":11.0},{"damage":9.0,"enemies":"3 Shapes","floor":35.0,"turns":4.0},{"damage":0.0,"enemies":"Orb Walker","floor":36.0,"turns":2.0},{"damage":1.0,"enemies":"Maw","floor":39.0,"turns":5.0},{"damage":55.0,"enemies":"Giant Head","floor":41.0,"turns":8.0},{"damage":13.0,"enemies":"Writhing Mass","floor":44.0,"turns":4.0},{"damage":0.0,"enemies":"Sphere and 2 Shapes","floor":45.0,"turns":3.0},{"damage":9,"enemies":"Reptomancer","floor":47,"turns":4},{"damage":8,"enemies":"4 Shapes","floor":48,"turns":8},{"damage":46,"enemies":"Donu and Deca","floor":50,"turns":5}],"seed_played":"-1562031101569159057","potions_obtained":[{"floor":2.0,"key":"BloodPotion"},{"floor":3.0,"key":"AttackPotion"},{"floor":5.0,"key":"FairyPotion"},{"floor":13.0,"key":"Swift Potion"},{"floor":14.0,"key":"Block Potion"},{"floor":18.0,"key":"Energy Potion"},{"floor":28.0,"key":"PowerPotion"},{"floor":36.0,"key":"Fire Potion"},{"floor":39.0,"key":"FearPotion"},{"floor":44.0,"key":"AttackPotion"}],"is_trial":false,"path_per_floor":["M","?","M","$","M","E","R","M","T","E","M","R","M","E","R","B",null,"M","?","M","$","?","R","$","E","T","R","E","T","$","M","R","B",null,"M","M","$","?","M","R","E","?","T","M","M","R","E","M","R","B"],"character_chosen":"IRONCLAD","items_purchased":["Pen Nib","Orichalcum","Cleave","Regal Pillow","Ginger"],"campfire_rested":3,"item_purchase_floors":[4,21,24,30,37],"current_hp_per_floor":[68,68,73,73,79,58,58,55,55,33,32,32,19,10,35,30,74,69,69,63,63,45,45,45,12,12,40,31,31,31,21,65,9,77,76,82,82,82,89,89,40,40,40,35,43,43,42,42,42,0],"gold":395,"neow_bonus":"HUNDRED_GOLD","is_prod":false,"is_daily":false,"chose_seed":false,"campfire_upgraded":6,"win_rate":0,"timestamp":1556001316,"path_taken":["M","?","M","?","M","E","R","?","T","E","M","R","M","E","R","BOSS","M","?","M","$","?","R","?","E","T","R","E","?","$","M","R","BOSS","M","M","$","?","?","R","E","?","T","M","M","R","E","M","R","BOSS"],"build_version":"2019-01-23","purchased_purges":2,"victory":false,"max_hp_per_floor":[80,80,80,80,80,80,80,80,80,82,82,82,84,86,86,88,88,88,88,90,90,95,95,95,95,95,95,95,95,95,97,97,99,99,101,101,101,101,103,103,103,103,103,105,107,107,109,111,111,111],"card_choices":[{"not_picked":["Anger","Bloodletting"],"picked":"Iron Wave","floor":1.0},{"not_picked":["Rampage","Heavy Blade"],"picked":"Inflame","floor":3.0},{"not_picked":["Feel No Pain","Bludgeon","Warcry"],"picked":"SKIP","floor":5.0},{"not_picked":["Blood for Blood","Shrug It Off"],"picked":"Pommel Strike","floor":6.0},{"not_picked":["Clash","Armaments"],"picked":"Carnage","floor":8.0},{"not_picked":["Sever Soul","Sword Boomerang","Havoc"],"picked":"Singing Bowl","floor":10.0},{"not_picked":["Searing Blow","Body Slam"],"picked":"Iron Wave","floor":11.0},{"not_picked":["Feed","Anger","True Grit"],"picked":"Singing Bowl","floor":13.0},{"not_picked":["Armaments","Clothesline","Flex"],"picked":"Singing Bowl","floor":14.0},{"not_picked":["Fiend Fire","Dark Embrace","Exhume"],"picked":"Singing Bowl","floor":16.0},{"not_picked":[],"picked":"Uppercut","floor":18.0},{"not_picked":["Intimidate"],"picked":"Singing Bowl","floor":20.0},{"not_picked":[],"picked":"Shrug It Off","floor":25.0},{"not_picked":[],"picked":"Armaments+1","floor":28.0},{"not_picked":["Wild Strike+1"],"picked":"Singing Bowl","floor":31.0},{"not_picked":["Bludgeon"],"picked":"Singing Bowl","floor":33.0},{"not_picked":["Seeing Red+1"],"picked":"Singing Bowl","floor":35.0},{"not_picked":[],"picked":"Iron Wave+1","floor":36.0},{"not_picked":["Havoc+1"],"picked":"Singing Bowl","floor":39.0},{"not_picked":[],"picked":"Pommel Strike+1","floor":41.0},{"not_picked":["Sever Soul+1"],"picked":"Singing Bowl","floor":44.0},{"not_picked":["Havoc"],"picked":"Singing Bowl","floor":45.0},{"not_picked":["Second Wind"],"picked":"Singing Bowl","floor":47},{"not_picked":["Heavy Blade+1"],"picked":"Singing Bowl","floor":48}],"player_experience":521942,"relics_obtained":[{"floor":6.0,"key":"Bag of Preparation"},{"floor":9.0,"key":"Smiling Mask"},{"floor":10.0,"key":"Singing Bowl"},{"floor":14.0,"key":"Turnip"},{"floor":25.0,"key":"Vajra"},{"floor":26.0,"key":"Old Coin"},{"floor":28.0,"key":"War Paint"},{"floor":29.0,"key":"Happy Flower"},{"floor":41.0,"key":"MawBank"},{"floor":43.0,"key":"Juzu Bracelet"},{"floor":47,"key":"Oddly Smooth Stone"}],"event_choices":[{"damage_healed":0.0,"max_hp_gain":0.0,"max_hp_loss":0.0,"gold_gain":0.0,"event_name":"The Woman in Blue","player_choice":"Bought 1 Potion","floor":2.0,"gold_loss":0.0,"damage_taken":0.0},{"damage_healed":0.0,"max_hp_gain":0.0,"max_hp_loss":0.0,"gold_gain":0.0,"event_name":"Addict","player_choice":"Obtained Relic","floor":19.0,"gold_loss":85.0,"damage_taken":0.0,"relics_obtained":["Boot"]},{"damage_healed":0.0,"max_hp_gain":5.0,"max_hp_loss":0.0,"gold_gain":0.0,"event_name":"Forgotten Altar","player_choice":"Shed Blood","floor":22.0,"gold_loss":0.0,"damage_taken":23.0},{"damage_healed":0.0,"max_hp_gain":0.0,"max_hp_loss":0.0,"gold_gain":100.0,"event_name":"Golden Shrine","player_choice":"Pray","floor":38.0,"gold_loss":0.0,"damage_taken":0.0},{"damage_healed":0.0,"max_hp_gain":0.0,"max_hp_loss":0.0,"gold_gain":0.0,"event_name":"Mysterious Sphere","player_choice":"Ignored","floor":42.0,"gold_loss":0.0,"damage_taken":0.0}],"is_beta":false,"boss_relics":[{"not_picked":["Runic Dome","White Beast Statue"],"picked":"Busted Crown"},{"not_picked":["Pandora\u0027s Box","Calling Bell"],"picked":"Coffee Dripper"}],"items_purged_floors":[21,30],"is_endless":false,"potions_floor_spawned":[3,5,13,14,18,28,36,39,44],"killed_by":"Donu and Deca","ascension_level":8}