{"gold_per_floor":[418,428,39,39,51,51,86,86,138,138,157,157,157,189,189,293,293,312,312,312,331,343,343,376,407,407,407,407,421,34,54,54,156,156,172,192,192,102,118,150,150,170,170,180,55,72,106,124,124,124],"floor_reached":51,"playtime":5005,"items_purged":["Normality","Writhe","Strike_G"],"score":926,"play_id":"0bc29349-5a29-47fa-8080-331cbbca0336","local_time":"20190604151755","is_ascension_mode":true,"campfire_choices":[{"data":"Cloak And Dagger","floor":6,"key":"SMITH"},{"floor":8,"key":"REST"},{"data":"Deflect","floor":10,"key":"SMITH"},{"data":"Venomology","floor":15,"key":"SMITH"},{"floor":23,"key":"REST"},{"floor":32,"key":"REST"},{"floor":41,"key":"REST"},{"floor":49,"key":"REST"}],"neow_cost":"CURSE","seed_source_timestamp":495008311781875,"circlet_count":0,"master_deck":["Defend_G","Defend_G","Defend_G","Defend_G","Defend_G","Strike_G","Survivor","Neutralize","Quick Slash","Poisoned Stab","Infinite Blades","Deflect+1","Cloak And Dagger+1","Terror","Venomology+1","Burst","Noxious Fumes+1","Acrobatics+1","Outmaneuver+1","Corpse Explosion","Dash+1","Backstab+1","Envenom","Panache","Panache","Backstab","Dash","Prepared","Sucker Punch+1","Bouncing Flask","Flying Knee+1"],"relics":["Ring of the Snake","Old Coin","Ninja Scroll","Art of War","Vajra","Kunai","Pantograph","Fusion Hammer","Meat on the Bone","Red Mask","Question Card","Gremlin Horn","Singing Bowl","FossilizedHelix","Runic Pyramid","Oddly Smooth Stone","Potion Belt","Happy Flower"],"potions_floor_usage":[16,16,18,21,21,22,22,24,25,25,25,29,31,33,33,35,36,39,39,40,42,42,47,48,50,50,50,50,50],"damage_taken":[{"damage":0,"enemies":"2 Louse","floor":1,"turns":3},{"damage":2,"enemies":"Cultist","floor":2,"turns":4},{"damage":0,"enemies":"Small Slimes","floor":5,"turns":2},{"damage":34,"enemies":"Lagavulin","floor":7,"turns":7},{"damage":0,"enemies":"Blue Slaver","floor":11,"turns":3},{"damage":3,"enemies":"3 Sentries","floor":14,"turns":6},{"damage":0,"enemies":"Slime Boss","floor":16,"turns":7},{"damage":0,"enemies":"2 Thieves","floor":18,"turns":5},{"damage":0,"enemies":"Shell Parasite","floor":21,"turns":4},{"damage":4,"enemies":"Snake Plant","floor":22,"turns":4},{"damage":9,"enemies":"Gremlin Leader","floor":24,"turns":7},{"damage":14,"enemies":"Masked Bandits","floor":25,"turns":4},{"damage":9,"enemies":"3 Cultists","floor":29,"turns":4},{"damage":0,"enemies":"Sentry and Sphere","floor":31,"turns":5},{"damage":19,"enemies":"Collector","floor":33,"turns":9},{"damage":0,"enemies":"Orb Walker","floor":35,"turns":3},{"damage":0,"enemies":"3 Shapes","floor":36,"turns":4},{"damage":0,"enemies":"Writhing Mass","floor":39,"turns":4},{"damage":2,"enemies":"Nemesis","floor":40,"turns":5},{"damage":0,"enemies":"Transient","floor":42,"turns":5},{"damage":0,"enemies":"Jaw Worm Horde","floor":44,"turns":3},{"damage":8,"enemies":"Sphere and 2 Shapes","floor":46,"turns":4},{"damage":0,"enemies":"Reptomancer","floor":47,"turns":6},{"damage":12,"enemies":"Maw","floor":48,"turns":5},{"damage":70,"enemies":"Time Eater","floor":50,"turns":12}],"seed_played":"7379964169275654419","potions_obtained":[{"floor":5,"key":"Regen Potion"},{"floor":7,"key":"FearPotion"},{"floor":14,"key":"Fire Potion"},{"floor":22,"key":"GamblersBrew"},{"floor":25,"key":"Explosive Potion"},{"floor":31,"key":"Fire Potion"},{"floor":33,"key":"EssenceOfSteel"},{"floor":35,"key":"Swift Potion"},{"floor":42,"key":"FearPotion"},{"floor":44,"key":"Regen Potion"},{"floor":48,"key":"Weak Potion"}],"is_trial":false,"path_per_floor":["?","M","?","?","?","?","?","T","?","M","?","?","M","$"],"character_chosen":"THE_SILENT","items_purchased":["Infinite Blades","Ninja Scroll","FossilizedHelix"],"campfire_rested":5,"item_purchase_floors":[3,3,30],"current_hp_per_floor":[70,68,68,68,68,68,34,55,55,55,55,52,45,42,42,67,70,70,70,57,57,53,75,66,52,52,52,52,43,43,45,68,58,77,79,81,73,73,73,71,83,83,83,83,83,77,85,73,85,27],"gold":124,"neow_bonus":"ONE_RARE_RELIC","is_prod":false,"is_daily":false,"chose_seed":false,"campfire_upgraded":3,"win_rate":0,"timestamp":1559690275,"path_taken":["M","M","$","?","M","R","E","R","T","R","?","?","?","E","R","BOSS","M","?","?","M","M","R","E","?","T","?","?","?","$","M","R","BOSS","M","M","?","?","M","E","R","?","T","M","?","M","E","M","R","BOSS"],"build_version":"2019-01-23","purchased_purges":3,"victory":true,"max_hp_per_floor":[70,70,70,70,70,70,70,70,70,70,70,70,70,70,70,70,70,70,70,75,75,75,75,75,75,75,75,75,75,75,77,77,77,77,79,81,83,83,83,83,83,83,83,83,83,85,85,85,85,85],"card_choices":[{"not_picked":["Reflex","Distraction"],"picked":"Quick Slash","floor":1},{"not_picked":["Dodge and Roll","Blade Dance"],"picked":"Poisoned Stab","floor":2},{"not_picked":["PiercingWail","Slice"],"picked":"Cloak And Dagger","floor":5},{"not_picked":["Dagger Spray","Sucker Punch","Calculated Gamble"],"picked":"SKIP","floor":7},{"not_picked":["Accuracy","Heel Hook"],"picked":"Terror","floor":11},{"not_picked":["Dagger Spray","Slice"],"picked":"Venomology","floor":14},{"not_picked":["A Thousand Cuts","Unload"],"picked":"Burst","floor":16},{"not_picked":["Setup","PiercingWail"],"picked":"Noxious Fumes","floor":18},{"not_picked":["Flechettes+1","Flying Knee+1"],"picked":"Acrobatics+1","floor":21},{"not_picked":["Backflip","Prepared"],"picked":"Outmaneuver+1","floor":22},{"not_picked":["Tactician","Caltrops"],"picked":"Corpse Explosion","floor":24},{"not_picked":["Underhanded Strike","Well Laid Plans"],"picked":"Dash+1","floor":25},{"not_picked":["Dodge and Roll+1","Expertise","Dagger Throw"],"picked":"Backstab+1","floor":29},{"not_picked":["Quick Slash","Underhanded Strike","Acrobatics","Deflect"],"picked":"Singing Bowl","floor":31},{"not_picked":["Glass Knife","Wraith Form v2","A Thousand Cuts"],"picked":"Envenom","floor":33},{"not_picked":["Quick Slash","Escape Plan","Cloak And Dagger","PiercingWail+1"],"picked":"Singing Bowl","floor":35},{"not_picked":["Distraction+1","Terror","Heel Hook","Well Laid Plans"],"picked":"Singing Bowl","floor":36},{"not_picked":["Chrysalis","Enlightenment","Madness"],"picked":"Panache","floor":37},{"not_picked":["Good Instincts","Forethought","Madness"],"picked":"Panache","floor":37},{"not_picked":["Enlightenment","Good Instincts","Finesse","Madness"],"picked":"Singing Bowl","floor":37},{"not_picked":["Sucker Punch+1","Deflect+1","Eviscerate+1"],"picked":"Backstab","floor":39},{"not_picked":["Flying Knee+1","Heel Hook+1","Crippling Poison"],"picked":"Dash","floor":40},{"not_picked":["Bane+1","Leg Sweep","Terror"],"picked":"Prepared","floor":42},{"not_picked":["Dodge and Roll","Slice+1","Poisoned Stab+1"],"picked":"Sucker Punch+1","floor":44},{"not_picked":["Well Laid Plans","Deflect","Bane+1","Poisoned Stab"],"picked":"Singing Bowl","floor":46},{"not_picked":["Flying Knee+1","Acrobatics","Reflex"],"picked":"Bouncing Flask","floor":47},{"not_picked":["Bane+1","Sucker Punch","Poisoned Stab+1"],"picked":"Flying Knee+1","floor":48}],"player_experience":174432,"relics_obtained":[{"floor":7,"key":"Art of War"},{"floor":9,"key":"Vajra"},{"floor":14,"key":"Pantograph"},{"floor":24,"key":"Meat on the Bone"},{"floor":25,"key":"Red Mask"},{"floor":26,"key":"Question Card"},{"floor":27,"key":"Gremlin Horn"},{"floor":40,"key":"Oddly Smooth Stone"},{"floor":43,"key":"Potion Belt"},{"floor":47,"key":"Happy Flower"}],"event_choices":[{"damage_healed":0,"gold_gain":0,"cards_transformed":["Strike_G"],"player_choice":"Transformed","damage_taken":0,"max_hp_gain":0,"max_hp_loss":0,"event_name":"Transmorgrifier","floor":4,"gold_loss":0,"cards_obtained":["Deflect"]},{"damage_healed":0,"gold_gain":0,"player_choice":"Success","damage_taken":3,"relics_obtained":["Kunai"],"max_hp_gain":0,"max_hp_loss":0,"event_name":"Scrap Ooze","floor":12,"gold_loss":0},{"cards_removed":["Strike_G"],"damage_healed":0,"gold_gain":0,"player_choice":"Card Removal","damage_taken":7,"max_hp_gain":0,"max_hp_loss":0,"event_name":"Golden Wing","floor":13,"gold_loss":0},{"damage_healed":0,"gold_gain":0,"player_choice":"Ignored","damage_taken":0,"max_hp_gain":0,"max_hp_loss":0,"event_name":"Vampires","floor":19,"gold_loss":0},{"damage_healed":0,"gold_gain":0,"player_choice":"Shed Blood","damage_taken":18,"max_hp_gain":5,"max_hp_loss":0,"event_name":"Forgotten Altar","floor":20,"gold_loss":0},{"damage_healed":0,"gold_gain":0,"player_choice":"Fought Bandits","damage_taken":0,"max_hp_gain":0,"max_hp_loss":0,"event_name":"Masked Bandits","floor":25,"gold_loss":0},{"damage_healed":0,"gold_gain":0,"player_choice":"Opened","damage_taken":0,"relics_obtained":["Singing Bowl"],"max_hp_gain":0,"max_hp_loss":0,"event_name":"The Mausoleum","floor":28,"gold_loss":0,"cards_obtained":["Writhe"]},{"damage_healed":0,"gold_gain":0,"player_choice":"Memory 3","damage_taken":10,"max_hp_gain":0,"max_hp_loss":0,"event_name":"SensoryStone","floor":37,"gold_loss":0},{"cards_removed":["Strike_G"],"damage_healed":0,"gold_gain":0,"player_choice":"Upgrade and Remove","damage_taken":0,"max_hp_gain":0,"max_hp_loss":0,"event_name":"Designer","floor":38,"gold_loss":90,"cards_upgraded":["Noxious Fumes"]}],"is_beta":false,"boss_relics":[{"not_picked":["Coffee Dripper","Runic Dome"],"picked":"Fusion Hammer"},{"not_picked":["Astrolabe","Snecko Eye"],"picked":"Runic Pyramid"}],"items_purged_floors":[3,30,45],"is_endless":false,"potions_floor_spawned":[5,7,14,22,25,31,33,35,36,42,44,48],"ascension_level":3}