{"gold_per_floor":[214,228,244,85,85,85,160,189,241,241,78,88,88,102,102,102],"floor_reached":16,"playtime":566,"items_purged":[],"score":195,"play_id":"d1a059d6-8f05-407c-b721-3dab4486684a","local_time":"20190331010906","is_ascension_mode":true,"campfire_choices":[{"data":"Footwork","floor":6,"key":"SMITH"},{"data":"Neutralize","floor":13,"key":"SMITH"},{"data":"Noxious Fumes","floor":15,"key":"SMITH"}],"neow_cost":"NONE","seed_source_timestamp":187302519321064,"circlet_count":0,"master_deck":["AscendersBane","Defend_G","Defend_G","Defend_G","Defend_G","Defend_G","Strike_G","Strike_G","Strike_G","Strike_G","Strike_G","Survivor","Neutralize+1","Flying Knee","Blur","Footwork+1","Skewer+1","Noxious Fumes+1"],"relics":["Ring of the Snake","Strawberry","Ancient Tea Set","Lantern"],"potions_floor_usage":[8,16],"damage_taken":[{"damage":4,"enemies":"Cultist","floor":1,"turns":6},{"damage":2,"enemies":"Jaw Worm","floor":2,"turns":4},{"damage":8,"enemies":"Small Slimes","floor":3,"turns":6},{"damage":31,"enemies":"Gremlin Nob","floor":8,"turns":6},{"damage":1,"enemies":"2 Fungi Beasts","floor":12,"turns":2},{"damage":0,"enemies":"Looter","floor":14,"turns":1},{"damage":35,"enemies":"Slime Boss","floor":16,"turns":9}],"seed_played":"3635468797902292346","potions_obtained":[{"floor":2,"key":"EssenceOfSteel"},{"floor":12,"key":"Energy Potion"}],"is_trial":false,"path_per_floor":["M","M","M","$","?","R","?","E","T","?","$","M","R","M","R","B"],"character_chosen":"THE_SILENT","items_purchased":["Footwork","Skewer","Lantern"],"campfire_rested":0,"item_purchase_floors":[4,4,11],"current_hp_per_floor":[55,53,45,45,45,45,34,10,10,34,34,33,33,33,33,0],"gold":102,"neow_bonus":"HUNDRED_GOLD","is_prod":false,"is_daily":false,"chose_seed":false,"campfire_upgraded":3,"win_rate":0,"timestamp":1554016146,"path_taken":["M","M","?","$","?","R","?","E","T","?","$","M","R","M","R","BOSS"],"build_version":"2019-01-23","purchased_purges":0,"victory":false,"max_hp_per_floor":[66,66,66,66,66,66,66,73,73,73,73,73,73,73,73,73],"card_choices":[{"not_picked":["Flying Knee","Deflect","Cloak And Dagger"],"picked":"SKIP","floor":1},{"not_picked":["Deflect","Cloak And Dagger"],"picked":"Flying Knee","floor":1},{"not_picked":["Cloak And Dagger","Backflip"],"picked":"Blur","floor":2},{"not_picked":["Eviscerate","Quick Slash","Finisher"],"picked":"SKIP","floor":3},{"not_picked":["Underhanded Strike","Deadly Poison","Flying Knee"],"picked":"SKIP","floor":8},{"not_picked":["Riddle With Holes","PiercingWail","Bane"],"picked":"SKIP","floor":12},{"not_picked":["Blade Dance","Dagger Spray"],"picked":"Noxious Fumes","floor":14}],"player_experience":379748,"relics_obtained":[{"floor":8,"key":"Strawberry"},{"floor":9,"key":"Ancient Tea Set"}],"event_choices":[{"damage_healed":0,"gold_gain":0,"player_choice":"Grow","damage_taken":0,"max_hp_gain":0,"max_hp_loss":0,"event_name":"Living Wall","floor":5,"gold_loss":0,"cards_upgraded":["Skewer"]},{"damage_healed":0,"gold_gain":75,"player_choice":"Gather Gold","damage_taken":11,"max_hp_gain":0,"max_hp_loss":0,"event_name":"World of Goop","floor":7,"gold_loss":0},{"damage_healed":24,"gold_gain":0,"player_choice":"Banana","damage_taken":0,"max_hp_gain":0,"max_hp_loss":0,"event_name":"Big Fish","floor":10,"gold_loss":0}],"is_beta":false,"boss_relics":[],"items_purged_floors":[],"is_endless":false,"potions_floor_spawned":[2,12],"killed_by":"Slime Boss","ascension_level":19}