{"gold_per_floor":[118,133,83,83,103,129,129,158,238,263,279,293,307,130,130,228,228,240,240,73,73,73,104,104,137,137,162,172,207,207,207,207,307,307,322,340,61,80,80,80,96,96,96,110,110,128,52,66,66,66],"floor_reached":50,"playtime":6667,"items_purged":["Strike_G","Normality","Normality"],"score":703,"play_id":"7e74c224-d8db-4dca-bf83-7577d2d91f7d","local_time":"20190604172050","is_ascension_mode":true,"campfire_choices":[{"floor":7,"key":"REST"},{"data":"A Thousand Cuts","floor":15,"key":"SMITH"},{"data":"After Image","floor":24,"key":"SMITH"},{"data":"Prepared","floor":30,"key":"SMITH"},{"data":"Phantasmal Killer","floor":32,"key":"SMITH"},{"data":"Envenom","floor":40,"key":"SMITH"},{"data":"Footwork","floor":42,"key":"SMITH"},{"data":"Footwork","floor":45,"key":"SMITH"},{"data":"Burst","floor":49,"key":"SMITH"}],"neow_cost":"NONE","seed_source_timestamp":500727004499782,"circlet_count":0,"master_deck":["Defend_G+1","Defend_G+1","Defend_G+1","Defend_G+1","Defend_G+1","Strike_G+1","Strike_G+1","Survivor","Neutralize","Cloak And Dagger","Cloak And Dagger","Cloak And Dagger+1","Flying Knee","Backstab","Footwork+1","A Thousand Cuts+1","Dagger Throw+1","Quick Slash+1","Footwork+1","Deflect","Unload+1","Acrobatics","Dagger Throw+1","Backstab+1","After Image+1","Phantasmal Killer+1","Backstab+1","PiercingWail+1","Prepared+1","Envenom+1","Noxious Fumes+1","Concentrate+1","Burst+1","Calculated Gamble","Prepared+1"],"relics":["Ring of the Snake","Tingsha","War Paint","Molten Egg 2","Blue Candle","Calling Bell","Happy Flower","Singing Bowl","Tough Bandages","Torii","Gambling Chip","Question Card","Centennial Puzzle","Calipers","Pen Nib","Philosopher\u0027s Stone","Bag of Preparation","Vajra"],"potions_floor_usage":[8,8,23,36,38,50,50,50],"damage_taken":[{"damage":3,"enemies":"2 Louse","floor":1,"turns":4},{"damage":0,"enemies":"Small Slimes","floor":2,"turns":4},{"damage":2,"enemies":"Cultist","floor":5,"turns":6},{"damage":35,"enemies":"3 Sentries","floor":6,"turns":16},{"damage":11,"enemies":"Gremlin Nob","floor":8,"turns":4},{"damage":2,"enemies":"3 Sentries","floor":10,"turns":9},{"damage":0,"enemies":"Blue Slaver","floor":11,"turns":3},{"damage":0,"enemies":"Large Slime","floor":12,"turns":4},{"damage":0,"enemies":"2 Fungi Beasts","floor":13,"turns":3},{"damage":21,"enemies":"Slime Boss","floor":16,"turns":7},{"damage":12,"enemies":"2 Thieves","floor":18,"turns":5},{"damage":9,"enemies":"Slavers","floor":23,"turns":5},{"damage":3,"enemies":"Book of Stabbing","floor":25,"turns":7},{"damage":1,"enemies":"Slavers","floor":27,"turns":7},{"damage":0,"enemies":"Spheric Guardian","floor":28,"turns":3},{"damage":1,"enemies":"Book of Stabbing","floor":29,"turns":5},{"damage":36,"enemies":"Automaton","floor":33,"turns":10},{"damage":0,"enemies":"3 Shapes","floor":35,"turns":5},{"damage":1,"enemies":"3 Darklings","floor":36,"turns":5},{"damage":6,"enemies":"Jaw Worm Horde","floor":38,"turns":3},{"damage":0,"enemies":"4 Shapes","floor":41,"turns":4},{"damage":0,"enemies":"3 Darklings","floor":44,"turns":3},{"damage":7,"enemies":"Writhing Mass","floor":46,"turns":5},{"damage":0,"enemies":"Spire Growth","floor":48,"turns":3},{"damage":74,"enemies":"Time Eater","floor":50,"turns":9}],"seed_played":"7773426848583098164","potions_obtained":[{"floor":1,"key":"Poison Potion"},{"floor":2,"key":"AttackPotion"},{"floor":6,"key":"GamblersBrew"},{"floor":16,"key":"FearPotion"},{"floor":25,"key":"SkillPotion"},{"floor":27,"key":"GhostInAJar"},{"floor":33,"key":"Dexterity Potion"},{"floor":36,"key":"SkillPotion"},{"floor":38,"key":"SpeedPotion"}],"is_trial":false,"path_per_floor":["?","?","M","?","?","?","M","?","M","$","?","M"],"character_chosen":"THE_SILENT","items_purchased":["Footwork","Deflect","Backstab+1","Bag of Preparation","Calculated Gamble"],"campfire_rested":1,"item_purchase_floors":[14,14,20,37,47],"current_hp_per_floor":[74,74,74,74,72,37,60,49,49,47,47,47,47,47,47,26,77,65,65,65,65,65,56,56,53,53,52,52,51,51,51,51,15,77,77,78,78,74,74,74,76,76,76,76,76,69,69,69,69,0],"gold":66,"neow_bonus":"TEN_PERCENT_HP_BONUS","is_prod":false,"is_daily":false,"chose_seed":false,"campfire_upgraded":8,"win_rate":0,"timestamp":1559697650,"path_taken":["M","M","?","?","M","E","R","E","T","E","?","M","M","$","R","BOSS","M","?","$","?","?","E","R","E","T","E","?","E","R","?","R","BOSS","M","?","?","M","?","R","?","R","T","M","R","M","$","M","R","BOSS"],"build_version":"2019-01-23","purchased_purges":3,"victory":false,"max_hp_per_floor":[77,77,77,77,77,77,77,77,77,77,77,77,77,77,77,77,77,77,77,77,77,77,77,77,77,77,77,77,77,77,77,77,77,77,77,79,79,81,78,78,80,80,80,80,80,80,80,80,80,80],"card_choices":[{"not_picked":["Masterful Stab","Skewer"],"picked":"Cloak And Dagger","floor":1},{"not_picked":["Dagger Spray","Outmaneuver"],"picked":"Cloak And Dagger","floor":2},{"not_picked":["Dodge and Roll","Accuracy"],"picked":"Cloak And Dagger","floor":5},{"not_picked":["Sucker Punch","All Out Attack"],"picked":"Flying Knee","floor":6},{"not_picked":["Flying Knee","Outmaneuver"],"picked":"Backstab","floor":8},{"not_picked":["Flying Knee+1","Accuracy"],"picked":"Footwork","floor":10},{"not_picked":["Crippling Poison","Sucker Punch+1"],"picked":"A Thousand Cuts","floor":11},{"not_picked":["Predator+1","Slice+1"],"picked":"Dagger Throw+1","floor":12},{"not_picked":["Blade Dance","Dagger Spray+1"],"picked":"Quick Slash+1","floor":13},{"not_picked":["Night Terror","Malaise"],"picked":"Unload+1","floor":16},{"not_picked":["Dodge and Roll+1","Deadly Poison"],"picked":"Acrobatics","floor":18},{"not_picked":["Quick Slash+1","Heel Hook+1"],"picked":"After Image","floor":23},{"not_picked":["All Out Attack+1","Footwork"],"picked":"Phantasmal Killer","floor":25},{"not_picked":["Deflect","Bane+1","Dodge and Roll"],"picked":"Backstab+1","floor":27},{"not_picked":["Masterful Stab+1","Deadly Poison","Skewer+1"],"picked":"PiercingWail+1","floor":28},{"not_picked":["Escape Plan","Acrobatics","Envenom"],"picked":"Prepared","floor":29},{"not_picked":["Wraith Form v2","Grand Finale+1","Storm of Steel"],"picked":"Envenom","floor":33},{"not_picked":["Endless Agony+1","Acrobatics","Poisoned Stab+1"],"picked":"Noxious Fumes+1","floor":35},{"not_picked":["Dagger Spray+1","Flying Knee+1","Skewer+1","Underhanded Strike+1"],"picked":"Singing Bowl","floor":36},{"not_picked":["Outmaneuver+1","Cloak And Dagger+1","A Thousand Cuts","Backflip"],"picked":"Singing Bowl","floor":38},{"not_picked":["Quick Slash+1","Eviscerate+1","Dagger Throw+1","Flying Knee+1"],"picked":"Singing Bowl","floor":41},{"not_picked":["Blur","Acrobatics+1","Backflip+1"],"picked":"Concentrate+1","floor":44},{"not_picked":["Dodge and Roll","Heel Hook+1","Quick Slash+1"],"picked":"Burst","floor":46},{"not_picked":["Blade Dance","Deflect","Setup+1"],"picked":"Prepared+1","floor":48}],"player_experience":179437,"relics_obtained":[{"floor":6,"key":"Tingsha"},{"floor":8,"key":"War Paint"},{"floor":9,"key":"Molten Egg 2"},{"floor":10,"key":"Blue Candle"},{"floor":17,"key":"Happy Flower"},{"floor":17,"key":"Singing Bowl"},{"floor":17,"key":"Tough Bandages"},{"floor":23,"key":"Torii"},{"floor":25,"key":"Gambling Chip"},{"floor":26,"key":"Question Card"},{"floor":27,"key":"Centennial Puzzle"},{"floor":29,"key":"Calipers"},{"floor":43,"key":"Vajra"}],"event_choices":[{"cards_removed":["Strike_G"],"damage_healed":0,"gold_gain":0,"player_choice":"Card Removal","damage_taken":0,"max_hp_gain":0,"max_hp_loss":0,"event_name":"The Cleric","floor":3,"gold_loss":50},{"cards_removed":["Strike_G"],"damage_healed":0,"gold_gain":0,"player_choice":"Purged","damage_taken":0,"max_hp_gain":0,"max_hp_loss":0,"event_name":"Purifier","floor":4,"gold_loss":0},{"damage_healed":0,"gold_gain":0,"player_choice":"Read","damage_taken":0,"max_hp_gain":0,"max_hp_loss":0,"event_name":"The Library","floor":19,"gold_loss":0,"cards_obtained":["Dagger Throw"]},{"damage_healed":0,"gold_gain":0,"player_choice":"Simplicity","damage_taken":0,"max_hp_gain":0,"max_hp_loss":0,"event_name":"Back to Basics","floor":21,"gold_loss":0,"cards_upgraded":["Defend_G","Defend_G","Defend_G","Defend_G","Strike_G","Strike_G"]},{"damage_healed":0,"gold_gain":0,"player_choice":"Ignored","damage_taken":0,"max_hp_gain":0,"max_hp_loss":0,"event_name":"Ghosts","floor":22,"gold_loss":0},{"damage_healed":0,"gold_gain":0,"player_choice":"Gave Potion","damage_taken":0,"relics_obtained":["Pen Nib"],"max_hp_gain":0,"max_hp_loss":0,"event_name":"WeMeetAgain","floor":31,"gold_loss":0},{"cards_removed":["Parasite"],"damage_healed":0,"gold_gain":0,"player_choice":"Purged","damage_taken":0,"max_hp_gain":0,"max_hp_loss":0,"event_name":"Purifier","floor":39,"gold_loss":0}],"is_beta":false,"boss_relics":[{"not_picked":["Black Star","Runic Dome"],"picked":"Calling Bell"},{"not_picked":["HoveringKite","White Beast Statue"],"picked":"Philosopher\u0027s Stone"}],"items_purged_floors":[14,20,37],"is_endless":false,"potions_floor_spawned":[1,2,6,16,25,27,33,36,38],"killed_by":"Time Eater","ascension_level":4}