{"gold_per_floor":[114,133,133,152,77,107,107,117,193,193,193,193,208,227,227,305,305,305],"floor_reached":18,"playtime":2953,"items_purged":[],"score":300,"play_id":"137d56cb-ef59-4cdc-ae5f-bfce0d6acb60","local_time":"20190530153406","is_ascension_mode":true,"campfire_choices":[{"data":"Zap","floor":7.0,"key":"SMITH"},{"floor":12.0,"key":"REST"},{"floor":15.0,"key":"REST"}],"neow_cost":"NONE","seed_source_timestamp":331698463015500,"circlet_count":0,"master_deck":["AscendersBane","Strike_B","Strike_B","Defend_B","Defend_B","Defend_B","Zap+1","Dualcast","Gash","Gash","Ball Lightning","Conserve Battery","Beam Cell","Rebound","Electrodynamics"],"special_seed":0,"relics":["Cracked Core","Bird Faced Urn","Darkstone Periapt","Nuclear Battery"],"potions_floor_usage":[16,18],"damage_taken":[{"damage":1.0,"enemies":"Cultist","floor":1.0,"turns":3.0},{"damage":3.0,"enemies":"2 Louse","floor":2.0,"turns":2.0},{"damage":12.0,"enemies":"Jaw Worm","floor":4.0,"turns":2.0},{"damage":20.0,"enemies":"3 Sentries","floor":6.0,"turns":5.0},{"damage":7.0,"enemies":"Looter","floor":8.0,"turns":3.0},{"damage":22.0,"enemies":"Lots of Slimes","floor":13.0,"turns":3.0},{"damage":4.0,"enemies":"2 Fungi Beasts","floor":14.0,"turns":3.0},{"damage":28,"enemies":"Slime Boss","floor":16,"turns":6},{"damage":16,"enemies":"Shell Parasite","floor":18,"turns":3}],"seed_played":"-6794546094348002695","potions_obtained":[{"floor":2.0,"key":"Fire Potion"},{"floor":6.0,"key":"SneckoOil"},{"floor":13.0,"key":"Swift Potion"},{"floor":16,"key":"Fire Potion"}],"is_trial":false,"path_per_floor":["M","M","?","M","?","E","R","M","T","?","?","R","M","M","R","B",null,"M"],"character_chosen":"DEFECT","items_purchased":[],"campfire_rested":2,"item_purchase_floors":[],"current_hp_per_floor":[70,67,67,55,55,35,35,28,28,21,21,44,22,18,41,13,62,48],"gold":305,"neow_bonus":"TEN_PERCENT_HP_BONUS","is_prod":false,"is_daily":false,"chose_seed":false,"campfire_upgraded":1,"win_rate":0,"timestamp":1559252046,"path_taken":["M","M","?","M","?","E","R","M","T","?","?","R","M","M","R","BOSS","M"],"build_version":"2019-01-23","purchased_purges":0,"victory":false,"max_hp_per_floor":[78,78,78,78,78,78,78,78,78,78,78,78,78,78,78,78,78,78],"card_choices":[{"not_picked":["Heatsinks","Skim"],"picked":"Gash","floor":1.0},{"not_picked":["Cold Snap","Force Field"],"picked":"Gash","floor":2.0},{"not_picked":["Lockon","Aggregate"],"picked":"Ball Lightning","floor":4.0},{"not_picked":["Compile Driver","Redo"],"picked":"Conserve Battery","floor":6.0},{"not_picked":["Sweeping Beam","Go for the Eyes"],"picked":"Beam Cell","floor":8.0},{"not_picked":["Chaos","Loop"],"picked":"Rebound","floor":13.0},{"not_picked":["Force Field","Conserve Battery","Meteor Strike"],"picked":"SKIP","floor":14.0},{"not_picked":["Fission","Amplify"],"picked":"Electrodynamics","floor":16}],"player_experience":830675,"relics_obtained":[{"floor":6.0,"key":"Bird Faced Urn"},{"floor":9.0,"key":"Darkstone Periapt"}],"event_choices":[{"damage_healed":0.0,"max_hp_gain":0.0,"max_hp_loss":0.0,"gold_gain":0.0,"event_name":"Liars Game","player_choice":"Ignored","floor":3.0,"gold_loss":0.0,"damage_taken":0.0},{"cards_removed":["Strike_B"],"damage_healed":0.0,"max_hp_gain":0.0,"max_hp_loss":0.0,"gold_gain":0.0,"event_name":"The Cleric","player_choice":"Card Removal","floor":5.0,"gold_loss":75.0,"damage_taken":0.0},{"cards_removed":["Strike_B"],"damage_healed":0.0,"max_hp_gain":0.0,"max_hp_loss":0.0,"gold_gain":0.0,"event_name":"Golden Wing","player_choice":"Card Removal","floor":10.0,"gold_loss":0.0,"damage_taken":7.0},{"cards_removed":["Defend_B"],"damage_healed":0.0,"max_hp_gain":0.0,"max_hp_loss":0.0,"gold_gain":0.0,"event_name":"Bonfire Elementals","player_choice":"Offered Basic","floor":11.0,"gold_loss":0.0,"damage_taken":0.0}],"is_beta":false,"boss_relics":[{"not_picked":["Runic Pyramid","Cursed Key"],"picked":"Nuclear Battery"}],"items_purged_floors":[],"is_endless":false,"potions_floor_spawned":[2,6,13,16],"killed_by":"Shell Parasite","ascension_level":17}