{"gold_per_floor":[115,135,152,172,172,172,172,216,216,252,266,216,216,234,234,234],"floor_reached":16,"playtime":366,"items_purged":[],"score":146,"play_id":"2a33993f-fbf3-4f9a-89e9-904cd7a882ee","local_time":"20190422165816","is_ascension_mode":true,"campfire_choices":[{"data":"Twin Strike","floor":6,"key":"SMITH"},{"data":"Cleave","floor":13,"key":"SMITH"},{"data":"Bash","floor":15,"key":"SMITH"}],"neow_cost":"NONE","seed_source_timestamp":758465602398380,"circlet_count":0,"master_deck":["Strike_R","Strike_R","Strike_R","Strike_R","Defend_R","Defend_R","Defend_R","Defend_R","Bash+1","Twin Strike+1","Heavy Blade","Cleave+1"],"relics":["Burning Blood","NeowsBlessing","Golden Idol","Pear","Mercury Hourglass","Shuriken","Unceasing Top"],"potions_floor_usage":[8,16,16],"damage_taken":[{"damage":0,"enemies":"Cultist","floor":1,"turns":1},{"damage":0,"enemies":"Jaw Worm","floor":2,"turns":1},{"damage":0,"enemies":"Small Slimes","floor":3,"turns":1},{"damage":14,"enemies":"Blue Slaver","floor":4,"turns":5},{"damage":8,"enemies":"Gremlin Nob","floor":8,"turns":3},{"damage":40,"enemies":"Lagavulin","floor":10,"turns":5},{"damage":16,"enemies":"Exordium Wildlife","floor":11,"turns":5},{"damage":6,"enemies":"Looter","floor":14,"turns":2},{"damage":45,"enemies":"The Guardian","floor":16,"turns":9}],"seed_played":"-7505438928969235966","potions_obtained":[{"floor":3,"key":"Strength Potion"},{"floor":10,"key":"BloodPotion"},{"floor":11,"key":"AttackPotion"}],"is_trial":false,"path_per_floor":["M","M","M","M","?","R","T","E","T","E","M","?","R","M","R","B"],"character_chosen":"IRONCLAD","items_purchased":[],"campfire_rested":0,"item_purchase_floors":[],"current_hp_per_floor":[78,80,80,72,72,72,82,80,80,46,36,36,36,36,36,0],"gold":234,"neow_bonus":"THREE_ENEMY_KILL","is_prod":false,"is_daily":false,"chose_seed":false,"campfire_upgraded":3,"win_rate":0,"timestamp":1555973896,"path_taken":["M","?","M","M","?","R","?","E","T","E","M","?","R","M","R","BOSS"],"build_version":"2019-01-23","purchased_purges":0,"victory":false,"max_hp_per_floor":[80,80,80,80,74,74,84,84,84,84,84,84,84,84,84,84],"card_choices":[{"not_picked":["Headbutt","Thunderclap"],"picked":"Twin Strike","floor":1},{"not_picked":["Sword Boomerang","Pummel"],"picked":"Heavy Blade","floor":2},{"not_picked":["Twin Strike","Perfected Strike","Headbutt"],"picked":"SKIP","floor":3},{"not_picked":["Demon Form","Fire Breathing","Corruption"],"picked":"SKIP","floor":4},{"not_picked":["Sentinel","Anger","Warcry"],"picked":"SKIP","floor":8},{"not_picked":["Evolve","Havoc","Fiend Fire"],"picked":"SKIP","floor":10},{"not_picked":["Power Through","Anger"],"picked":"Cleave","floor":11},{"not_picked":["Carnage","Headbutt","Clash"],"picked":"SKIP","floor":14}],"player_experience":507522,"relics_obtained":[{"floor":7,"key":"Pear"},{"floor":8,"key":"Mercury Hourglass"},{"floor":9,"key":"Shuriken"},{"floor":10,"key":"Unceasing Top"}],"event_choices":[{"damage_healed":0,"gold_gain":0,"player_choice":"Lose Max HP","damage_taken":0,"relics_obtained":["Golden Idol"],"max_hp_gain":0,"max_hp_loss":6,"event_name":"Golden Idol","floor":5,"gold_loss":0},{"cards_removed":["Strike_R"],"damage_healed":0,"gold_gain":0,"player_choice":"Card Removal","damage_taken":0,"max_hp_gain":0,"max_hp_loss":0,"event_name":"The Cleric","floor":12,"gold_loss":50}],"is_beta":false,"boss_relics":[],"items_purged_floors":[],"is_endless":false,"potions_floor_spawned":[3,10,11],"killed_by":"The Guardian","ascension_level":6}