{"path_per_floor":["M","?","M","M","?","R","E","R","T","M","R","E","$","M","R","B",null,"M","$","?","$","M","R","E","M","T","M","$"],"character_chosen":"IRONCLAD","items_purchased":[],"gold_per_floor":[14,14,30,40,40,40,69,69,69,88,88,120,45,63,63,163,163,177,77,77,77,62,62,89,102,102,118,118,118],"floor_reached":29,"campfire_rested":0,"playtime":2279,"current_hp_per_floor":[77,70,76,80,80,80,94,94,94,94,94,40,40,46,46,48,99,99,99,99,99,81,81,60,38,38,21,21,0],"items_purged":["Injury","Writhe"],"gold":118,"score":303,"play_id":"48f39a8f-c207-4f6a-b59f-be6e8df42a05","local_time":"20180522223845","is_prod":false,"is_daily":false,"chose_seed":false,"is_ascension_mode":false,"campfire_upgraded":5,"timestamp":1526992725,"campfire_choices":[{"data":"Metallicize","floor":6.0,"key":"SMITH"},{"data":"Impervious","floor":8.0,"key":"SMITH"},{"data":"Shrug It Off","floor":11.0,"key":"SMITH"},{"data":"Body Slam","floor":15.0,"key":"SMITH"},{"data":"Body Slam","floor":23.0,"key":"SMITH"}],"path_taken":["M","?","M","?","?","R","E","R","T","M","R","E","$","M","R","BOSS","M","$","?","$","M","R","E","M","T","M","?","M"],"build_version":"2018-05-17","seed_source_timestamp":0,"purchased_purges":2,"victory":false,"master_deck":["Strike_R","Strike_R","Strike_R","Strike_R","Defend_R","Defend_R","Defend_R","Defend_R","Bash","Barricade+1","Metallicize+1","Shrug It Off+1","Impervious+1","Shrug It Off","Headbutt","Body Slam+1","Juggernaut","Writhe","Clumsy","Body Slam+1","Writhe","Body Slam+1","Entrench"],"max_hp_per_floor":[80,80,80,80,80,80,94,94,94,94,94,99,99,99,99,99,99,99,99,99,99,99,99,99,99,99,99,99,99],"relics":["Burning Blood","Mango","Bottled Tornado","Bottled Flame","Calling Bell","Ancient Tea Set","Shuriken","Calipers","Dream Catcher","Prayer Wheel","Bird Faced Urn"],"card_choices":[{"not_picked":["Fiend Fire","Juggernaut"],"picked":"Barricade","floor":0.0},{"not_picked":["Cleave","Second Wind"],"picked":"Metallicize","floor":1.0},{"not_picked":["Flex","Wild Strike","Clash"],"picked":"SKIP","floor":3.0},{"not_picked":["Pommel Strike","Wild Strike"],"picked":"Shrug It Off","floor":4.0},{"not_picked":["Armaments","Body Slam"],"picked":"Impervious","floor":7.0},{"not_picked":["Hemokinesis","Perfected Strike"],"picked":"Shrug It Off","floor":10.0},{"not_picked":["Sword Boomerang","Clothesline"],"picked":"Headbutt","floor":12.0},{"not_picked":["Heavy Blade","Fire Breathing"],"picked":"Body Slam","floor":14.0},{"not_picked":["Double Tap","Feed"],"picked":"Juggernaut","floor":16.0},{"not_picked":["Headbutt","Shockwave"],"picked":"Body Slam","floor":18.0},{"not_picked":["Whirlwind","Evolve","Rampage"],"picked":"SKIP","floor":22.0},{"not_picked":["Corruption+1","Sword Boomerang","Perfected Strike"],"picked":"SKIP","floor":24.0},{"not_picked":["Twin Strike","Dual Wield"],"picked":"Body Slam+1","floor":25.0},{"not_picked":["Clash","Intimidate","Perfected Strike"],"picked":"SKIP","floor":25.0},{"not_picked":["Thunderclap","Iron Wave+1"],"picked":"Entrench","floor":27},{"not_picked":["Rampage","Thunderclap","Searing Blow+1"],"picked":"SKIP","floor":27}],"player_experience":36336,"potions_floor_usage":[],"damage_taken":[{"damage":9.0,"enemies":"Jaw Worm","floor":1.0,"turns":5.0},{"damage":0.0,"enemies":"Small Slimes","floor":3.0,"turns":6.0},{"damage":1.0,"enemies":"Cultist","floor":4.0,"turns":5.0},{"damage":1.0,"enemies":"Lagavulin","floor":7.0,"turns":13.0},{"damage":5.0,"enemies":"3 Louse","floor":10.0,"turns":6.0},{"damage":65.0,"enemies":"Gremlin Nob","floor":12.0,"turns":9.0},{"damage":0.0,"enemies":"Red Slaver","floor":14.0,"turns":6.0},{"damage":4.0,"enemies":"Hexaghost","floor":16.0,"turns":8.0},{"damage":0.0,"enemies":"Chosen","floor":18.0,"turns":5.0},{"damage":24.0,"enemies":"2 Thieves","floor":22.0,"turns":5.0},{"damage":27.0,"enemies":"Gremlin Leader","floor":24.0,"turns":5.0},{"damage":28.0,"enemies":"Snake Plant","floor":25.0,"turns":4.0},{"damage":27.0,"enemies":"Centurion and Healer","floor":27.0,"turns":8.0},{"damage":25,"enemies":"Sentry and Sphere","floor":29,"turns":5}],"relics_obtained":[{"floor":7.0,"key":"Mango"},{"floor":9.0,"key":"Bottled Tornado"},{"floor":12.0,"key":"Bottled Flame"},{"floor":17.0,"key":"Ancient Tea Set"},{"floor":17.0,"key":"Shuriken"},{"floor":17.0,"key":"Calipers"},{"floor":24.0,"key":"Prayer Wheel"},{"floor":26.0,"key":"Bird Faced Urn"}],"event_choices":[{"event_name":"Golden Wing","player_choice":"Card Removal","floor":2.0,"damage_taken":0.0},{"event_name":"Accursed Blacksmith","player_choice":"Forge","floor":5.0,"damage_taken":0.0},{"event_name":"The Mausoleum","player_choice":"Yes","floor":20.0,"damage_taken":0.0}],"boss_relics":[],"potions_floor_spawned":[1,4,12,16,18,25],"seed_played":"4349980402870825119","killed_by":"Sentry and Sphere","ascension_level":0,"potions_obtained":[{"floor":1.0,"key":"SkillPotion"},{"floor":4.0,"key":"Fruit Juice"},{"floor":12.0,"key":"LiquidBronze"},{"floor":16.0,"key":"Fire Potion"},{"floor":18.0,"key":"Fire Potion"},{"floor":25.0,"key":"FearPotion"}],"is_trial":false}