{"path_per_floor":["M","?","M","?","M","R","?","E","T","R","E","$","E","M","R"],"character_chosen":"IRONCLAD","items_purchased":["Whirlwind"],"gold_per_floor":[116,191,210,210,225,225,225,259,313,313,339,189,217,231,231,231],"floor_reached":16,"campfire_rested":0,"playtime":526,"item_purchase_floors":[12],"current_hp_per_floor":[80,69,75,75,66,66,59,59,59,59,36,36,49,55,55,0],"items_purged":["Strike_R"],"gold":231,"score":130,"play_id":"39a7bf81-f2f5-4322-b53f-3c179524839a","local_time":"20180602103547","is_prod":false,"is_daily":false,"chose_seed":false,"is_ascension_mode":true,"campfire_upgraded":3,"win_rate":0,"timestamp":1527899747,"campfire_choices":[{"data":"Immolate","floor":6,"key":"SMITH"},{"data":"Reaper","floor":10,"key":"SMITH"},{"data":"Whirlwind","floor":15,"key":"SMITH"}],"path_taken":["M","?","M","?","M","R","?","E","T","R","E","$","E","M","R","BOSS"],"build_version":"2018-05-31","seed_source_timestamp":6462492004442,"purchased_purges":1,"victory":false,"master_deck":["Strike_R+1","Strike_R+1","Defend_R","Defend_R","Defend_R","Bash","Immolate+1","Heavy Blade","Second Wind","Twin Strike","Reaper+1","Whirlwind","Whirlwind+1"],"max_hp_per_floor":[80,80,80,80,80,80,80,80,80,80,80,80,80,80,80,80],"relics":["Burning Blood","Juzu Bracelet","Boot","Whetstone","Smiling Mask"],"card_choices":[{"not_picked":["Flex","Anger","Warcry"],"picked":"SKIP","floor":1},{"not_picked":["Dropkick","Warcry"],"picked":"Heavy Blade","floor":3},{"not_picked":["Infernal Blade","Dropkick"],"picked":"Twin Strike","floor":5},{"not_picked":["Twin Strike","Rampage"],"picked":"Reaper","floor":8},{"not_picked":["Exhume","Metallicize","Corruption"],"picked":"SKIP","floor":11},{"not_picked":["Iron Wave","Pommel Strike"],"picked":"Whirlwind","floor":13},{"not_picked":["Havoc","Combust","Warcry"],"picked":"SKIP","floor":14}],"player_experience":87382,"potions_floor_usage":[11,14],"damage_taken":[{"damage":2,"enemies":"Jaw Worm","floor":1,"turns":3},{"damage":0,"enemies":"2 Louse","floor":3,"turns":1},{"damage":15,"enemies":"Small Slimes","floor":5,"turns":4},{"damage":6,"enemies":"Gremlin Nob","floor":8,"turns":3},{"damage":36,"enemies":"Lagavulin","floor":11,"turns":4},{"damage":8,"enemies":"3 Sentries","floor":13,"turns":3},{"damage":0,"enemies":"Looter","floor":14,"turns":2},{"damage":57,"enemies":"Hexaghost","floor":16,"turns":8}],"relics_obtained":[{"floor":8,"key":"Juzu Bracelet"},{"floor":9,"key":"Boot"},{"floor":11,"key":"Whetstone"},{"floor":13,"key":"Smiling Mask"}],"event_choices":[{"event_name":"World of Goop","player_choice":"Gather Gold","floor":2,"damage_taken":0},{"event_name":"Transmorgrifier","player_choice":"Transform","floor":4,"damage_taken":0},{"event_name":"Golden Wing","player_choice":"Card Removal","floor":7,"damage_taken":0}],"boss_relics":[],"items_purged_floors":[12],"potions_floor_spawned":[3,5,11,13],"seed_played":"-7418127720176134644","killed_by":"Hexaghost","ascension_level":2,"potions_obtained":[{"floor":3,"key":"FearPotion"},{"floor":5,"key":"Dexterity Potion"},{"floor":11,"key":"Block Potion"},{"floor":13,"key":"Dexterity Potion"}],"is_trial":false}