{"gold_per_floor":[119,119,269,269,116,149,149,164,164,183,183,206,39,53,53,146,146,167,78,78,99,118,118],"floor_reached":23,"playtime":692,"items_purged":["Doubt"],"score":432,"play_id":"94369c8c-7ac5-481d-970b-f39189fecfd4","local_time":"20190405002424","is_ascension_mode":true,"campfire_choices":[{"data":"Skewer","floor":7,"key":"SMITH"},{"data":"Noxious Fumes","floor":11,"key":"SMITH"},{"data":"Catalyst","floor":15,"key":"SMITH"}],"neow_cost":"NONE","seed_source_timestamp":616495094496303,"circlet_count":0,"master_deck":["AscendersBane","Defend_G","Defend_G","Defend_G","Defend_G","Defend_G","Strike_G","Strike_G","Strike_G","Strike_G","Survivor","Neutralize","Skewer+1","Noxious Fumes+1","Bouncing Flask","Catalyst+1","After Image","Well Laid Plans","Backflip","Infinite Blades+1"],"relics":["Ring of the Snake","NeowsBlessing","Golden Idol","Sundial","Pen Nib","Bag of Marbles","Eternal Feather"],"potions_floor_usage":[18],"damage_taken":[{"damage":0,"enemies":"Jaw Worm","floor":1,"turns":1},{"damage":0,"enemies":"Gremlin Nob","floor":6,"turns":1},{"damage":0,"enemies":"Small Slimes","floor":8,"turns":1},{"damage":4,"enemies":"2 Louse","floor":10,"turns":3},{"damage":4,"enemies":"Blue Slaver","floor":12,"turns":3},{"damage":4,"enemies":"Exordium Thugs","floor":14,"turns":4},{"damage":33,"enemies":"The Guardian","floor":16,"turns":6},{"damage":9,"enemies":"3 Byrds","floor":18,"turns":6},{"damage":0,"enemies":"Spheric Guardian","floor":21,"turns":3},{"damage":24,"enemies":"Centurion and Healer","floor":22,"turns":9},{"damage":17,"enemies":"Slavers","floor":23,"turns":1}],"seed_played":"9098952759507283501","potions_obtained":[{"floor":1,"key":"Energy Potion"},{"floor":8,"key":"LiquidBronze"},{"floor":14,"key":"SteroidPotion"},{"floor":20,"key":"Fire Potion"},{"floor":20,"key":"AttackPotion"},{"floor":21,"key":"Fire Potion"}],"is_trial":false,"path_per_floor":["M","?","?","?","$","E","R","M","T","M","R","M","$","M","R","B",null,"M","$","?","M","M","E"],"character_chosen":"THE_SILENT","items_purchased":["Noxious Fumes","Bag of Marbles","Well Laid Plans"],"campfire_rested":0,"item_purchase_floors":[5,13,19],"current_hp_per_floor":[59,59,59,52,52,52,52,52,52,48,48,44,44,40,40,7,47,38,38,38,38,14,0],"gold":118,"neow_bonus":"THREE_ENEMY_KILL","is_prod":false,"is_daily":false,"chose_seed":false,"campfire_upgraded":3,"win_rate":0,"timestamp":1554445464,"path_taken":["M","?","?","?","$","E","R","M","T","M","R","M","?","?","R","BOSS","M","$","?","M","M","E"],"build_version":"2019-01-23","purchased_purges":1,"victory":false,"max_hp_per_floor":[66,60,60,60,60,60,60,60,60,60,60,60,60,60,60,60,60,60,60,60,60,60,60],"card_choices":[{"not_picked":["Backstab","Poisoned Stab"],"picked":"Skewer","floor":1},{"not_picked":["Dagger Throw","Cloak And Dagger"],"picked":"Bouncing Flask","floor":6},{"not_picked":["Slice","Deflect","Prepared"],"picked":"SKIP","floor":8},{"not_picked":["Terror","Flechettes","Cloak And Dagger"],"picked":"SKIP","floor":10},{"not_picked":["Envenom","Deflect"],"picked":"Catalyst","floor":14},{"not_picked":["A Thousand Cuts","Malaise"],"picked":"After Image","floor":16},{"not_picked":["Acrobatics","Prepared","Reflex"],"picked":"SKIP","floor":18},{"not_picked":["Deflect","Bane"],"picked":"Backflip","floor":21},{"not_picked":["Prepared","Blade Dance+1"],"picked":"Infinite Blades+1","floor":22}],"player_experience":451168,"relics_obtained":[{"floor":6,"key":"Sundial"},{"floor":9,"key":"Pen Nib"}],"event_choices":[{"damage_healed":0,"gold_gain":0,"player_choice":"Lose Max HP","damage_taken":0,"relics_obtained":["Golden Idol"],"max_hp_gain":0,"max_hp_loss":6,"event_name":"Golden Idol","floor":2,"gold_loss":0},{"damage_healed":0,"gold_gain":150,"player_choice":"AGREE","damage_taken":0,"max_hp_gain":0,"max_hp_loss":0,"event_name":"Liars Game","floor":3,"gold_loss":0,"cards_obtained":["Doubt"]},{"cards_removed":["Strike_G"],"damage_healed":0,"gold_gain":0,"player_choice":"Card Removal","damage_taken":7,"max_hp_gain":0,"max_hp_loss":0,"event_name":"Golden Wing","floor":4,"gold_loss":0},{"damage_healed":0,"gold_gain":0,"player_choice":"Got Potions","damage_taken":0,"max_hp_gain":0,"max_hp_loss":0,"event_name":"Lab","floor":20,"gold_loss":0}],"is_beta":false,"boss_relics":[{"not_picked":["White Beast Statue","Black Star"],"picked":"Eternal Feather"}],"items_purged_floors":[5],"is_endless":false,"potions_floor_spawned":[1,8,14,21],"killed_by":"Slavers","ascension_level":20}