{"gold_per_floor":[113,34,34,54,54,54,71,71,71,71,88,105,132,159,171,258,270,293,305,371,211,38,38,54,64,64,64,81,81,5,25,25,25],"floor_reached":33,"playtime":1266,"items_purged":["Concentrate+1"],"score":494,"play_id":"a8393181-2d4a-4e4e-bf1d-9299906ae2cd","local_time":"20190331233956","is_ascension_mode":true,"campfire_choices":[{"data":"Tools of the Trade","floor":6,"key":"SMITH"},{"data":"Deadly Poison","floor":8,"key":"SMITH"},{"data":"Neutralize","floor":10,"key":"SMITH"},{"data":"Survivor","floor":15,"key":"SMITH"},{"data":"Noxious Fumes","floor":23,"key":"SMITH"},{"data":"Backflip","floor":27,"key":"SMITH"},{"floor":29,"key":"REST"},{"floor":32,"key":"REST"}],"neow_cost":"NONE","seed_source_timestamp":267652038870253,"circlet_count":0,"master_deck":["AscendersBane","Defend_G","Defend_G","Defend_G","Defend_G","Strike_G","Strike_G","Survivor+1","Neutralize+1","Dagger Spray","Sucker Punch","Tools of the Trade+1","Blur","Deadly Poison+1","Backflip+1","Flying Knee+1","Backstab+1","Unload+1","Masterful Stab+1","Deadly Poison+1","Noxious Fumes+1","Escape Plan"],"relics":["Ring of the Snake","Mercury Hourglass","Molten Egg 2","MawBank","Astrolabe","Tiny Chest","Bag of Marbles","Darkstone Periapt"],"potions_floor_usage":[13,16,16,33,33],"damage_taken":[{"damage":0,"enemies":"Cultist","floor":1,"turns":4},{"damage":12,"enemies":"Small Slimes","floor":4,"turns":4},{"damage":0,"enemies":"Jaw Worm","floor":7,"turns":4},{"damage":7,"enemies":"Exordium Thugs","floor":11,"turns":4},{"damage":4,"enemies":"Exordium Wildlife","floor":12,"turns":3},{"damage":6,"enemies":"Gremlin Nob","floor":13,"turns":3},{"damage":0,"enemies":"2 Fungi Beasts","floor":14,"turns":2},{"damage":2,"enemies":"Slime Boss","floor":16,"turns":7},{"damage":0,"enemies":"Chosen","floor":18,"turns":3},{"damage":8,"enemies":"Colosseum Slavers","floor":19,"turns":3},{"damage":16,"enemies":"3 Byrds","floor":24,"turns":4},{"damage":0,"enemies":"Centurion and Healer","floor":25,"turns":5},{"damage":15,"enemies":"Snake Plant","floor":28,"turns":3},{"damage":31,"enemies":"Cultist and Chosen","floor":31,"turns":4},{"damage":35,"enemies":"Collector","floor":33,"turns":3}],"seed_played":"2295311978279044940","potions_obtained":[{"floor":1,"key":"Energy Potion"},{"floor":11,"key":"Fire Potion"},{"floor":13,"key":"Fire Potion"},{"floor":14,"key":"PowerPotion"},{"floor":25,"key":"Regen Potion"}],"is_trial":false,"path_per_floor":["M","$","?","M","?","R","M","R","T","R","M","M","E","M","R","B",null,"M","?","T","$","$","R","M","M","T","R","M","R","$","M","R","B"],"character_chosen":"THE_SILENT","items_purchased":["Tools of the Trade","Noxious Fumes","Strength Potion","Bag of Marbles","Escape Plan"],"campfire_rested":2,"item_purchase_floors":[2,21,21,22,30],"current_hp_per_floor":[59,59,52,40,35,35,35,35,35,35,28,24,18,18,18,16,54,54,46,46,46,46,46,30,30,30,30,15,34,34,3,22,0],"gold":25,"neow_bonus":"THREE_CARDS","is_prod":false,"is_daily":false,"chose_seed":false,"campfire_upgraded":6,"win_rate":0,"timestamp":1554097196,"path_taken":["M","$","?","M","?","R","M","R","T","R","M","M","E","M","R","BOSS","M","?","?","?","$","R","M","M","T","R","M","R","$","M","R","BOSS"],"build_version":"2019-01-23","purchased_purges":1,"victory":false,"max_hp_per_floor":[66,66,66,66,66,66,66,66,66,66,66,66,66,66,66,66,66,66,66,66,66,66,66,66,66,66,66,66,66,66,66,66,66],"card_choices":[{"not_picked":["Backflip","Masterful Stab"],"picked":"Dagger Spray","floor":0},{"not_picked":["Riddle With Holes","Dodge and Roll"],"picked":"Sucker Punch","floor":1},{"not_picked":["Terror","Poisoned Stab"],"picked":"Blur","floor":4},{"not_picked":["Expertise","Sucker Punch"],"picked":"Deadly Poison","floor":7},{"not_picked":["Blade Dance","Escape Plan"],"picked":"Backflip","floor":11},{"not_picked":["Leg Sweep","Acrobatics"],"picked":"Flying Knee+1","floor":12},{"not_picked":["Underhanded Strike+1","Reflex"],"picked":"Backstab+1","floor":13},{"not_picked":["Flying Knee+1","Backflip","Slice+1"],"picked":"SKIP","floor":14},{"not_picked":["After Image","Phantasmal Killer"],"picked":"Unload+1","floor":16},{"not_picked":["Bane+1","Tactician","Cloak And Dagger"],"picked":"SKIP","floor":18},{"not_picked":["Terror","Setup","Catalyst"],"picked":"SKIP","floor":24},{"not_picked":["Bane+1","Crippling Poison","Outmaneuver+1"],"picked":"SKIP","floor":25},{"not_picked":["Dagger Spray+1","Flying Knee+1","Blade Dance"],"picked":"SKIP","floor":28},{"not_picked":["Tactician","Underhanded Strike+1","Masterful Stab+1"],"picked":"SKIP","floor":31}],"player_experience":403088,"relics_obtained":[{"floor":9,"key":"Molten Egg 2"},{"floor":13,"key":"MawBank"},{"floor":20,"key":"Tiny Chest"},{"floor":26,"key":"Darkstone Periapt"}],"event_choices":[{"cards_removed":["Strike_G"],"damage_healed":0,"gold_gain":0,"player_choice":"Card Removal","damage_taken":7,"max_hp_gain":0,"max_hp_loss":0,"event_name":"Golden Wing","floor":3,"gold_loss":0},{"damage_healed":0,"gold_gain":0,"player_choice":"Success","damage_taken":5,"relics_obtained":["Mercury Hourglass"],"max_hp_gain":0,"max_hp_loss":0,"event_name":"Scrap Ooze","floor":5,"gold_loss":0},{"damage_healed":0,"gold_gain":0,"player_choice":"Fight","damage_taken":0,"max_hp_gain":0,"max_hp_loss":0,"event_name":"Colosseum","floor":19,"gold_loss":0},{"damage_healed":0,"gold_gain":0,"player_choice":"Fled From Nobs","damage_taken":0,"max_hp_gain":0,"max_hp_loss":0,"event_name":"Colosseum","floor":19,"gold_loss":0}],"is_beta":false,"boss_relics":[{"not_picked":["Black Star","Empty Cage"],"picked":"Astrolabe"}],"items_purged_floors":[21],"is_endless":false,"potions_floor_spawned":[1,11,13,14,19,25,31],"killed_by":"Collector","ascension_level":20}