{"gold_per_floor":[115,65,240,16,27,27,54,54,103,130,147,147,222,240,240,240],"floor_reached":16,"playtime":325,"items_purged":["Doubt"],"score":219,"play_id":"f7daf01e-8c4a-4554-909a-43221e04a73e","local_time":"20190517013051","is_ascension_mode":true,"campfire_choices":[{"data":"Heavy Blade","floor":6.0,"key":"SMITH"},{"data":"Bash","floor":8.0,"key":"SMITH"},{"data":"Cleave","floor":15,"key":"SMITH"}],"neow_cost":"NONE","seed_source_timestamp":1219421552566897,"circlet_count":0,"master_deck":["AscendersBane","Strike_R","Strike_R+1","Strike_R","Strike_R+1","Defend_R","Defend_R","Defend_R","Defend_R","Bash+1","Heavy Blade+1","Iron Wave+1","Cleave+1"],"special_seed":0,"relics":["Burning Blood","NeowsBlessing","Oddly Smooth Stone","Shuriken","Whetstone","Letter Opener"],"potions_floor_usage":[],"damage_taken":[{"damage":0.0,"enemies":"Small Slimes","floor":1.0,"turns":1.0},{"damage":0.0,"enemies":"2 Louse","floor":5.0,"turns":1.0},{"damage":0.0,"enemies":"Lagavulin","floor":7.0,"turns":1.0},{"damage":38.0,"enemies":"3 Sentries","floor":10.0,"turns":9.0},{"damage":0.0,"enemies":"Cultist","floor":11.0,"turns":3.0},{"damage":8,"enemies":"Blue Slaver","floor":14,"turns":4},{"damage":61,"enemies":"The Guardian","floor":16,"turns":12}],"seed_played":"-9014879693347879149","potions_obtained":[{"floor":7.0,"key":"SneckoOil"},{"floor":11.0,"key":"SteroidPotion"}],"is_trial":false,"path_per_floor":["M","?","?","$","M","R","E","R","T","E","M","?","?","M","R","B"],"character_chosen":"IRONCLAD","items_purchased":["Oddly Smooth Stone"],"campfire_rested":0,"item_purchase_floors":[4],"current_hp_per_floor":[78,78,78,78,80,80,80,80,80,48,54,54,46,44,44,0],"gold":240,"neow_bonus":"THREE_ENEMY_KILL","is_prod":false,"is_daily":false,"chose_seed":false,"campfire_upgraded":3,"win_rate":0,"timestamp":1558078251,"path_taken":["M","?","?","$","M","R","E","R","T","E","M","?","?","M","R","BOSS"],"build_version":"2019-01-23","purchased_purges":1,"victory":false,"max_hp_per_floor":[80,80,80,80,80,80,80,80,80,80,80,80,80,80,80,80],"card_choices":[{"not_picked":["Anger","Feel No Pain"],"picked":"Heavy Blade","floor":1.0},{"not_picked":["Armaments","Flex","Clothesline"],"picked":"SKIP","floor":5.0},{"not_picked":["Burning Pact","Hemokinesis","Body Slam"],"picked":"SKIP","floor":7.0},{"not_picked":["Power Through","Bludgeon"],"picked":"Iron Wave","floor":10.0},{"not_picked":["Clash","Clothesline","Body Slam"],"picked":"SKIP","floor":11.0},{"not_picked":["Fiend Fire","Shockwave"],"picked":"Cleave","floor":14}],"player_experience":560557,"relics_obtained":[{"floor":7.0,"key":"Shuriken"},{"floor":9.0,"key":"Whetstone"},{"floor":10.0,"key":"Letter Opener"}],"event_choices":[{"cards_removed":["Strike_R"],"damage_healed":0.0,"max_hp_gain":0.0,"max_hp_loss":0.0,"gold_gain":0.0,"event_name":"The Cleric","player_choice":"Card Removal","floor":2.0,"gold_loss":50.0,"damage_taken":0.0},{"damage_healed":0.0,"max_hp_gain":0.0,"max_hp_loss":0.0,"gold_gain":175.0,"event_name":"Liars Game","player_choice":"AGREE","floor":3.0,"gold_loss":0.0,"damage_taken":0.0,"cards_obtained":["Doubt"]},{"damage_healed":0.0,"max_hp_gain":0.0,"max_hp_loss":0.0,"gold_gain":0.0,"event_name":"Living Wall","player_choice":"Grow","floor":12.0,"gold_loss":0.0,"damage_taken":0.0,"cards_upgraded":["Iron Wave"]},{"damage_healed":0,"gold_gain":75,"player_choice":"Touch","damage_taken":8,"max_hp_gain":0,"max_hp_loss":0,"event_name":"FaceTrader","floor":13,"gold_loss":0}],"is_beta":false,"boss_relics":[],"items_purged_floors":[4],"is_endless":false,"potions_floor_spawned":[7,11],"killed_by":"The Guardian","ascension_level":13}