{"gold_per_floor":[119,119,132,145,17,50,63,63,140,150,97,113,124,134,134,211,211,190,203,223,223,237,237,69,79,79,94,74,74,90,106,106,106],"floor_reached":33,"playtime":1350,"items_purged":["Pain"],"score":501,"play_id":"16169613-1f9b-4734-ae9d-15e90859e6da","local_time":"20190527010327","is_ascension_mode":true,"campfire_choices":[{"floor":8.0,"key":"REST"},{"data":"Inflame","floor":15.0,"key":"SMITH"},{"floor":23.0,"key":"REST"},{"data":"Flame Barrier","floor":29,"key":"SMITH"},{"floor":32,"key":"REST"}],"neow_cost":"NONE","seed_source_timestamp":120542223067718,"circlet_count":0,"master_deck":["AscendersBane","Strike_R","Strike_R","Strike_R","Strike_R","Strike_R","Defend_R","Defend_R","Defend_R","Defend_R","Bash","Impervious","Pommel Strike","Shrug It Off","Flame Barrier+1","Inflame+1","Heavy Blade","Shrug It Off","Impervious","Shrug It Off+1"],"special_seed":0,"relics":["Burning Blood","WarpedTongs","Ice Cream","Pantograph","Velvet Choker","Toxic Egg 2"],"potions_floor_usage":[31,31,33],"damage_taken":[{"damage":21.0,"enemies":"Jaw Worm","floor":1.0,"turns":6.0},{"damage":10.0,"enemies":"Cultist","floor":3.0,"turns":4.0},{"damage":13.0,"enemies":"2 Louse","floor":4.0,"turns":2.0},{"damage":21.0,"enemies":"3 Sentries","floor":6.0,"turns":9.0},{"damage":12.0,"enemies":"Exordium Wildlife","floor":7.0,"turns":5.0},{"damage":12.0,"enemies":"Red Slaver","floor":10.0,"turns":5.0},{"damage":3.0,"enemies":"Large Slime","floor":12.0,"turns":7.0},{"damage":6.0,"enemies":"Exordium Wildlife","floor":13.0,"turns":5.0},{"damage":3.0,"enemies":"Blue Slaver","floor":14.0,"turns":5.0},{"damage":26.0,"enemies":"Slime Boss","floor":16.0,"turns":11.0},{"damage":22.0,"enemies":"2 Thieves","floor":18.0,"turns":4.0},{"damage":14.0,"enemies":"Shell Parasite","floor":19.0,"turns":6.0},{"damage":29.0,"enemies":"Snake Plant","floor":20.0,"turns":5.0},{"damage":6.0,"enemies":"Chosen and Byrds","floor":22.0,"turns":6.0},{"damage":9,"enemies":"Centurion and Healer","floor":25,"turns":8},{"damage":6,"enemies":"Snake Plant","floor":27,"turns":5},{"damage":9,"enemies":"Cultist and Chosen","floor":30,"turns":8},{"damage":19,"enemies":"Sentry and Sphere","floor":31,"turns":6},{"damage":69,"enemies":"Collector","floor":33,"turns":8}],"seed_played":"4576849680144980829","potions_obtained":[{"floor":4.0,"key":"Explosive Potion"},{"floor":7.0,"key":"Poison Potion"},{"floor":10.0,"key":"Strength Potion"},{"floor":19.0,"key":"Explosive Potion"},{"floor":22.0,"key":"Poison Potion"},{"floor":27,"key":"FearPotion"},{"floor":30,"key":"EntropicBrew"}],"is_trial":false,"path_per_floor":["M","?","M","M","$","E","M","R","T","M","$","M","M","M","R","B",null,"M","M","M","?","M","R","$","M","T","M","?","R","M","M","R","B"],"character_chosen":"IRONCLAD","items_purchased":["AttackPotion","Shrug It Off","Impervious"],"campfire_rested":3,"item_purchase_floors":[5,11,24],"current_hp_per_floor":[53,53,49,42,42,27,21,43,43,37,37,40,40,43,43,48,68,52,44,21,12,12,34,34,31,31,31,31,31,28,15,37,0],"gold":106,"neow_bonus":"ONE_RANDOM_RARE_CARD","is_prod":false,"is_daily":false,"chose_seed":false,"campfire_upgraded":2,"win_rate":0,"timestamp":1558940607,"path_taken":["M","?","?","M","$","E","M","R","T","M","$","M","?","M","R","BOSS","M","M","M","?","M","R","$","M","T","M","?","R","M","?","R","BOSS"],"build_version":"2019-01-23","purchased_purges":1,"victory":false,"max_hp_per_floor":[75,75,75,75,75,75,75,75,75,75,75,75,75,75,75,75,75,75,75,75,75,75,75,75,75,75,75,75,75,75,75,75,75],"card_choices":[{"not_picked":["Anger","Perfected Strike","Carnage"],"picked":"SKIP","floor":1.0},{"not_picked":["Clash","Sword Boomerang"],"picked":"Pommel Strike","floor":3.0},{"not_picked":["Clash","Armaments","Pommel Strike"],"picked":"SKIP","floor":4.0},{"not_picked":["Combust","Armaments","Fire Breathing"],"picked":"SKIP","floor":6.0},{"not_picked":["Fiend Fire","Metallicize","Pommel Strike"],"picked":"SKIP","floor":7.0},{"not_picked":["Blood for Blood","True Grit","Sword Boomerang"],"picked":"SKIP","floor":10.0},{"not_picked":["Havoc","Feel No Pain","Heavy Blade"],"picked":"SKIP","floor":12.0},{"not_picked":["Iron Wave","Rupture"],"picked":"Flame Barrier","floor":13.0},{"not_picked":["Berserk","Rupture"],"picked":"Inflame","floor":14.0},{"not_picked":["Body Slam","Clash"],"picked":"Heavy Blade","floor":18.0},{"not_picked":["Reckless Charge+1","Havoc+1","Power Through"],"picked":"SKIP","floor":19.0},{"not_picked":["Clash","Wild Strike+1"],"picked":"Shrug It Off","floor":20.0},{"not_picked":["Searing Blow+1","Feel No Pain","Uppercut"],"picked":"SKIP","floor":22.0},{"not_picked":["Sword Boomerang","Shockwave","Inflame"],"picked":"SKIP","floor":25},{"not_picked":["Twin Strike","Wild Strike"],"picked":"Shrug It Off+1","floor":27},{"not_picked":["Dark Embrace","Heavy Blade","Iron Wave"],"picked":"SKIP","floor":30},{"not_picked":["Body Slam","Cleave","Second Wind+1"],"picked":"SKIP","floor":31}],"player_experience":628725,"relics_obtained":[{"floor":6.0,"key":"Ice Cream"},{"floor":9.0,"key":"Pantograph"},{"floor":26,"key":"Toxic Egg 2"}],"event_choices":[{"damage_healed":0.0,"max_hp_gain":0.0,"max_hp_loss":0.0,"gold_gain":0.0,"event_name":"Accursed Blacksmith","player_choice":"Rummage","floor":2.0,"gold_loss":0.0,"damage_taken":0.0,"relics_obtained":["WarpedTongs"],"cards_obtained":["Pain"]},{"damage_healed":0.0,"max_hp_gain":0.0,"max_hp_loss":0.0,"gold_gain":0.0,"event_name":"Cursed Tome","player_choice":"Stopped","floor":21.0,"gold_loss":0.0,"damage_taken":9.0},{"damage_healed":0,"gold_gain":0,"player_choice":"Bought 1 Potion","damage_taken":0,"max_hp_gain":0,"max_hp_loss":0,"event_name":"The Woman in Blue","floor":28,"gold_loss":0}],"is_beta":false,"boss_relics":[{"not_picked":["Ectoplasm","Eternal Feather"],"picked":"Velvet Choker"}],"items_purged_floors":[5],"is_endless":false,"potions_floor_spawned":[4,7,10,12,14,19,22,27,30],"killed_by":"Collector","ascension_level":19}