{"gold_per_floor":[116,128,141,141,81,81,97,123,123,141,141,47,72,89,89,89],"floor_reached":16,"playtime":641,"items_purged":[],"score":224,"play_id":"9542d024-e27c-4efe-ad56-a5281559c242","local_time":"20190402024120","is_ascension_mode":true,"campfire_choices":[{"data":"Skewer","floor":6,"key":"SMITH"},{"data":"Dash","floor":11,"key":"SMITH"},{"data":"Dagger Spray","floor":15,"key":"SMITH"}],"neow_cost":"NONE","seed_source_timestamp":365561590368296,"circlet_count":0,"master_deck":["AscendersBane","Defend_G","Defend_G","Defend_G","Defend_G","Defend_G","Strike_G","Strike_G","Strike_G","Strike_G","Strike_G","Survivor","Neutralize","Well Laid Plans","Skewer+1","Dodge and Roll","Flying Knee","Dash+1","Noxious Fumes","Dagger Spray+1","PiercingWail"],"relics":["Ring of the Snake","NeowsBlessing","Darkstone Periapt","Meat on the Bone","Ninja Scroll"],"potions_floor_usage":[8,13,16,16],"damage_taken":[{"damage":0,"enemies":"2 Louse","floor":1,"turns":2},{"damage":0,"enemies":"Cultist","floor":2,"turns":1},{"damage":0,"enemies":"Jaw Worm","floor":3,"turns":1},{"damage":0,"enemies":"Looter","floor":5,"turns":5},{"damage":9,"enemies":"3 Louse","floor":7,"turns":4},{"damage":30,"enemies":"3 Sentries","floor":8,"turns":16},{"damage":1,"enemies":"Blue Slaver","floor":10,"turns":4},{"damage":17,"enemies":"Gremlin Nob","floor":13,"turns":4},{"damage":13,"enemies":"Exordium Thugs","floor":14,"turns":3},{"damage":27,"enemies":"Slime Boss","floor":16,"turns":5}],"seed_played":"-8876964193443031710","potions_obtained":[{"floor":7,"key":"Energy Potion"},{"floor":8,"key":"GhostInAJar"},{"floor":10,"key":"Strength Potion"},{"floor":13,"key":"Strength Potion"}],"is_trial":false,"path_per_floor":["M","M","M","?","M","R","M","E","T","M","R","$","E","M","R","B"],"character_chosen":"THE_SILENT","items_purchased":["Noxious Fumes","Dagger Spray"],"campfire_rested":0,"item_purchase_floors":[12,12],"current_hp_per_floor":[59,59,59,59,59,59,50,20,20,31,31,31,26,25,25,0],"gold":89,"neow_bonus":"THREE_ENEMY_KILL","is_prod":false,"is_daily":false,"chose_seed":false,"campfire_upgraded":3,"win_rate":0,"timestamp":1554194480,"path_taken":["M","M","M","?","M","R","M","E","T","M","R","$","E","M","R","BOSS"],"build_version":"2019-01-23","purchased_purges":0,"victory":false,"max_hp_per_floor":[66,66,66,66,66,66,66,66,66,66,66,66,66,66,66,66],"card_choices":[{"not_picked":["Poisoned Stab","PiercingWail"],"picked":"Well Laid Plans","floor":1},{"not_picked":["Underhanded Strike","Distraction","Expertise"],"picked":"SKIP","floor":2},{"not_picked":["Deflect","Blade Dance","PiercingWail"],"picked":"SKIP","floor":3},{"not_picked":["Slice","Quick Slash"],"picked":"Skewer","floor":5},{"not_picked":["Tactician","Expertise"],"picked":"Dodge and Roll","floor":7},{"not_picked":["Dodge and Roll","Prepared"],"picked":"Flying Knee","floor":8},{"not_picked":["Reflex","Choke"],"picked":"Dash","floor":10},{"not_picked":["Reflex","Deflect","Skewer"],"picked":"SKIP","floor":13},{"not_picked":["Slice","Acrobatics"],"picked":"PiercingWail","floor":14}],"player_experience":422029,"relics_obtained":[{"floor":8,"key":"Darkstone Periapt"},{"floor":9,"key":"Meat on the Bone"},{"floor":13,"key":"Ninja Scroll"}],"event_choices":[{"damage_healed":0,"gold_gain":0,"player_choice":"Ignored","damage_taken":0,"max_hp_gain":0,"max_hp_loss":0,"event_name":"Liars Game","floor":4,"gold_loss":0}],"is_beta":false,"boss_relics":[],"items_purged_floors":[],"is_endless":false,"potions_floor_spawned":[7,8,10,13],"killed_by":"Slime Boss","ascension_level":20}