{"gold_per_floor":[118,2,2,18,35,64,64,78,78,38,58,58,58,71,71,145,195,212,231,56,74,74,74,105,105,153,153,171,190,190,17,17,17],"floor_reached":33,"playtime":2574,"items_purged":["Decay"],"score":538,"play_id":"a95f90f8-0a5e-42e3-b68b-4d8abc6d3711","local_time":"20190331203505","is_ascension_mode":true,"campfire_choices":[{"floor":7.0,"key":"REST"},{"data":"Footwork","floor":12.0,"key":"SMITH"},{"floor":15.0,"key":"REST"},{"data":"Neutralize","floor":23,"key":"SMITH"},{"floor":25,"key":"REST"},{"data":"Caltrops","floor":27,"key":"SMITH"},{"floor":32,"key":"REST"}],"neow_cost":"CURSE","seed_source_timestamp":0,"circlet_count":0,"master_deck":["AscendersBane","Defend_G+1","Defend_G+1","Defend_G+1","Defend_G+1","Defend_G+1","Strike_G+1","Strike_G+1","Strike_G+1","Survivor","Neutralize+1","Bandage Up","Swift Strike","Deadly Poison","Footwork+1","Backflip","Dagger Spray","PiercingWail+1","Bouncing Flask+1","Poisoned Stab","Backflip+1","Caltrops+1","Adrenaline+1","Sucker Punch","Blur+1","Deflect+1","Well Laid Plans","Leg Sweep+1","Dash+1"],"special_seed":0,"relics":["Ring of the Snake","Toxic Egg 2","Unceasing Top","Tiny House","Calipers","Happy Flower","Art of War"],"potions_floor_usage":[21,24,30,33],"damage_taken":[{"damage":5.0,"enemies":"2 Louse","floor":1.0,"turns":4.0},{"damage":0.0,"enemies":"Cultist","floor":4.0,"turns":5.0},{"damage":8.0,"enemies":"Jaw Worm","floor":5.0,"turns":8.0},{"damage":58.0,"enemies":"Gremlin Nob","floor":6.0,"turns":5.0},{"damage":7.0,"enemies":"Large Slime","floor":8.0,"turns":7.0},{"damage":4.0,"enemies":"Looter","floor":10.0,"turns":4.0},{"damage":8.0,"enemies":"3 Louse","floor":11.0,"turns":3.0},{"damage":9.0,"enemies":"2 Fungi Beasts","floor":14.0,"turns":3.0},{"damage":19.0,"enemies":"Hexaghost","floor":16.0,"turns":9.0},{"damage":0,"enemies":"3 Byrds","floor":18,"turns":3},{"damage":5,"enemies":"Spheric Guardian","floor":19,"turns":13},{"damage":1,"enemies":"Cultist and Chosen","floor":21,"turns":11},{"damage":75,"enemies":"Slavers","floor":24,"turns":10},{"damage":0,"enemies":"Centurion and Healer","floor":28,"turns":15},{"damage":9,"enemies":"Snecko","floor":29,"turns":7},{"damage":15,"enemies":"Chosen and Byrds","floor":30,"turns":5},{"damage":57,"enemies":"Champ","floor":33,"turns":14}],"seed_played":"5171287209546997850","potions_obtained":[{"floor":4.0,"key":"Explosive Potion"},{"floor":5.0,"key":"Fruit Juice"},{"floor":8.0,"key":"FearPotion"},{"floor":11.0,"key":"EssenceOfSteel"},{"floor":17.0,"key":"Regen Potion"},{"floor":28,"key":"SmokeBomb"},{"floor":29,"key":"Poison Potion"}],"is_trial":false,"path_per_floor":["M","$","?","M","M","E","R","M","T","M","M","R","?","M","R","B",null,"M","M","$","M","?","R","E","R","T","R","M","M","M","$","R","B"],"character_chosen":"THE_SILENT","items_purchased":["Footwork","Well Laid Plans","Leg Sweep+1","Art of War"],"campfire_rested":4,"item_purchase_floors":[2,20,20,31],"current_hp_per_floor":[58,58,58,62,58,9,30,27,27,27,23,23,16,11,32,17,63,67,66,66,75,75,75,4,26,26,26,30,25,14,14,36,0],"gold":17,"neow_bonus":"RANDOM_COLORLESS_2","is_prod":false,"is_daily":false,"chose_seed":false,"campfire_upgraded":3,"win_rate":0,"timestamp":1554086105,"path_taken":["M","$","?","M","M","E","R","?","T","M","M","R","?","M","R","BOSS","M","M","$","M","?","R","E","R","T","R","M","M","M","$","R","BOSS"],"build_version":"2019-01-23","purchased_purges":1,"victory":false,"max_hp_per_floor":[66,66,66,66,66,71,71,71,71,71,71,71,71,71,71,71,76,76,76,76,76,76,76,76,76,76,76,76,76,76,76,76,76],"card_choices":[{"not_picked":["Blade Dance","Bane"],"picked":"Deadly Poison","floor":1.0},{"not_picked":["Reflex","Masterful Stab"],"picked":"Backflip","floor":4.0},{"not_picked":["Underhanded Strike","Infinite Blades"],"picked":"Dagger Spray","floor":5.0},{"not_picked":["Dagger Spray","Flying Knee"],"picked":"PiercingWail","floor":6.0},{"not_picked":["Riddle With Holes","Cloak And Dagger+1"],"picked":"Bouncing Flask+1","floor":8.0},{"not_picked":["Underhanded Strike","Envenom"],"picked":"Poisoned Stab","floor":10.0},{"not_picked":["Deflect+1","Eviscerate"],"picked":"Backflip+1","floor":11.0},{"not_picked":["Blade Dance+1","Prepared+1"],"picked":"Caltrops","floor":14.0},{"not_picked":["Unload","Die Die Die"],"picked":"Adrenaline+1","floor":16.0},{"not_picked":["Distraction+1","Deadly Poison+1"],"picked":"Sucker Punch","floor":17.0},{"not_picked":["Underhanded Strike","Caltrops"],"picked":"Blur+1","floor":18},{"not_picked":["Reflex+1","Quick Slash+1"],"picked":"Deflect+1","floor":19},{"not_picked":["Blade Dance+1","Dodge and Roll+1","Flying Knee"],"picked":"SKIP","floor":21},{"not_picked":["PiercingWail+1","Skewer"],"picked":"Dash+1","floor":24},{"not_picked":["Flying Knee","Riddle With Holes","Masterful Stab"],"picked":"SKIP","floor":28},{"not_picked":["Leg Sweep+1","Eviscerate","Dagger Spray"],"picked":"SKIP","floor":29}],"player_experience":390901,"relics_obtained":[{"floor":6.0,"key":"Toxic Egg 2"},{"floor":9.0,"key":"Unceasing Top"},{"floor":24,"key":"Calipers"},{"floor":26,"key":"Happy Flower"}],"event_choices":[{"cards_removed":["Strike_G"],"damage_healed":0.0,"max_hp_gain":0.0,"max_hp_loss":0.0,"gold_gain":0.0,"event_name":"Bonfire Elementals","player_choice":"Offered Basic","floor":3.0,"gold_loss":0.0,"damage_taken":0.0},{"cards_removed":["Strike_G"],"damage_healed":0.0,"max_hp_gain":0.0,"max_hp_loss":0.0,"gold_gain":0.0,"event_name":"Golden Wing","player_choice":"Card Removal","floor":13.0,"gold_loss":0.0,"damage_taken":7.0},{"damage_healed":0,"gold_gain":0,"player_choice":"Simplicity","damage_taken":0,"max_hp_gain":0,"max_hp_loss":0,"event_name":"Back to Basics","floor":22,"gold_loss":0,"cards_upgraded":["Defend_G","Defend_G","Defend_G","Defend_G","Defend_G","Strike_G","Strike_G"]}],"is_beta":false,"boss_relics":[{"not_picked":["Velvet Choker","Black Star"],"picked":"Tiny House"}],"items_purged_floors":[2],"is_endless":false,"potions_floor_spawned":[4,5,8,11,16,28,29],"killed_by":"Champ","ascension_level":20}