{"gold_per_floor":[115,115,115,131,148,148,176,176,250,281,21,34,34,47,47,140,140,165,165,165,181,131,131],"floor_reached":23,"playtime":581,"items_purged":["Parasite"],"score":338,"play_id":"e45081aa-de18-4792-815c-ae5d08055a4f","local_time":"20190517231320","is_ascension_mode":true,"campfire_choices":[{"data":"Heavy Blade","floor":6.0,"key":"SMITH"},{"data":"Bash","floor":13.0,"key":"SMITH"},{"floor":15.0,"key":"REST"}],"neow_cost":"NONE","seed_source_timestamp":1297192240324551,"circlet_count":0,"master_deck":["AscendersBane","Strike_R","Strike_R","Strike_R","Strike_R","Strike_R","Defend_R","Defend_R","Defend_R","Defend_R","Bash+1","Inflame+1","Heavy Blade+1","Impervious","Writhe"],"special_seed":0,"relics":["Burning Blood","Strawberry","Centennial Puzzle","Molten Egg 2","Golden Idol","Blue Candle","Red Skull","Paper Frog","Calling Bell","Smiling Mask","Pantograph","Unceasing Top"],"potions_floor_usage":[20,21],"damage_taken":[{"damage":3.0,"enemies":"2 Louse","floor":1.0,"turns":3.0},{"damage":3.0,"enemies":"Jaw Worm","floor":4.0,"turns":4.0},{"damage":1.0,"enemies":"Cultist","floor":5.0,"turns":4.0},{"damage":32.0,"enemies":"Gremlin Nob","floor":7.0,"turns":4.0},{"damage":35.0,"enemies":"Lagavulin","floor":10.0,"turns":6.0},{"damage":11.0,"enemies":"Blue Slaver","floor":12.0,"turns":3.0},{"damage":1.0,"enemies":"Looter","floor":14.0,"turns":2.0},{"damage":36.0,"enemies":"Hexaghost","floor":16.0,"turns":7.0},{"damage":35.0,"enemies":"Shell Parasite","floor":18.0,"turns":4.0},{"damage":10,"enemies":"Colosseum Slavers","floor":20,"turns":4},{"damage":25,"enemies":"3 Byrds","floor":21,"turns":4},{"damage":16,"enemies":"Book of Stabbing","floor":23,"turns":3}],"seed_played":"-16840929755860151","potions_obtained":[{"floor":1.0,"key":"Dexterity Potion"},{"floor":5.0,"key":"Explosive Potion"},{"floor":18.0,"key":"Block Potion"}],"is_trial":false,"path_per_floor":["M","?","?","M","M","R","E","?","T","E","$","M","R","M","R","B",null,"M","?","?","M","$","E"],"character_chosen":"IRONCLAD","items_purchased":["Paper Frog"],"campfire_rested":1,"item_purchase_floors":[11],"current_hp_per_floor":[78,75,75,78,82,82,56,56,56,27,27,22,22,27,49,19,62,33,33,29,10,10,0],"gold":131,"neow_bonus":"RANDOM_COMMON_RELIC","is_prod":false,"is_daily":false,"chose_seed":false,"campfire_upgraded":2,"win_rate":0,"timestamp":1558156400,"path_taken":["M","?","?","M","?","R","E","?","T","E","$","M","R","M","R","BOSS","M","?","?","M","$","E"],"build_version":"2019-01-23","purchased_purges":1,"victory":false,"max_hp_per_floor":[82,82,82,82,82,82,82,76,76,76,76,76,76,76,76,76,76,76,76,76,76,73,73],"card_choices":[{"not_picked":["Seeing Red","Armaments"],"picked":"Inflame","floor":1.0},{"not_picked":["Sword Boomerang","Clothesline"],"picked":"Heavy Blade","floor":4.0},{"not_picked":["Twin Strike","Sentinel","Heavy Blade"],"picked":"SKIP","floor":5.0},{"not_picked":["Flex","Searing Blow","Heavy Blade"],"picked":"SKIP","floor":7.0},{"not_picked":["Dual Wield","Reckless Charge+1","Battle Trance"],"picked":"SKIP","floor":10.0},{"not_picked":["Entrench","Perfected Strike+1","Heavy Blade+1"],"picked":"SKIP","floor":12.0},{"not_picked":["True Grit","Infernal Blade","Reckless Charge+1"],"picked":"SKIP","floor":14.0},{"not_picked":["Bludgeon+1","Dark Embrace"],"picked":"Impervious","floor":16.0},{"not_picked":["Shrug It Off","Warcry+1","Anger+1"],"picked":"SKIP","floor":18.0},{"not_picked":["Headbutt+1","Bludgeon+1","Intimidate"],"picked":"SKIP","floor":21}],"player_experience":562749,"relics_obtained":[{"floor":7.0,"key":"Molten Egg 2"},{"floor":9.0,"key":"Blue Candle"},{"floor":10.0,"key":"Red Skull"},{"floor":17.0,"key":"Smiling Mask"},{"floor":17.0,"key":"Pantograph"},{"floor":17.0,"key":"Unceasing Top"}],"event_choices":[{"damage_healed":0.0,"max_hp_gain":0.0,"max_hp_loss":0.0,"gold_gain":0.0,"event_name":"Scrap Ooze","player_choice":"Success","floor":2.0,"gold_loss":0.0,"damage_taken":3.0,"relics_obtained":["Centennial Puzzle"]},{"damage_healed":0.0,"max_hp_gain":0.0,"max_hp_loss":0.0,"gold_gain":0.0,"event_name":"Accursed Blacksmith","player_choice":"Forge","floor":3.0,"gold_loss":0.0,"damage_taken":0.0,"cards_upgraded":["Inflame"]},{"damage_healed":0.0,"max_hp_gain":0.0,"max_hp_loss":6.0,"gold_gain":0.0,"event_name":"Golden Idol","player_choice":"Lose Max HP","floor":8.0,"gold_loss":0.0,"damage_taken":0.0,"relics_obtained":["Golden Idol"]},{"cards_removed":["Normality"],"damage_healed":0.0,"max_hp_gain":0.0,"max_hp_loss":0.0,"gold_gain":0.0,"event_name":"Back to Basics","player_choice":"Elegance","floor":19.0,"gold_loss":0.0,"damage_taken":0.0},{"damage_healed":0,"gold_gain":0,"player_choice":"Fight","damage_taken":0,"max_hp_gain":0,"max_hp_loss":0,"event_name":"Colosseum","floor":20,"gold_loss":0},{"damage_healed":0,"gold_gain":0,"player_choice":"Fled From Nobs","damage_taken":0,"max_hp_gain":0,"max_hp_loss":0,"event_name":"Colosseum","floor":20,"gold_loss":0}],"is_beta":false,"boss_relics":[{"not_picked":["Orrery","Snecko Eye"],"picked":"Calling Bell"}],"items_purged_floors":[22],"is_endless":false,"potions_floor_spawned":[1,5,16,18,20],"killed_by":"Book of Stabbing","ascension_level":14}