{"gold_per_floor":[168,186,186,205,205,205,216,242,242,242,261,261,226,259,259,336,336,354,364,72,91,141,141,156,169,169,187,187,87,99,116,116,116],"floor_reached":33,"playtime":1982,"items_purged":["Burst","Strike_G"],"score":526,"play_id":"9c7b7a6e-0ee0-4e31-9773-1ea092860d60","local_time":"20190403001643","is_ascension_mode":true,"campfire_choices":[{"data":"Poisoned Stab","floor":6,"key":"SMITH"},{"data":"Footwork","floor":10,"key":"SMITH"},{"floor":12,"key":"REST"},{"data":"Neutralize","floor":15,"key":"SMITH"},{"floor":23,"key":"REST"},{"floor":28,"key":"REST"},{"floor":32,"key":"REST"}],"neow_cost":"NONE","seed_source_timestamp":441941233870052,"circlet_count":0,"master_deck":["AscendersBane","Defend_G","Defend_G+1","Defend_G+1","Defend_G","Defend_G","Strike_G","Strike_G","Strike_G","Survivor+1","Neutralize+1","Choke","Poisoned Stab+1","Caltrops","Blade Dance","Deadly Poison","Footwork+1","Backflip","Footwork+1","Blur","Dodge and Roll","PiercingWail","Dash"],"relics":["Tiny House","Ice Cream","Strawberry","War Paint","Cursed Key","DollysMirror"],"potions_floor_usage":[5,5,8,14,24,27,31,33],"damage_taken":[{"damage":0,"enemies":"2 Louse","floor":1,"turns":3},{"damage":0,"enemies":"Cultist","floor":2,"turns":4},{"damage":0,"enemies":"Small Slimes","floor":4,"turns":4},{"damage":7,"enemies":"Gremlin Gang","floor":5,"turns":2},{"damage":9,"enemies":"Blue Slaver","floor":7,"turns":3},{"damage":32,"enemies":"Lagavulin","floor":8,"turns":5},{"damage":0,"enemies":"Looter","floor":11,"turns":4},{"damage":29,"enemies":"Gremlin Nob","floor":14,"turns":4},{"damage":16,"enemies":"The Guardian","floor":16,"turns":12},{"damage":2,"enemies":"Chosen","floor":18,"turns":6},{"damage":9,"enemies":"Shell Parasite","floor":19,"turns":6},{"damage":30,"enemies":"Snake Plant","floor":21,"turns":6},{"damage":31,"enemies":"Chosen and Byrds","floor":24,"turns":7},{"damage":0,"enemies":"Snecko","floor":25,"turns":7},{"damage":21,"enemies":"Snake Plant","floor":27,"turns":6},{"damage":11,"enemies":"Shelled Parasite and Fungi","floor":30,"turns":8},{"damage":7,"enemies":"Centurion and Healer","floor":31,"turns":10},{"damage":42,"enemies":"Champ","floor":33,"turns":16}],"seed_played":"-6646960809101669193","potions_obtained":[{"floor":0,"key":"SmokeBomb"},{"floor":4,"key":"Fruit Juice"},{"floor":7,"key":"AttackPotion"},{"floor":8,"key":"Weak Potion"},{"floor":14,"key":"Weak Potion"},{"floor":16,"key":"LiquidBronze"},{"floor":24,"key":"SteroidPotion"},{"floor":25,"key":"Regen Potion"},{"floor":27,"key":"LiquidBronze"}],"is_trial":false,"path_per_floor":["M","M","?","M","M","R","M","E","T","R","M","R","?","E","R","B",null,"M","M","$","M","?","R","M","M","T","M","R","$","M","M","R","B"],"character_chosen":"THE_SILENT","items_purchased":["DollysMirror"],"campfire_rested":4,"item_purchase_floors":[20],"current_hp_per_floor":[64,64,64,64,62,62,53,21,28,28,28,52,72,43,43,27,69,67,58,58,28,20,44,13,13,13,7,31,31,20,13,37,0],"gold":116,"neow_bonus":"BOSS_RELIC","is_prod":false,"is_daily":false,"chose_seed":false,"campfire_upgraded":3,"win_rate":0,"timestamp":1554272203,"path_taken":["M","M","?","M","M","R","M","E","T","R","?","R","?","E","R","BOSS","M","M","$","M","?","R","?","M","T","M","R","$","M","M","R","BOSS"],"build_version":"2019-01-23","purchased_purges":2,"victory":false,"max_hp_per_floor":[71,71,71,71,76,76,76,76,83,83,83,83,83,83,83,83,83,83,83,83,83,83,83,83,83,83,83,83,83,83,83,83,83],"card_choices":[{"not_picked":["Backflip","Acrobatics"],"picked":"Choke","floor":0},{"not_picked":["Blade Dance","Sucker Punch"],"picked":"Poisoned Stab","floor":1},{"not_picked":["Poisoned Stab","All Out Attack"],"picked":"Caltrops","floor":2},{"not_picked":["Outmaneuver","Terror","Blade Dance"],"picked":"SKIP","floor":4},{"not_picked":["Sucker Punch","Dagger Throw"],"picked":"Deadly Poison","floor":7},{"not_picked":["Venomology","PiercingWail"],"picked":"Footwork","floor":8},{"not_picked":["Prepared","Tactician","Masterful Stab"],"picked":"SKIP","floor":11},{"not_picked":["Prepared","Distraction"],"picked":"Backflip","floor":14},{"not_picked":["Night Terror","Die Die Die"],"picked":"Burst","floor":16},{"not_picked":["Prepared","Outmaneuver","Infinite Blades+1"],"picked":"SKIP","floor":18},{"not_picked":["Sucker Punch","Quick Slash","Flying Knee+1"],"picked":"SKIP","floor":19},{"not_picked":["Expertise","Dagger Spray","Dagger Throw"],"picked":"SKIP","floor":21},{"not_picked":["Masterful Stab","All Out Attack"],"picked":"Blur","floor":24},{"not_picked":["Dagger Throw","Tactician"],"picked":"Dodge and Roll","floor":25},{"not_picked":["Sucker Punch","Deflect"],"picked":"PiercingWail","floor":27},{"not_picked":["Heel Hook","Prepared"],"picked":"Dash","floor":30},{"not_picked":["Flying Knee+1","Quick Slash","Prepared"],"picked":"SKIP","floor":31}],"player_experience":426313,"relics_obtained":[{"floor":8,"key":"Ice Cream"},{"floor":9,"key":"Strawberry"},{"floor":14,"key":"War Paint"}],"event_choices":[{"damage_healed":0,"gold_gain":0,"cards_transformed":["Strike_G"],"player_choice":"Transformed","damage_taken":0,"max_hp_gain":0,"max_hp_loss":0,"event_name":"Transmorgrifier","floor":3,"gold_loss":0,"cards_obtained":["Blade Dance"]},{"damage_healed":20,"gold_gain":0,"player_choice":"Healed","damage_taken":0,"max_hp_gain":0,"max_hp_loss":0,"event_name":"The Cleric","floor":13,"gold_loss":35},{"damage_healed":0,"gold_gain":50,"player_choice":"Touch","damage_taken":8,"max_hp_gain":0,"max_hp_loss":0,"event_name":"FaceTrader","floor":22,"gold_loss":0}],"is_beta":false,"boss_relics":[{"not_picked":["Coffee Dripper","WristBlade"],"picked":"Cursed Key"}],"items_purged_floors":[20,29],"is_endless":false,"potions_floor_spawned":[4,7,8,14,16,21,24,25,27],"killed_by":"Champ","ascension_level":20}