{"gold_per_floor":[116,116,116,66,77,103,122,157,157,171,191,209,243,243,243,243],"floor_reached":16,"playtime":542,"items_purged":[],"score":154,"play_id":"791815ff-5e86-4322-afd6-b5daa7638568","local_time":"20190413212654","is_ascension_mode":true,"campfire_choices":[{"data":"White Noise","floor":15,"key":"SMITH"}],"neow_cost":"NONE","seed_source_timestamp":38701248748846,"circlet_count":0,"master_deck":["Strike_B","Strike_B","Strike_B","Defend_B","Defend_B","Defend_B","Defend_B","Zap+1","Dualcast","Beam Cell","Sunder","Double Energy","Ball Lightning","White Noise+1","Melter","Go for the Eyes","BootSequence","Defragment"],"relics":["Cracked Core","NeowsBlessing","Matryoshka","Boot","Mercury Hourglass","Bottled Flame","Juzu Bracelet","Golden Idol"],"potions_floor_usage":[8,13,13,16],"damage_taken":[{"damage":0,"enemies":"Small Slimes","floor":1,"turns":1},{"damage":0,"enemies":"Cultist","floor":5,"turns":1},{"damage":0,"enemies":"Gremlin Nob","floor":6,"turns":1},{"damage":0,"enemies":"Jaw Worm","floor":7,"turns":2},{"damage":12,"enemies":"3 Sentries","floor":8,"turns":6},{"damage":3,"enemies":"Gremlin Gang","floor":10,"turns":3},{"damage":2,"enemies":"Blue Slaver","floor":11,"turns":2},{"damage":4,"enemies":"2 Fungi Beasts","floor":12,"turns":2},{"damage":11,"enemies":"Lagavulin","floor":13,"turns":4},{"damage":27,"enemies":"The Guardian","floor":16,"turns":7}],"seed_played":"-4542869574367586700","potions_obtained":[{"floor":5,"key":"SteroidPotion"},{"floor":7,"key":"AttackPotion"},{"floor":8,"key":"Fire Potion"},{"floor":11,"key":"LiquidBronze"},{"floor":12,"key":"AttackPotion"}],"is_trial":false,"path_per_floor":["M","?","$","?","M","E","M","E","T","M","M","M","E","?","R","B"],"character_chosen":"DEFECT","items_purchased":[],"campfire_rested":0,"item_purchase_floors":[],"current_hp_per_floor":[75,75,75,75,75,75,75,63,63,60,58,54,43,25,25,0],"gold":243,"neow_bonus":"THREE_ENEMY_KILL","is_prod":false,"is_daily":false,"chose_seed":false,"campfire_upgraded":1,"win_rate":0,"timestamp":1555154814,"path_taken":["M","?","?","?","?","E","M","E","T","?","M","M","E","?","R","BOSS"],"build_version":"2019-01-23","purchased_purges":0,"victory":false,"max_hp_per_floor":[75,75,75,75,75,75,75,75,75,75,75,75,75,75,75,75],"card_choices":[{"not_picked":["Undo","Steam"],"picked":"Beam Cell","floor":1},{"not_picked":["Recycle","Scrape"],"picked":"Sunder","floor":5},{"not_picked":["Steam Power","Lockon"],"picked":"Double Energy","floor":6},{"not_picked":["Turbo","Streamline"],"picked":"Ball Lightning","floor":7},{"not_picked":["Rebound","Compile Driver"],"picked":"White Noise","floor":8},{"not_picked":["Fission","Coolheaded"],"picked":"Melter","floor":10},{"not_picked":["Genetic Algorithm","Coolheaded"],"picked":"Go for the Eyes","floor":11},{"not_picked":["Barrage","Compile Driver"],"picked":"BootSequence","floor":12},{"not_picked":["Cold Snap","Loop"],"picked":"Defragment","floor":13}],"player_experience":125448,"relics_obtained":[{"floor":6,"key":"Matryoshka"},{"floor":8,"key":"Boot"},{"floor":9,"key":"Mercury Hourglass"},{"floor":9,"key":"Bottled Flame"},{"floor":13,"key":"Juzu Bracelet"}],"event_choices":[{"damage_healed":0,"gold_gain":0,"player_choice":"Upgraded","damage_taken":0,"max_hp_gain":0,"max_hp_loss":0,"event_name":"Upgrade Shrine","floor":2,"gold_loss":0,"cards_upgraded":["Zap"]},{"cards_removed":["Strike_B"],"damage_healed":0,"gold_gain":0,"player_choice":"Card Removal","damage_taken":0,"max_hp_gain":0,"max_hp_loss":0,"event_name":"The Cleric","floor":4,"gold_loss":50},{"damage_healed":0,"gold_gain":0,"player_choice":"Take Damage","damage_taken":18,"relics_obtained":["Golden Idol"],"max_hp_gain":0,"max_hp_loss":0,"event_name":"Golden Idol","floor":14,"gold_loss":0}],"is_beta":false,"boss_relics":[],"items_purged_floors":[],"is_endless":false,"potions_floor_spawned":[5,7,8,11,12],"killed_by":"The Guardian","ascension_level":1}