{"path_per_floor":["M","M","M","M","M","R","E","R","T","?","M","R","$","M","R"],"character_chosen":"IRONCLAD","items_purchased":["Vajra"],"gold_per_floor":[111,122,136,150,165,165,194,194,194,294,311,311,80,99,99,99],"floor_reached":16,"campfire_rested":0,"playtime":492,"item_purchase_floors":[13],"current_hp_per_floor":[80,80,80,74,66,66,48,48,48,48,54,54,54,53,53,0],"items_purged":["Strike_R"],"gold":99,"score":109,"play_id":"f53d9989-a714-41a8-859f-5659e47800b3","local_time":"20180601203154","is_prod":false,"is_daily":false,"chose_seed":false,"is_ascension_mode":true,"campfire_upgraded":4,"win_rate":0,"timestamp":1527849114,"campfire_choices":[{"data":"Cleave","floor":6,"key":"SMITH"},{"data":"Iron Wave","floor":8,"key":"SMITH"},{"data":"Bash","floor":12,"key":"SMITH"},{"data":"Strike_R","floor":15,"key":"SMITH"}],"path_taken":["M","M","M","M","M","R","E","R","T","?","M","R","$","M","R","BOSS"],"build_version":"2018-05-30v2","seed_source_timestamp":40754329627044,"purchased_purges":1,"victory":false,"master_deck":["Strike_R","Strike_R","Strike_R","Strike_R+1","Defend_R","Defend_R","Defend_R","Defend_R","Bash+1","Cleave+1","Iron Wave+1"],"max_hp_per_floor":[80,80,80,80,80,80,80,80,80,80,80,80,80,80,80,80],"relics":["Burning Blood","Ancient Tea Set","Anchor","Lantern","Vajra"],"card_choices":[{"not_picked":["Power Through","Shrug It Off"],"picked":"Cleave","floor":1},{"not_picked":["Second Wind","Battle Trance","Reckless Charge"],"picked":"SKIP","floor":2},{"not_picked":["Twin Strike","Havoc"],"picked":"Iron Wave","floor":3},{"not_picked":["Body Slam","Second Wind","Dark Embrace"],"picked":"SKIP","floor":4},{"not_picked":["Dual Wield","Combust","Clothesline"],"picked":"SKIP","floor":5},{"not_picked":["Pummel","Perfected Strike","Infernal Blade"],"picked":"SKIP","floor":7},{"not_picked":["Warcry","Carnage","Clothesline"],"picked":"SKIP","floor":11},{"not_picked":["Armaments","Sword Boomerang","Intimidate"],"picked":"SKIP","floor":14}],"player_experience":43228,"potions_floor_usage":[7,16,16],"damage_taken":[{"damage":0,"enemies":"Small Slimes","floor":1,"turns":3},{"damage":1,"enemies":"Cultist","floor":2,"turns":3},{"damage":1,"enemies":"Jaw Worm","floor":3,"turns":5},{"damage":12,"enemies":"2 Fungi Beasts","floor":4,"turns":4},{"damage":14,"enemies":"Large Slime","floor":5,"turns":7},{"damage":24,"enemies":"Gremlin Nob","floor":7,"turns":5},{"damage":0,"enemies":"Exordium Wildlife","floor":11,"turns":2},{"damage":7,"enemies":"Blue Slaver","floor":14,"turns":3},{"damage":55,"enemies":"The Guardian","floor":16,"turns":11}],"relics_obtained":[{"floor":7,"key":"Anchor"},{"floor":9,"key":"Lantern"}],"event_choices":[{"event_name":"Golden Shrine","player_choice":"Pray","floor":10,"damage_taken":0}],"boss_relics":[],"items_purged_floors":[13],"potions_floor_spawned":[1,4,5,7],"seed_played":"-2064046168597298253","killed_by":"The Guardian","ascension_level":1,"potions_obtained":[{"floor":1,"key":"SkillPotion"},{"floor":4,"key":"Strength Potion"},{"floor":5,"key":"Fire Potion"},{"floor":7,"key":"Energy Potion"}],"is_trial":false}