{"gold_per_floor":[119,131,56,56,56,56,9,40,40,71,21,21,43,73,73,73],"floor_reached":16,"playtime":588,"items_purged":[],"score":181,"play_id":"b321adf0-f298-4e68-bc99-2f1ec2fca059","local_time":"20190605221406","is_ascension_mode":true,"campfire_choices":[{"data":"Rip and Tear","floor":6.0,"key":"SMITH"},{"data":"Sunder","floor":12.0,"key":"SMITH"},{"data":"Dualcast","floor":15,"key":"SMITH"}],"neow_cost":"NONE","seed_source_timestamp":441804254952809,"circlet_count":0,"master_deck":["Strike_B","Strike_B","Strike_B","Strike_B","Defend_B","Defend_B","Defend_B","Defend_B","Zap+1","Dualcast+1","Rip and Tear+1","FTL","Ball Lightning","Compile Driver","Sunder+1"],"special_seed":0,"relics":["Cracked Core","Juzu Bracelet","Pocketwatch","Blood Vial","Bronze Scales","Odd Mushroom","Matryoshka"],"potions_floor_usage":[14,16],"damage_taken":[{"damage":1.0,"enemies":"2 Louse","floor":1.0,"turns":4.0},{"damage":2.0,"enemies":"Jaw Worm","floor":2.0,"turns":3.0},{"damage":5.0,"enemies":"Gremlin Nob","floor":8.0,"turns":3.0},{"damage":0.0,"enemies":"3 Sentries","floor":10.0,"turns":5.0},{"damage":2.0,"enemies":"The Mushroom Lair","floor":13.0,"turns":2.0},{"damage":20,"enemies":"Lagavulin","floor":14,"turns":3},{"damage":35,"enemies":"The Guardian","floor":16,"turns":9}],"seed_played":"5403355877437306673","potions_obtained":[{"floor":0.0,"key":"SteroidPotion"},{"floor":0.0,"key":"PowerPotion"},{"floor":0.0,"key":"Block Potion"},{"floor":1.0,"key":"AttackPotion"},{"floor":8.0,"key":"FocusPotion"},{"floor":13.0,"key":"FearPotion"}],"is_trial":false,"path_per_floor":["M","M","$","?","?","R","$","E","T","E","$","R","?","E","R","B"],"character_chosen":"DEFECT","items_purchased":["FTL","Ball Lightning","PowerPotion"],"campfire_rested":0,"item_purchase_floors":[3,7,11],"current_hp_per_floor":[67,65,65,53,53,53,53,48,48,50,50,50,50,32,32,0],"gold":73,"neow_bonus":"THREE_SMALL_POTIONS","is_prod":false,"is_daily":false,"chose_seed":false,"campfire_upgraded":3,"win_rate":0,"timestamp":1559794446,"path_taken":["M","M","$","?","?","R","?","E","T","E","$","R","?","E","R","BOSS"],"build_version":"2019-01-23","purchased_purges":0,"victory":false,"max_hp_per_floor":[75,75,75,75,75,75,75,75,75,75,75,75,75,75,75,75],"card_choices":[{"not_picked":["Force Field","Streamline"],"picked":"Rip and Tear","floor":1.0},{"not_picked":["Multi-Cast","Beam Cell","Scrape"],"picked":"SKIP","floor":2.0},{"not_picked":["Creative AI","Turbo"],"picked":"Compile Driver","floor":8.0},{"not_picked":["Undo","Capacitor"],"picked":"Sunder","floor":10.0},{"not_picked":["Recycle","Coolheaded","Stack"],"picked":"SKIP","floor":14}],"player_experience":690745,"relics_obtained":[{"floor":8.0,"key":"Pocketwatch"},{"floor":9.0,"key":"Blood Vial"},{"floor":10.0,"key":"Bronze Scales"},{"floor":13.0,"key":"Odd Mushroom"},{"floor":14,"key":"Matryoshka"}],"event_choices":[{"damage_healed":0.0,"max_hp_gain":0.0,"max_hp_loss":0.0,"gold_gain":0.0,"event_name":"Scrap Ooze","player_choice":"Success","floor":4.0,"gold_loss":0.0,"damage_taken":12.0,"relics_obtained":["Juzu Bracelet"]},{"damage_healed":0.0,"max_hp_gain":0.0,"max_hp_loss":0.0,"gold_gain":0.0,"event_name":"Living Wall","player_choice":"Grow","floor":5.0,"gold_loss":0.0,"damage_taken":0.0,"cards_upgraded":["Zap"]},{"damage_healed":0.0,"max_hp_gain":0.0,"max_hp_loss":0.0,"gold_gain":0.0,"event_name":"Mushrooms","player_choice":"Fought Mushrooms","floor":13.0,"gold_loss":0.0,"damage_taken":0.0}],"is_beta":false,"boss_relics":[],"items_purged_floors":[],"is_endless":false,"potions_floor_spawned":[1,8,13],"killed_by":"The Guardian","ascension_level":6}