{"gold_per_floor":[119,133,83,83,13,44,54,54,108,122,122,149,199,211,211,314,314,330,343,343,8,21,21,48,48],"floor_reached":25,"playtime":1359,"items_purged":["Strike_G"],"score":384,"play_id":"7388e7cb-97a2-4185-9453-60bd0a30ff35","local_time":"20190527203828","is_ascension_mode":true,"campfire_choices":[{"data":"Backstab","floor":8,"key":"SMITH"},{"data":"Crippling Poison","floor":11,"key":"SMITH"},{"floor":15,"key":"REST"},{"floor":23,"key":"REST"}],"neow_cost":"NONE","seed_source_timestamp":3528000388317731,"circlet_count":0,"master_deck":["AscendersBane","Defend_G","Defend_G","Defend_G+1","Defend_G+1","Defend_G","Strike_G","Strike_G","Strike_G","Survivor","Neutralize","Quick Slash","Cloak And Dagger+1","Well Laid Plans","Backstab+1","Malaise","Crippling Poison+1","Accuracy","Slice","After Image+1","Footwork","Blade Dance","Noxious Fumes+1"],"relics":["Ring of the Serpent","NeowsBlessing","War Paint","Tiny Chest","Ninja Scroll","ClockworkSouvenir","Mango"],"potions_floor_usage":[16,24],"damage_taken":[{"damage":0,"enemies":"2 Louse","floor":1,"turns":1},{"damage":0,"enemies":"Small Slimes","floor":2,"turns":1},{"damage":0,"enemies":"Lagavulin","floor":6,"turns":1},{"damage":0,"enemies":"Jaw Worm","floor":7,"turns":3},{"damage":0,"enemies":"Red Slaver","floor":10,"turns":5},{"damage":38,"enemies":"Gremlin Nob","floor":12,"turns":6},{"damage":12,"enemies":"Gremlin Gang","floor":14,"turns":4},{"damage":16,"enemies":"The Guardian","floor":16,"turns":16},{"damage":3,"enemies":"Shell Parasite","floor":18,"turns":7},{"damage":14,"enemies":"Spheric Guardian","floor":19,"turns":5},{"damage":18,"enemies":"Centurion and Healer","floor":22,"turns":10},{"damage":33,"enemies":"Gremlin Leader","floor":24,"turns":10},{"damage":25,"enemies":"Snake Plant","floor":25,"turns":4}],"seed_played":"5162052257706398074","potions_obtained":[{"floor":2,"key":"Ancient Potion"},{"floor":12,"key":"Strength Potion"},{"floor":19,"key":"Strength Potion"}],"is_trial":false,"path_per_floor":["M","M","?","?","$","E","M","R","T","M","R","E","?","M","R","B",null,"M","M","?","$","M","R","E","M"],"character_chosen":"THE_SILENT","items_purchased":["Well Laid Plans","Footwork","ClockworkSouvenir"],"campfire_rested":2,"item_purchase_floors":[5,21,21],"current_hp_per_floor":[63,63,63,63,63,63,63,63,63,63,63,25,25,13,34,18,57,54,40,40,40,22,43,24,0],"gold":48,"neow_bonus":"THREE_ENEMY_KILL","is_prod":false,"is_daily":false,"chose_seed":false,"campfire_upgraded":2,"win_rate":0,"timestamp":1559003908,"path_taken":["M","M","?","?","$","E","M","R","T","M","R","E","?","M","R","BOSS","M","M","?","$","?","R","E","?"],"build_version":"2019-01-23","purchased_purges":1,"victory":false,"max_hp_per_floor":[70,70,70,70,70,70,70,70,70,70,70,70,70,70,70,70,70,70,70,70,70,70,70,84,84],"card_choices":[{"not_picked":["Prepared","Escape Plan"],"picked":"Quick Slash","floor":1},{"not_picked":["Deadly Poison","Poisoned Stab"],"picked":"Cloak And Dagger","floor":2},{"not_picked":["Sucker Punch","Accuracy"],"picked":"Backstab","floor":6},{"not_picked":["Distraction","Quick Slash"],"picked":"Malaise","floor":7},{"not_picked":["Prepared","Skewer"],"picked":"Crippling Poison","floor":10},{"not_picked":["Caltrops","Deflect"],"picked":"Accuracy","floor":12},{"not_picked":["Acrobatics","Masterful Stab"],"picked":"Slice","floor":14},{"not_picked":["Night Terror","Unload"],"picked":"After Image","floor":16},{"not_picked":["PiercingWail","Dagger Throw","Skewer+1"],"picked":"SKIP","floor":18},{"not_picked":["Flying Knee","Bane+1","Concentrate"],"picked":"SKIP","floor":19},{"not_picked":["Bane","Deadly Poison"],"picked":"Blade Dance","floor":22},{"not_picked":["Tactician","Finisher"],"picked":"Noxious Fumes+1","floor":24}],"player_experience":168103,"relics_obtained":[{"floor":6,"key":"War Paint"},{"floor":9,"key":"Tiny Chest"},{"floor":12,"key":"Ninja Scroll"},{"floor":24,"key":"Mango"}],"event_choices":[{"cards_removed":["Strike_G"],"damage_healed":0,"gold_gain":0,"player_choice":"Card Removal","damage_taken":0,"max_hp_gain":0,"max_hp_loss":0,"event_name":"The Cleric","floor":3,"gold_loss":50},{"damage_healed":0,"gold_gain":0,"player_choice":"Grow","damage_taken":0,"max_hp_gain":0,"max_hp_loss":0,"event_name":"Living Wall","floor":4,"gold_loss":0,"cards_upgraded":["Cloak And Dagger"]},{"damage_healed":0,"gold_gain":50,"player_choice":"Gained Gold","damage_taken":0,"max_hp_gain":0,"max_hp_loss":0,"event_name":"Golden Wing","floor":13,"gold_loss":0},{"damage_healed":0,"gold_gain":0,"player_choice":"Upgraded","damage_taken":0,"max_hp_gain":0,"max_hp_loss":0,"event_name":"Upgrade Shrine","floor":20,"gold_loss":0,"cards_upgraded":["After Image"]}],"is_beta":false,"boss_relics":[{"not_picked":["Velvet Choker","Philosopher\u0027s Stone"],"picked":"Ring of the Serpent"}],"items_purged_floors":[21],"is_endless":false,"potions_floor_spawned":[2,12,19],"killed_by":"Snake Plant","ascension_level":10}