{"path_per_floor":["M","?","M","?","?","E","M","R","T","E","M","?","M","M","R","B",null,"M","M","$","?","T","E","R"],"character_chosen":"DEFECT","items_purchased":["Defragment"],"gold_per_floor":[119,194,194,194,194,259,273,273,298,329,344,294,307,321,321,421,421,437,420,266,266,290,325,325,325],"floor_reached":25,"campfire_rested":1,"playtime":1322,"item_purchase_floors":[20],"current_hp_per_floor":[73,62,64,69,69,50,57,80,80,60,64,64,59,58,58,41,80,77,77,77,77,77,35,35,0],"items_purged":["Defend_B"],"gold":325,"score":243,"play_id":"f91c0802-0100-43b6-ae82-57fa2445f4fb","local_time":"20180621175705","is_prod":false,"is_daily":false,"chose_seed":false,"is_ascension_mode":true,"campfire_upgraded":2,"win_rate":0,"timestamp":1529567825,"campfire_choices":[{"floor":8,"key":"REST"},{"data":"Chill","floor":15,"key":"SMITH"},{"data":"Creative AI","floor":24,"key":"SMITH"}],"path_taken":["M","?","M","?","?","E","M","R","T","E","M","?","M","M","R","BOSS","M","M","$","?","?","E","R","E"],"build_version":"2018-06-20","seed_source_timestamp":33629982624069,"purchased_purges":1,"circlet_count":0,"victory":false,"master_deck":["Strike_B","Strike_B","Strike_B","Defend_B","Defend_B","Defend_B","Zap","Dualcast","Self Repair","Consume","Leap","Capacitor","Ball Lightning","Chill+1","Amplify","Steam+1","Ball Lightning","Defragment","Decay","Creative AI+1"],"max_hp_per_floor":[75,75,75,80,80,80,80,80,80,80,80,80,80,80,80,80,80,80,80,80,80,80,81,81,81],"relics":["Cracked Core","Tiny Chest","Happy Flower","Torii","Cursed Key","FaceOfCleric","Ancient Tea Set","Peace Pipe"],"card_choices":[{"not_picked":["Conserve Battery","Rebound"],"picked":"Self Repair","floor":1},{"not_picked":["Tempest","Darkness"],"picked":"Consume","floor":3},{"not_picked":["Coolheaded","Conserve Battery"],"picked":"Leap","floor":6},{"not_picked":["Coolheaded","Compile Driver"],"picked":"Capacitor","floor":7},{"not_picked":["Buffer","Rebound","Force Field"],"picked":"SKIP","floor":10},{"not_picked":["Turbo","Streamline","Rebound"],"picked":"SKIP","floor":11},{"not_picked":["Loop","Conserve Battery"],"picked":"Ball Lightning","floor":13},{"not_picked":["Coolheaded","Aggregate"],"picked":"Chill","floor":14},{"not_picked":["Reboot","All For One"],"picked":"Amplify","floor":16},{"not_picked":["Ball Lightning","Turbo"],"picked":"Steam+1","floor":18},{"not_picked":["Turbo","Compile Driver"],"picked":"Ball Lightning","floor":19},{"not_picked":["Coolheaded","Genetic Algorithm+1"],"picked":"Creative AI","floor":23}],"player_experience":51475,"potions_floor_usage":[10,23,25],"damage_taken":[{"damage":2,"enemies":"2 Louse","floor":1,"turns":3},{"damage":5,"enemies":"Jaw Worm","floor":3,"turns":5},{"damage":26,"enemies":"Lagavulin","floor":6,"turns":7},{"damage":0,"enemies":"Cultist","floor":7,"turns":4},{"damage":27,"enemies":"3 Sentries","floor":10,"turns":6},{"damage":3,"enemies":"3 Louse","floor":11,"turns":4},{"damage":12,"enemies":"Looter","floor":13,"turns":4},{"damage":8,"enemies":"Blue Slaver","floor":14,"turns":4},{"damage":24,"enemies":"The Guardian","floor":16,"turns":10},{"damage":10,"enemies":"Shell Parasite","floor":18,"turns":8},{"damage":7,"enemies":"2 Thieves","floor":19,"turns":4},{"damage":63,"enemies":"Book of Stabbing","floor":23,"turns":7},{"damage":37,"enemies":"Gremlin Leader","floor":25,"turns":5}],"relics_obtained":[{"floor":6,"key":"Tiny Chest"},{"floor":9,"key":"Happy Flower"},{"floor":10,"key":"Torii"},{"floor":22,"key":"Ancient Tea Set"},{"floor":23,"key":"Peace Pipe"}],"event_choices":[{"event_name":"World of Goop","player_choice":"Gather Gold","floor":2,"damage_taken":0},{"event_name":"Big Fish","player_choice":"Donut","floor":4,"damage_taken":0},{"event_name":"Liars Game","player_choice":"disagreed","floor":5,"damage_taken":0},{"event_name":"The Cleric","player_choice":"Card Removal","floor":12,"damage_taken":0},{"event_name":"FaceTrader","player_choice":"Took Face Of Cleric","floor":21,"damage_taken":0}],"boss_relics":[{"not_picked":["Runic Dome","Runic Pyramid"],"picked":"Cursed Key"}],"items_purged_floors":[20],"is_endless":false,"potions_floor_spawned":[1,6,10,23],"seed_played":"-833715598214471848","killed_by":"Gremlin Leader","ascension_level":1,"potions_obtained":[{"floor":1,"key":"SkillPotion"},{"floor":6,"key":"Dexterity Potion"},{"floor":10,"key":"Regen Potion"},{"floor":23,"key":"EssenceOfSteel"}],"is_trial":false}