{"gold_per_floor":[111,126,144,154,167,193,213,213,213,242,242,167,167,199,199,304,304,324,344,31,31,47,47,75,75,102,121,121,140,140,106,106,208,208,221,0,0,15,26,55,55,55],"floor_reached":42,"playtime":2597,"items_purged":["Strike_G"],"score":515,"play_id":"161354df-3391-4cd2-8e61-7bd1eddad315","local_time":"20190429214448","is_ascension_mode":true,"campfire_choices":[{"data":"Sucker Punch","floor":11,"key":"SMITH"},{"floor":13,"key":"RECALL"},{"data":"Infinite Blades","floor":15,"key":"SMITH"},{"data":"Cloak And Dagger","floor":23,"key":"SMITH"},{"floor":25,"key":"REST"},{"data":"Skewer","floor":28,"key":"SMITH"},{"floor":30,"key":"REST"},{"data":"Accuracy","floor":32,"key":"SMITH"}],"neow_cost":"PERCENT_DAMAGE","seed_source_timestamp":12986119265928,"circlet_count":0,"master_deck":["Defend_G","Defend_G","Strike_G","Strike_G","Survivor","Neutralize","Skewer+1","Slice","Dagger Throw","Sucker Punch+1","Dagger Spray","Quick Slash","Infinite Blades+1","Storm of Steel","Setup+1","Cloak And Dagger+1","Deflect","Clumsy","Accuracy+1","Deflect+1","Catalyst","Blade Dance","Infinite Blades"],"relics":["Ring of the Snake","Mercury Hourglass","StoneCalendar","Potion Belt","Kunai","Cursed Key","Mummified Hand","Mango","Omamori","Philosopher\u0027s Stone","Red Mask","Letter Opener"],"potions_floor_usage":[6,6,7,14,22,35,40,40,42],"damage_taken":[{"damage":1,"enemies":"Jaw Worm","floor":1,"turns":5},{"damage":0,"enemies":"Cultist","floor":2,"turns":3},{"damage":1,"enemies":"2 Louse","floor":3,"turns":3},{"damage":0,"enemies":"2 Fungi Beasts","floor":4,"turns":3},{"damage":5,"enemies":"Red Slaver","floor":5,"turns":3},{"damage":1,"enemies":"3 Sentries","floor":6,"turns":6},{"damage":0,"enemies":"Looter","floor":7,"turns":3},{"damage":11,"enemies":"Gremlin Nob","floor":10,"turns":4},{"damage":11,"enemies":"Lagavulin","floor":14,"turns":5},{"damage":25,"enemies":"The Guardian","floor":16,"turns":12},{"damage":0,"enemies":"3 Byrds","floor":18,"turns":3},{"damage":6,"enemies":"Spheric Guardian","floor":19,"turns":4},{"damage":19,"enemies":"Snake Plant","floor":22,"turns":4},{"damage":33,"enemies":"Slavers","floor":24,"turns":5},{"damage":3,"enemies":"Centurion and Healer","floor":27,"turns":7},{"damage":20,"enemies":"Snecko","floor":29,"turns":5},{"damage":14,"enemies":"Champ","floor":33,"turns":12},{"damage":4,"enemies":"3 Darklings","floor":35,"turns":5},{"damage":15,"enemies":"3 Shapes","floor":38,"turns":7},{"damage":15,"enemies":"Jaw Worm Horde","floor":39,"turns":4},{"damage":63,"enemies":"Reptomancer","floor":40,"turns":6},{"damage":19,"enemies":"Transient","floor":42,"turns":5}],"seed_played":"617055972740507082","potions_obtained":[{"floor":1,"key":"Explosive Potion"},{"floor":3,"key":"Ancient Potion"},{"floor":5,"key":"PowerPotion"},{"floor":6,"key":"Block Potion"},{"floor":10,"key":"Fire Potion"},{"floor":19,"key":"LiquidBronze"},{"floor":29,"key":"Weak Potion"},{"floor":38,"key":"LiquidBronze"},{"floor":39,"key":"Regen Potion"},{"floor":40,"key":"Dexterity Potion"}],"is_trial":false,"path_per_floor":["M","M","M","M","M","E","M","?","T","E","R","$","R","E","R","B",null,"M","M","$","?","M","R","E","R","T","M","R","M","R","$","R","B",null,"M","?","?","M","M","E","?","M"],"character_chosen":"THE_SILENT","items_purchased":["Cloak And Dagger","Mummified Hand","Accuracy"],"campfire_rested":2,"item_purchase_floors":[20,20,31],"current_hp_per_floor":[48,48,47,47,42,41,41,70,70,59,59,59,59,48,48,23,70,70,64,64,64,45,45,26,51,51,48,48,28,53,53,53,39,84,80,80,80,65,50,2,2,0],"gold":55,"neow_bonus":"REMOVE_TWO","is_prod":false,"is_daily":false,"chose_seed":false,"campfire_upgraded":5,"win_rate":0,"timestamp":1556538288,"path_taken":["M","M","M","M","M","E","M","?","T","E","R","$","R","E","R","BOSS","M","M","$","?","?","R","E","R","T","M","R","M","R","$","R","BOSS","M","?","?","M","?","E","?","M"],"build_version":"2019-01-23","purchased_purges":1,"victory":false,"max_hp_per_floor":[70,70,70,70,70,70,70,70,70,70,70,70,70,70,70,70,70,70,70,70,70,70,70,84,84,84,84,84,84,84,84,84,84,84,84,84,84,84,84,84,84,84],"card_choices":[{"not_picked":["Masterful Stab","Flying Knee"],"picked":"Skewer","floor":1},{"not_picked":["Blade Dance","Deadly Poison"],"picked":"Slice","floor":2},{"not_picked":["Choke","Deflect"],"picked":"Dagger Throw","floor":3},{"not_picked":["Finisher","Crippling Poison"],"picked":"Sucker Punch","floor":4},{"not_picked":["PiercingWail","Dagger Throw"],"picked":"Dagger Spray","floor":5},{"not_picked":["Night Terror","Deflect"],"picked":"Setup","floor":6},{"not_picked":["Acrobatics","Flechettes","Blade Dance"],"picked":"SKIP","floor":7},{"not_picked":["Dagger Spray","Riddle With Holes"],"picked":"Quick Slash","floor":10},{"not_picked":["Flying Knee","A Thousand Cuts"],"picked":"Infinite Blades","floor":14},{"not_picked":["Malaise","Glass Knife"],"picked":"Storm of Steel","floor":16},{"not_picked":["Sucker Punch","Masterful Stab","Bane"],"picked":"SKIP","floor":18},{"not_picked":["Flying Knee","Choke+1"],"picked":"Setup+1","floor":19},{"not_picked":["PiercingWail","Bane+1"],"picked":"Deflect","floor":22},{"not_picked":["All Out Attack","Phantasmal Killer","Bouncing Flask"],"picked":"SKIP","floor":24},{"not_picked":["Predator+1","Deadly Poison","Deflect"],"picked":"SKIP","floor":27},{"not_picked":["Dash","Quick Slash","Sucker Punch"],"picked":"SKIP","floor":29},{"not_picked":["Cloak And Dagger","Acrobatics"],"picked":"Deflect+1","floor":35},{"not_picked":["Backflip","Escape Plan+1"],"picked":"Blade Dance","floor":38},{"not_picked":["Well Laid Plans","Noxious Fumes"],"picked":"Infinite Blades","floor":39},{"not_picked":["Sucker Punch+1","Slice","Phantasmal Killer"],"picked":"SKIP","floor":40}],"player_experience":139293,"relics_obtained":[{"floor":6,"key":"Mercury Hourglass"},{"floor":9,"key":"StoneCalendar"},{"floor":10,"key":"Potion Belt"},{"floor":14,"key":"Kunai"},{"floor":24,"key":"Mango"},{"floor":26,"key":"Omamori"},{"floor":40,"key":"Letter Opener"}],"event_choices":[{"cards_removed":["Setup"],"damage_healed":29,"gold_gain":0,"player_choice":"Offered Uncommon","damage_taken":0,"max_hp_gain":0,"max_hp_loss":0,"event_name":"Bonfire Elementals","floor":8,"gold_loss":0},{"cards_removed":["Strike_G"],"damage_healed":0,"gold_gain":0,"player_choice":"Purged","damage_taken":0,"max_hp_gain":0,"max_hp_loss":0,"event_name":"Purifier","floor":21,"gold_loss":0},{"damage_healed":0,"gold_gain":0,"player_choice":"Paid","damage_taken":0,"relics_obtained":["Red Mask"],"max_hp_gain":0,"max_hp_loss":0,"event_name":"Tomb of Lord Red Mask","floor":36,"gold_loss":221},{"damage_healed":0,"gold_gain":0,"cards_transformed":["Defend_G"],"player_choice":"Transformed","damage_taken":0,"max_hp_gain":0,"max_hp_loss":0,"event_name":"Transmorgrifier","floor":37,"gold_loss":0,"cards_obtained":["Catalyst"]},{"cards_removed":["Defend_G"],"damage_healed":0,"gold_gain":0,"player_choice":"Removed Skill","damage_taken":0,"max_hp_gain":0,"max_hp_loss":0,"event_name":"Falling","floor":41,"gold_loss":0}],"is_beta":false,"boss_relics":[{"not_picked":["Orrery","Lizard Tail"],"picked":"Cursed Key"},{"not_picked":["White Beast Statue","Tiny House"],"picked":"Philosopher\u0027s Stone"}],"items_purged_floors":[12],"is_endless":false,"potions_floor_spawned":[1,3,5,6,10,19,29,38,39,40],"killed_by":"Transient","ascension_level":2}