{"path_per_floor":["M","?","$","?","M","E","R","M","T","?","?","E","M","?","R"],"character_chosen":"IRONCLAD","items_purchased":["Question Card","Jack Of All Trades"],"gold_per_floor":[363,438,5,5,23,51,51,70,150,150,150,182,201,201,201,201],"floor_reached":16,"campfire_rested":2,"playtime":1005,"current_hp_per_floor":[41,30,30,56,54,25,49,55,55,55,43,19,25,9,48,0],"items_purged":["Defend_R"],"gold":201,"score":108,"play_id":"99435899-8eaf-4bf9-9364-7bffec9e89da","local_time":"20180524112603","is_prod":false,"is_daily":false,"chose_seed":false,"is_ascension_mode":false,"campfire_upgraded":0,"timestamp":1527125163,"campfire_choices":[{"floor":7,"key":"REST"},{"floor":15,"key":"REST"}],"path_taken":["M","?","$","?","M","E","R","M","T","?","?","E","M","?","R","BOSS"],"build_version":"2018-05-17","seed_source_timestamp":8325190088138,"purchased_purges":1,"victory":false,"master_deck":["Strike_R+1","Strike_R","Strike_R","Strike_R","Strike_R","Defend_R","Defend_R","Defend_R+1","Bash","Shrug It Off+1","Jack Of All Trades","Shrug It Off","Clash","Havoc","Blood for Blood","Iron Wave"],"max_hp_per_floor":[80,80,80,80,80,80,80,80,80,80,80,80,80,80,80,80],"relics":["Burning Blood","Question Card","Juzu Bracelet","The Courier","Bag of Marbles","Regal Pillow"],"card_choices":[{"not_picked":["Thunderclap","Clothesline"],"picked":"Shrug It Off","floor":1},{"not_picked":["Battle Trance","Whirlwind","Warcry"],"picked":"Shrug It Off","floor":5},{"not_picked":["Corruption","Impervious","Warcry"],"picked":"Clash","floor":6},{"not_picked":["Headbutt","Rampage","Reckless Charge"],"picked":"Havoc","floor":8},{"not_picked":["Uppercut","Twin Strike","Warcry"],"picked":"Blood for Blood","floor":12},{"not_picked":["Armaments","Sword Boomerang","Second Wind"],"picked":"Iron Wave","floor":13}],"player_experience":67850,"potions_floor_usage":[12,13,16],"damage_taken":[{"damage":5,"enemies":"Cultist","floor":1,"turns":4},{"damage":8,"enemies":"Jaw Worm","floor":5,"turns":4},{"damage":35,"enemies":"3 Sentries","floor":6,"turns":12},{"damage":0,"enemies":"2 Louse","floor":8,"turns":2},{"damage":30,"enemies":"Lagavulin","floor":12,"turns":9},{"damage":0,"enemies":"Blue Slaver","floor":13,"turns":3},{"damage":57,"enemies":"Slime Boss","floor":16,"turns":7}],"relics_obtained":[{"floor":6,"key":"Juzu Bracelet"},{"floor":9,"key":"The Courier"},{"floor":12,"key":"Regal Pillow"}],"event_choices":[{"event_name":"World of Goop","player_choice":"Gather Gold","floor":2,"damage_taken":0},{"event_name":"Big Fish","player_choice":"Banana","floor":4,"damage_taken":0},{"event_name":"Upgrade Shrine","player_choice":"Upgraded","floor":10,"damage_taken":0},{"event_name":"Scrap Ooze","player_choice":"success","floor":11,"damage_taken":12},{"event_name":"Shining Light","player_choice":"Entered Light","floor":14,"damage_taken":0}],"boss_relics":[],"potions_floor_spawned":[5,8,13],"seed_played":"-1770706365721757799","killed_by":"Slime Boss","ascension_level":0,"potions_obtained":[{"floor":5,"key":"Swift Potion"},{"floor":8,"key":"Block Potion"},{"floor":13,"key":"Explosive Potion"}],"is_trial":false}