{"path_per_floor":["M","?","?","M","M","E","R","E","T","R","?","M","R","T","R","B",null,"M","M","$","M","$","R","E","?","T","M","R","M","?","$","R","B",null,"M","$","?","M","M"],"character_chosen":"DEFECT","items_purchased":["Lee\u0027s Waffle","Calipers"],"gold_per_floor":[116,116,116,135,151,194,194,237,237,237,197,215,215,239,239,363,363,382,405,330,344,344,344,383,383,383,398,398,419,469,167,167,297,297,316,25,0,23,42,42],"floor_reached":40,"campfire_rested":4,"playtime":2137,"item_purchase_floors":[31,36],"current_hp_per_floor":[75,75,75,67,66,56,56,19,19,41,41,39,39,39,39,2,75,75,59,59,32,32,54,8,8,8,23,47,46,46,87,87,17,87,71,71,71,68,54,0],"items_purged":["Strike_B","Strike_B"],"gold":42,"score":435,"play_id":"33a4368c-8e11-4a8a-a84b-ffc885a422ca","local_time":"20180608003214","is_prod":false,"is_daily":false,"chose_seed":false,"is_ascension_mode":true,"campfire_upgraded":3,"win_rate":0.0,"timestamp":1528381934,"campfire_choices":[{"data":"Fission","floor":7,"key":"SMITH"},{"floor":10,"key":"REST"},{"data":"Static Discharge","floor":13,"key":"SMITH"},{"data":"Dualcast","floor":15,"key":"SMITH"},{"floor":23,"key":"REST"},{"floor":28,"key":"REST"},{"floor":32,"key":"REST"}],"path_taken":["M","?","?","M","M","E","R","E","T","R","?","?","R","?","R","BOSS","M","M","$","M","$","R","E","?","T","?","R","M","?","?","R","BOSS","M","$","?","M","?","E"],"build_version":"2018-05-31","seed_source_timestamp":2121657827222,"purchased_purges":2,"victory":false,"master_deck":["Strike_B","Strike_B","Defend_B","Defend_B","Defend_B","Defend_B","Zap+1","Dualcast+1","Ball Lightning","Injury","Cold Snap","Fission+1","Compile Driver","Static Discharge+1","Biased Cognition","Barrage","Redo","Self Repair","Reboot","Defragment+1","Rebound+1","Buffer","White Noise+1"],"max_hp_per_floor":[75,75,75,75,75,75,75,75,75,75,75,75,75,75,75,75,75,75,75,75,75,75,75,75,75,75,80,80,80,80,87,87,87,87,87,87,87,87,87,87],"relics":["Cracked Core","Golden Idol","Mummified Hand","Bottled Flame","Centennial Puzzle","Orichalcum","Lizard Tail","Ginger","Shovel","Lee\u0027s Waffle","Nuclear Battery","Calipers","Red Mask"],"card_choices":[{"not_picked":["Rebound","Steam"],"picked":"Ball Lightning","floor":1},{"not_picked":["Streamline","Rebound","Turbo"],"picked":"SKIP","floor":4},{"not_picked":["Steam","Coolheaded"],"picked":"Cold Snap","floor":5},{"not_picked":["Redo","Conserve Battery"],"picked":"Fission","floor":6},{"not_picked":["Gash","Undo"],"picked":"Compile Driver","floor":8},{"not_picked":["Rebound","Glacier"],"picked":"Static Discharge","floor":12},{"not_picked":["All For One","Machine Learning"],"picked":"Biased Cognition","floor":16},{"not_picked":["Sweeping Beam","Rebound"],"picked":"Barrage","floor":18},{"not_picked":["Rip and Tear","Genetic Algorithm"],"picked":"Redo","floor":19},{"not_picked":["Redo","Genetic Algorithm"],"picked":"Self Repair","floor":21},{"not_picked":["Stack+1","Barrage"],"picked":"Reboot","floor":24},{"not_picked":["Glacier","Sweeping Beam"],"picked":"Defragment+1","floor":27},{"not_picked":["Stack","Force Field"],"picked":"Rebound+1","floor":29},{"not_picked":["Biased Cognition","Multi-Cast"],"picked":"Buffer","floor":33},{"not_picked":["Force Field","Rip and Tear","Streamline+1"],"picked":"SKIP","floor":35},{"not_picked":["Double Energy+1","Cold Snap+1"],"picked":"White Noise+1","floor":38},{"not_picked":["Static Discharge","Redo","Stack"],"picked":"SKIP","floor":39}],"player_experience":100317,"potions_floor_usage":[6,6,16,27,27,27,29,38,39],"damage_taken":[{"damage":0,"enemies":"Small Slimes","floor":1,"turns":2},{"damage":8,"enemies":"Jaw Worm","floor":4,"turns":3},{"damage":1,"enemies":"Cultist","floor":5,"turns":3},{"damage":10,"enemies":"Gremlin Nob","floor":6,"turns":3},{"damage":37,"enemies":"Lagavulin","floor":8,"turns":8},{"damage":2,"enemies":"Large Slime","floor":12,"turns":7},{"damage":37,"enemies":"Hexaghost","floor":16,"turns":10},{"damage":0,"enemies":"Chosen","floor":18,"turns":5},{"damage":16,"enemies":"Shell Parasite","floor":19,"turns":4},{"damage":27,"enemies":"Centurion and Healer","floor":21,"turns":7},{"damage":53,"enemies":"Gremlin Leader","floor":24,"turns":6},{"damage":14,"enemies":"Snake Plant","floor":27,"turns":4},{"damage":8,"enemies":"Cultist and Chosen","floor":29,"turns":5},{"damage":70,"enemies":"Automaton","floor":33,"turns":11},{"damage":23,"enemies":"3 Shapes","floor":35,"turns":5},{"damage":24,"enemies":"3 Darklings","floor":38,"turns":7},{"damage":21,"enemies":"Sphere and 2 Shapes","floor":39,"turns":7},{"damage":138,"enemies":"Giant Head","floor":40,"turns":9}],"relics_obtained":[{"floor":6,"key":"Mummified Hand"},{"floor":8,"key":"Bottled Flame"},{"floor":9,"key":"Centennial Puzzle"},{"floor":14,"key":"Orichalcum"},{"floor":24,"key":"Ginger"},{"floor":26,"key":"Shovel"}],"event_choices":[{"event_name":"Golden Idol","player_choice":"Take Wound","floor":2,"damage_taken":0},{"event_name":"Liars Game","player_choice":"disagreed","floor":3,"damage_taken":0},{"event_name":"The Woman in Blue","player_choice":"Bought 3 Potions","floor":11,"damage_taken":0},{"event_name":"The Lab","player_choice":"Got Potions","floor":25,"damage_taken":0},{"event_name":"The Joust","player_choice":"Bet on Murderer","floor":30,"damage_taken":0},{"event_name":"Tomb of Lord Red Mask","player_choice":"Paid","floor":37,"damage_taken":0}],"boss_relics":[{"not_picked":["Snecko Eye","Runic Dome"],"picked":"Lizard Tail"},{"not_picked":["Orrery","Calling Bell"],"picked":"Nuclear Battery"}],"items_purged_floors":[20,31],"potions_floor_spawned":[4,5,12,24,27,33,38],"seed_played":"-3750101038613162120","killed_by":"Giant Head","ascension_level":1,"potions_obtained":[{"floor":4,"key":"FocusPotion"},{"floor":5,"key":"AttackPotion"},{"floor":11,"key":"AttackPotion"},{"floor":11,"key":"SteroidPotion"},{"floor":11,"key":"SpeedPotion"},{"floor":24,"key":"SpeedPotion"},{"floor":25,"key":"Fruit Juice"},{"floor":25,"key":"Regen Potion"},{"floor":25,"key":"Regen Potion"},{"floor":27,"key":"Explosive Potion"},{"floor":33,"key":"Regen Potion"},{"floor":38,"key":"Poison Potion"}],"is_trial":false}