{"gold_per_floor":[114,189,20,20,38,96,96,114,414,447,447,461,480,508,508,611,611,630,650,87,98,98,126,225,236,261,261,296,49,77,91,91,193,193,213,0,0,16,27,27,58,73,73,73,26,46,81,98,98,98,98,98,23,52,52],"floor_reached":55,"playtime":6849,"items_purged":["Strike_R"],"score":904,"play_id":"161c5250-30b6-4735-8cbe-0570c7214d10","local_time":"20190602054155","is_ascension_mode":false,"campfire_choices":[{"floor":11,"key":"REST"},{"floor":15,"key":"REST"},{"data":"Magnetism","floor":27,"key":"SMITH"},{"data":"Demon Form","floor":32,"key":"SMITH"},{"data":"Barricade","floor":40,"key":"SMITH"},{"floor":44,"key":"RECALL"},{"data":"Flex","floor":49,"key":"SMITH"},{"data":"Demon Form","floor":52,"key":"SMITH"}],"neow_cost":"NONE","seed_source_timestamp":285815466017385,"circlet_count":0,"master_deck":["Strike_R","Strike_R","Strike_R","Defend_R+1","Defend_R","Defend_R+1","Defend_R","Bash","Flex+1","Shrug It Off","Sword Boomerang","Demon Form+1","Anger","Whirlwind","Sword Boomerang","Juggernaut","Iron Wave","Combust","Barricade+1","Headbutt","Heavy Blade+1","Shrug It Off","Magnetism+1","Heavy Blade+1","Infernal Blade+1","Dropkick+1","Double Tap+1","Evolve","Burning Pact+1","Demon Form+1","Heavy Blade+1","PanicButton+1","Transmutation+1","Thinking Ahead+1","True Grit+1","Shrug It Off+1","Dual Wield+1","Dual Wield+1","Shrug It Off+1","Warcry+1","Shrug It Off+1","Parasite","Shrug It Off+1","Dual Wield+1"],"relics":["Burning Blood","War Paint","Tiny Chest","Mummified Hand","Old Coin","Question Card","Bird Faced Urn","Coffee Dripper","HandDrill","Bag of Preparation","Toxic Egg 2","Happy Flower","Bag of Marbles","Shuriken","Mango","Sozu","Red Mask","Strawberry","Charon\u0027s Ashes","Red Skull"],"potions_floor_usage":[10,14,14,21,28,30,33],"damage_taken":[{"damage":2,"enemies":"2 Louse","floor":1,"turns":3},{"damage":0,"enemies":"Jaw Worm","floor":5,"turns":4},{"damage":51,"enemies":"3 Sentries","floor":6,"turns":15},{"damage":0,"enemies":"Cultist","floor":8,"turns":2},{"damage":25,"enemies":"Lagavulin","floor":10,"turns":6},{"damage":28,"enemies":"Exordium Thugs","floor":12,"turns":5},{"damage":11,"enemies":"2 Fungi Beasts","floor":13,"turns":4},{"damage":0,"enemies":"Gremlin Nob","floor":14,"turns":3},{"damage":6,"enemies":"Slime Boss","floor":16,"turns":6},{"damage":35,"enemies":"2 Thieves","floor":18,"turns":4},{"damage":2,"enemies":"3 Byrds","floor":19,"turns":4},{"damage":4,"enemies":"Snecko","floor":21,"turns":5},{"damage":31,"enemies":"Book of Stabbing","floor":23,"turns":5},{"damage":24,"enemies":"Snake Plant","floor":25,"turns":4},{"damage":28,"enemies":"Gremlin Leader","floor":28,"turns":6},{"damage":9,"enemies":"Slavers","floor":30,"turns":3},{"damage":1,"enemies":"Centurion and Healer","floor":31,"turns":3},{"damage":20,"enemies":"Automaton","floor":33,"turns":5},{"damage":7,"enemies":"Orb Walker","floor":35,"turns":2},{"damage":23,"enemies":"3 Darklings","floor":38,"turns":5},{"damage":8,"enemies":"4 Shapes","floor":39,"turns":4},{"damage":8,"enemies":"Giant Head","floor":41,"turns":5},{"damage":11,"enemies":"Spire Growth","floor":42,"turns":3},{"damage":14,"enemies":"3 Darklings","floor":46,"turns":3},{"damage":26,"enemies":"Sphere and 2 Shapes","floor":47,"turns":3},{"damage":3,"enemies":"Writhing Mass","floor":48,"turns":3},{"damage":70,"enemies":"Time Eater","floor":50,"turns":9},{"damage":87,"enemies":"Shield and Spear","floor":54,"turns":6},{"damage":49,"enemies":"The Heart","floor":55,"turns":2}],"seed_played":"-4152077775347945531","potions_obtained":[{"floor":5,"key":"Ancient Potion"},{"floor":10,"key":"Fire Potion"},{"floor":13,"key":"AttackPotion"},{"floor":14,"key":"AttackPotion"},{"floor":21,"key":"Fruit Juice"},{"floor":23,"key":"Regen Potion"},{"floor":30,"key":"Ancient Potion"},{"floor":33,"key":"Explosive Potion"}],"is_trial":false,"path_per_floor":["?","?","M","T","T","?","$","?","?","$"],"character_chosen":"IRONCLAD","items_purchased":["Shrug It Off","War Paint","HandDrill","Bag of Preparation","Shrug It Off","Magnetism","Shuriken","Shrug It Off+1"],"campfire_rested":2,"item_purchase_floors":[3,3,20,20,20,20,29,45],"current_hp_per_floor":[88,77,77,77,83,38,38,44,44,25,51,29,24,30,56,62,88,61,69,69,86,86,71,71,63,63,63,51,51,79,90,90,90,107,107,107,97,92,98,98,114,109,109,109,109,106,96,111,111,57,114,114,114,45,0],"gold":52,"neow_bonus":"TEN_PERCENT_HP_BONUS","is_prod":false,"is_daily":false,"chose_seed":false,"campfire_upgraded":5,"win_rate":0,"timestamp":1559482915,"path_taken":["M","?","$","?","?","E","?","M","T","E","R","M","M","E","R","BOSS","M","M","$","M","?","E","?","M","T","R","E","?","E","M","R","BOSS","M","?","?","M","M","R","E","M","T","R","?","M","M","M","R","BOSS","R","$","E","BOSS"],"build_version":"2019-01-23","purchased_purges":1,"victory":false,"max_hp_per_floor":[88,88,88,88,88,88,88,88,88,88,88,88,88,88,88,88,88,88,88,88,93,93,93,93,93,93,93,93,93,107,107,107,107,107,107,107,107,107,107,107,114,114,114,114,114,114,114,114,114,114,114,114,114,114,114],"card_choices":[{"not_picked":["Sword Boomerang","Heavy Blade"],"picked":"Flex","floor":1},{"not_picked":["Reckless Charge","Heavy Blade"],"picked":"Demon Form","floor":5},{"not_picked":["Sword Boomerang","Battle Trance"],"picked":"Anger","floor":6},{"not_picked":["Hemokinesis","Flame Barrier"],"picked":"Whirlwind","floor":8},{"not_picked":["Spot Weakness","Second Wind"],"picked":"Sword Boomerang","floor":10},{"not_picked":["Sword Boomerang","Bloodletting","Blood for Blood"],"picked":"Juggernaut","floor":12},{"not_picked":["Anger","Headbutt","Thunderclap"],"picked":"Iron Wave","floor":13},{"not_picked":["Heavy Blade","Clash","Feel No Pain"],"picked":"Combust","floor":14},{"not_picked":["Dark Embrace","Limit Break","Demon Form"],"picked":"Barricade","floor":16},{"not_picked":["Seeing Red","Corruption+1","Warcry"],"picked":"Headbutt","floor":18},{"not_picked":["Burning Pact","Body Slam+1","Dropkick+1"],"picked":"Heavy Blade+1","floor":19},{"not_picked":["Sword Boomerang","Anger","Pommel Strike"],"picked":"Heavy Blade+1","floor":21},{"not_picked":["Shrug It Off","Twin Strike+1","Reaper"],"picked":"Infernal Blade+1","floor":23},{"not_picked":["Anger","Cleave","Twin Strike"],"picked":"Dropkick+1","floor":25},{"not_picked":["Cleave","Second Wind+1","Warcry+1"],"picked":"Double Tap+1","floor":28},{"not_picked":["Pommel Strike","Body Slam","Sword Boomerang"],"picked":"Evolve","floor":30},{"not_picked":["Cleave","Reckless Charge+1","Iron Wave"],"picked":"Burning Pact+1","floor":31},{"not_picked":["Brutality","Juggernaut","Barricade"],"picked":"Demon Form","floor":33},{"not_picked":["Armaments+1","Evolve","Disarm+1"],"picked":"Heavy Blade+1","floor":35},{"not_picked":["Swift Strike","Trip+1","Forethought+1"],"picked":"PanicButton+1","floor":37},{"not_picked":["Trip+1","Jack Of All Trades+1","Forethought+1"],"picked":"Transmutation+1","floor":37},{"not_picked":["The Bomb+1","Enlightenment+1","Purity+1"],"picked":"Thinking Ahead+1","floor":37},{"not_picked":["Perfected Strike+1","Infernal Blade+1","Thunderclap+1"],"picked":"True Grit+1","floor":38},{"not_picked":["Clash+1","Dual Wield+1","Thunderclap"],"picked":"Shrug It Off+1","floor":39},{"not_picked":["Evolve","Cleave+1","Demon Form"],"picked":"Dual Wield+1","floor":41},{"not_picked":["Dropkick","Warcry+1","Clash+1"],"picked":"Dual Wield+1","floor":42},{"not_picked":["Twin Strike","Headbutt+1","Dual Wield+1"],"picked":"Warcry+1","floor":46},{"not_picked":["Clothesline+1","Combust+1","Armaments+1"],"picked":"Shrug It Off+1","floor":47},{"not_picked":["Warcry+1","Flame Barrier+1","Wild Strike+1"],"picked":"Shrug It Off+1","floor":48},{"not_picked":["True Grit+1","Sever Soul","Hemokinesis+1"],"picked":"Dual Wield+1","floor":54}],"player_experience":54676,"relics_obtained":[{"floor":6,"key":"Tiny Chest"},{"floor":7,"key":"Mummified Hand"},{"floor":9,"key":"Old Coin"},{"floor":10,"key":"Question Card"},{"floor":14,"key":"Bird Faced Urn"},{"floor":23,"key":"Toxic Egg 2"},{"floor":26,"key":"Happy Flower"},{"floor":28,"key":"Bag of Marbles"},{"floor":30,"key":"Mango"},{"floor":41,"key":"Strawberry"},{"floor":43,"key":"Charon\u0027s Ashes"},{"floor":54,"key":"Red Skull"}],"event_choices":[{"damage_healed":0,"gold_gain":75,"player_choice":"Gather Gold","damage_taken":11,"max_hp_gain":0,"max_hp_loss":0,"event_name":"World of Goop","floor":2,"gold_loss":0},{"damage_healed":0,"gold_gain":0,"cards_transformed":["Strike_R"],"player_choice":"Transformed","damage_taken":0,"max_hp_gain":0,"max_hp_loss":0,"event_name":"Transmorgrifier","floor":4,"gold_loss":0,"cards_obtained":["Sword Boomerang"]},{"damage_healed":0,"gold_gain":99,"player_choice":"Stole From Cult","damage_taken":0,"max_hp_gain":0,"max_hp_loss":0,"event_name":"Nest","floor":24,"gold_loss":0},{"damage_healed":0,"gold_gain":0,"player_choice":"Paid","damage_taken":0,"relics_obtained":["Red Mask"],"max_hp_gain":0,"max_hp_loss":0,"event_name":"Tomb of Lord Red Mask","floor":36,"gold_loss":213},{"damage_healed":0,"gold_gain":0,"player_choice":"Memory 3","damage_taken":10,"max_hp_gain":0,"max_hp_loss":0,"event_name":"SensoryStone","floor":37,"gold_loss":0}],"is_beta":false,"boss_relics":[{"not_picked":["Black Blood","White Beast Statue"],"picked":"Coffee Dripper"},{"not_picked":["Runic Pyramid","Cursed Key"],"picked":"Sozu"}],"items_purged_floors":[53],"is_endless":false,"potions_floor_spawned":[5,10,13,14,21,23,30,33,42,46,48],"killed_by":"The Heart","ascension_level":0}