{"gold_per_floor":[360,214,230,230,31,31,31,31,107,142,142,162,162,190,190,264,264,283,294,294,294,594,594,609,609,609,609,625,323,323],"floor_reached":30,"playtime":978,"items_purged":[],"score":386,"play_id":"633ba815-7936-4331-9a66-e82ff3a18c42","local_time":"20190505141151","is_ascension_mode":true,"campfire_choices":[{"data":"Bash","floor":6.0,"key":"SMITH"},{"data":"Strike_R","floor":8.0,"key":"SMITH"},{"data":"Twin Strike","floor":11.0,"key":"SMITH"},{"data":"Heavy Blade","floor":13.0,"key":"SMITH"},{"data":"Iron Wave","floor":15.0,"key":"SMITH"},{"floor":23.0,"key":"REST"},{"data":"Cleave","floor":25.0,"key":"SMITH"},{"data":"Strike_R","floor":27.0,"key":"SMITH"}],"neow_cost":"TEN_PERCENT_HP_LOSS","seed_source_timestamp":227448555699484,"circlet_count":0,"master_deck":["AscendersBane","Strike_R+1","Strike_R+1","Defend_R+1","Defend_R+1","Defend_R+1","Defend_R+1","Bash+1","Twin Strike+1","Heavy Blade+1","Iron Wave+1","Intimidate+1","Whirlwind+1","Cleave+1","Writhe"],"special_seed":0,"relics":["Burning Blood","Pen Nib","Sling","Pear","War Paint","Kunai","Astrolabe","Old Coin","Toxic Egg 2","Orichalcum"],"potions_floor_usage":[],"damage_taken":[{"damage":1.0,"enemies":"Cultist","floor":1.0,"turns":4.0},{"damage":14.0,"enemies":"Jaw Worm","floor":3.0,"turns":4.0},{"damage":21.0,"enemies":"3 Sentries","floor":10.0,"turns":10.0},{"damage":0.0,"enemies":"2 Louse","floor":12.0,"turns":3.0},{"damage":4.0,"enemies":"Lagavulin","floor":14.0,"turns":4.0},{"damage":28.0,"enemies":"The Guardian","floor":16.0,"turns":12.0},{"damage":24.0,"enemies":"Spheric Guardian","floor":18.0,"turns":5.0},{"damage":17.0,"enemies":"2 Thieves","floor":19.0,"turns":4.0},{"damage":29.0,"enemies":"Colosseum Slavers","floor":20.0,"turns":5.0},{"damage":11.0,"enemies":"Centurion and Healer","floor":24.0,"turns":9.0},{"damage":32,"enemies":"Snake Plant","floor":28,"turns":6},{"damage":21,"enemies":"Snecko","floor":30,"turns":3}],"seed_played":"8740374062498014641","potions_obtained":[{"floor":1.0,"key":"Energy Potion"},{"floor":7.0,"key":"Dexterity Potion"},{"floor":14.0,"key":"Fire Potion"},{"floor":18.0,"key":"GamblersBrew"},{"floor":19.0,"key":"Poison Potion"}],"is_trial":false,"path_per_floor":["M","$","M","?","$","R","?","R","T","E","R","M","R","E","R","B",null,"M","M","?","?","?","R","M","R","T","R","M","$","M"],"character_chosen":"IRONCLAD","items_purchased":["Pen Nib","Sling","Orichalcum","EntropicBrew","AttackPotion"],"campfire_rested":1,"item_purchase_floors":[2,5,29,29,29],"current_hp_per_floor":[72,72,64,50,50,50,50,50,60,45,45,51,51,53,53,31,69,51,40,17,17,17,41,36,36,36,36,10,10,0],"gold":323,"neow_bonus":"TWO_FIFTY_GOLD","is_prod":false,"is_daily":false,"chose_seed":false,"campfire_upgraded":7,"win_rate":0,"timestamp":1557087111,"path_taken":["M","$","M","?","$","R","?","R","T","E","R","?","R","E","R","BOSS","M","?","?","?","?","R","M","R","T","R","M","$","?"],"build_version":"2019-01-23","purchased_purges":0,"victory":false,"max_hp_per_floor":[72,72,72,72,72,72,72,72,82,82,82,82,82,82,82,82,82,82,82,82,82,82,82,82,82,82,82,82,82,82],"card_choices":[{"not_picked":["Seeing Red","Clash","Searing Blow"],"picked":"SKIP","floor":1.0},{"not_picked":["Body Slam","Blood for Blood","Seeing Red"],"picked":"SKIP","floor":3.0},{"not_picked":["Sword Boomerang","Body Slam"],"picked":"Twin Strike","floor":10.0},{"not_picked":["Blood for Blood","Rupture"],"picked":"Heavy Blade","floor":12.0},{"not_picked":["Entrench","Sentinel"],"picked":"Iron Wave","floor":14.0},{"not_picked":["True Grit+1","Bloodletting"],"picked":"Cleave","floor":18.0},{"not_picked":["Thunderclap","Body Slam","Shrug It Off"],"picked":"SKIP","floor":19.0},{"not_picked":["Clothesline","Barricade","Iron Wave"],"picked":"SKIP","floor":24.0},{"not_picked":["Clothesline","Searing Blow","Twin Strike"],"picked":"SKIP","floor":28}],"player_experience":554963,"relics_obtained":[{"floor":9.0,"key":"Pear"},{"floor":10.0,"key":"War Paint"},{"floor":14.0,"key":"Kunai"},{"floor":26.0,"key":"Toxic Egg 2"}],"event_choices":[{"damage_healed":0.0,"max_hp_gain":0.0,"max_hp_loss":0.0,"gold_gain":0.0,"event_name":"Shining Light","player_choice":"Entered Light","floor":4.0,"gold_loss":0.0,"damage_taken":14.0,"cards_upgraded":["Defend_R","Defend_R"]},{"damage_healed":0.0,"max_hp_gain":0.0,"max_hp_loss":0.0,"gold_gain":0.0,"event_name":"Lab","player_choice":"Got Potions","floor":7.0,"gold_loss":0.0,"damage_taken":0.0},{"damage_healed":0.0,"max_hp_gain":0.0,"max_hp_loss":0.0,"gold_gain":0.0,"event_name":"Colosseum","player_choice":"Fight","floor":20.0,"gold_loss":0.0,"damage_taken":0.0},{"damage_healed":0.0,"max_hp_gain":0.0,"max_hp_loss":0.0,"gold_gain":0.0,"event_name":"Colosseum","player_choice":"Fled From Nobs","floor":20.0,"gold_loss":0.0,"damage_taken":0.0},{"cards_removed":["Second Wind"],"damage_healed":0.0,"max_hp_gain":0.0,"max_hp_loss":0.0,"gold_gain":0.0,"event_name":"Back to Basics","player_choice":"Elegance","floor":21.0,"gold_loss":0.0,"damage_taken":0.0},{"damage_healed":0.0,"max_hp_gain":0.0,"max_hp_loss":0.0,"gold_gain":0.0,"event_name":"The Mausoleum","player_choice":"Opened","floor":22.0,"gold_loss":0.0,"damage_taken":0.0,"relics_obtained":["Old Coin"],"cards_obtained":["Writhe"]}],"is_beta":false,"boss_relics":[{"not_picked":["White Beast Statue","Runic Dome"],"picked":"Astrolabe"}],"items_purged_floors":[],"is_endless":false,"potions_floor_spawned":[1,14,18,19,20],"killed_by":"Snecko","ascension_level":13}