{"gold_per_floor":[114,114,130,150,169,203,203,230,530,530,548,24,48,71,71,190,190,211,66,89,128,128,169,169,194,248,272,308,331,331,341,341,444,444,463,463,463,20,36,36,70,93,175,222,16,238,238,256,256,256,256,256,156,187,187],"floor_reached":55,"playtime":3896,"items_purged":["Defend_B","Defend_B"],"score":909,"play_id":"bf033107-1527-4dec-96cf-4f450e3e3dc4","local_time":"20190604123405","is_ascension_mode":true,"campfire_choices":[{"data":"Sweeping Beam","floor":7.0,"key":"SMITH"},{"data":"Defragment","floor":15.0,"key":"SMITH"},{"data":"Machine Learning","floor":24.0,"key":"SMITH"},{"data":"Defragment","floor":32.0,"key":"SMITH"},{"floor":40.0,"key":"RECALL"},{"data":"Dualcast","floor":47.0,"key":"SMITH"},{"floor":49.0,"key":"DIG"},{"floor":52.0,"key":"DIG"}],"neow_cost":"NONE","seed_source_timestamp":316683067164329,"circlet_count":0,"master_deck":["Strike_B","Strike_B","Strike_B+1","Strike_B","Defend_B+1","Defend_B","Zap+1","Dualcast+1","Sweeping Beam+1","Melter","Glacier","Glacier+1","Defragment+1","Core Surge","Machine Learning+1","BootSequence+1","Defragment+1","Go for the Eyes+1"],"special_seed":0,"relics":["Cracked Core","NeowsBlessing","Pen Nib","Ice Cream","Old Coin","Bloody Idol","Incense Burner","Bag of Preparation","Nuclear Battery","War Paint","Red Mask","Shovel","Bronze Scales","Bottled Flame","Runic Pyramid","ClockworkSouvenir","Singing Bowl","MawBank","Gambling Chip","DataDisk","Torii","Bottled Tornado","Lantern"],"potions_floor_usage":[55],"damage_taken":[{"damage":0.0,"enemies":"Cultist","floor":1.0,"turns":1.0},{"damage":0.0,"enemies":"2 Louse","floor":3.0,"turns":1.0},{"damage":0.0,"enemies":"Small Slimes","floor":4.0,"turns":1.0},{"damage":2.0,"enemies":"Looter","floor":5.0,"turns":3.0},{"damage":6.0,"enemies":"Lagavulin","floor":6.0,"turns":5.0},{"damage":27.0,"enemies":"Gremlin Nob","floor":8.0,"turns":4.0},{"damage":2.0,"enemies":"Large Slime","floor":11.0,"turns":6.0},{"damage":0.0,"enemies":"Blue Slaver","floor":13.0,"turns":4.0},{"damage":0.0,"enemies":"Exordium Thugs","floor":14.0,"turns":4.0},{"damage":6.0,"enemies":"Hexaghost","floor":16.0,"turns":10.0},{"damage":0.0,"enemies":"Spheric Guardian","floor":18.0,"turns":3.0},{"damage":0.0,"enemies":"Shell Parasite","floor":20.0,"turns":6.0},{"damage":0.0,"enemies":"Masked Bandits","floor":21.0,"turns":5.0},{"damage":25.0,"enemies":"Book of Stabbing","floor":23.0,"turns":9.0},{"damage":4.0,"enemies":"Centurion and Healer","floor":25.0,"turns":8.0},{"damage":0.0,"enemies":"Snake Plant","floor":27.0,"turns":4.0},{"damage":19.0,"enemies":"Slavers","floor":28.0,"turns":6.0},{"damage":0.0,"enemies":"Cultist and Chosen","floor":29.0,"turns":7.0},{"damage":0.0,"enemies":"Centurion and Healer","floor":31.0,"turns":6.0},{"damage":12.0,"enemies":"Collector","floor":33.0,"turns":11.0},{"damage":0.0,"enemies":"3 Shapes","floor":35.0,"turns":4.0},{"damage":0.0,"enemies":"Orb Walker","floor":39.0,"turns":5.0},{"damage":9.0,"enemies":"Reptomancer","floor":41.0,"turns":12.0},{"damage":4.0,"enemies":"Jaw Worm Horde","floor":42.0,"turns":6.0},{"damage":0.0,"enemies":"Nemesis","floor":44.0,"turns":9.0},{"damage":0.0,"enemies":"Spire Growth","floor":48.0,"turns":5.0},{"damage":0.0,"enemies":"Time Eater","floor":50.0,"turns":16.0},{"damage":10.0,"enemies":"Shield and Spear","floor":54.0,"turns":10.0},{"damage":83,"enemies":"The Heart","floor":55,"turns":11}],"seed_played":"8881797261439215007","potions_obtained":[{"floor":4.0,"key":"Poison Potion"},{"floor":5.0,"key":"SneckoOil"},{"floor":6.0,"key":"Regen Potion"},{"floor":11.0,"key":"GamblersBrew"},{"floor":14.0,"key":"EssenceOfSteel"},{"floor":18.0,"key":"AttackPotion"},{"floor":20.0,"key":"Regen Potion"},{"floor":23.0,"key":"LiquidBronze"},{"floor":29.0,"key":"FocusPotion"},{"floor":33.0,"key":"SpeedPotion"},{"floor":39.0,"key":"FearPotion"},{"floor":41.0,"key":"FairyPotion"},{"floor":48.0,"key":"Block Potion"},{"floor":54.0,"key":"Ancient Potion"}],"is_trial":false,"path_per_floor":["M","?","M","M","M","E","R","E","T","?","M","$","M","M","R","B",null,"M","$","M","?","?","E","R","M","T","M","E","M","?","M","R","B",null,"M","?","?","$","M","R","E","M","T","E","$","?","R","M","R","B",null,"R","$","E","B"],"character_chosen":"DEFECT","items_purchased":["Incense Burner","Bag of Preparation","Defragment","War Paint","ClockworkSouvenir","Singing Bowl","DataDisk"],"campfire_rested":0,"item_purchase_floors":[12,12,12,19,38,38,45],"current_hp_per_floor":[75,60,60,60,58,52,52,25,25,25,38,38,38,38,38,32,69,69,69,69,69,69,44,44,40,40,40,36,36,36,41,41,34,69,69,69,66,66,66,66,64,70,70,72,72,72,72,74,74,74,74,74,74,71,0],"gold":187,"neow_bonus":"THREE_ENEMY_KILL","is_prod":false,"is_daily":false,"chose_seed":false,"campfire_upgraded":5,"win_rate":0,"timestamp":1559673245,"path_taken":["M","?","M","M","M","E","R","E","T","?","M","$","M","M","R","BOSS","M","$","M","?","?","E","R","M","T","M","E","M","?","M","R","BOSS","M","?","?","$","M","R","E","M","T","E","?","?","R","M","R","BOSS","R","$","E","BOSS"],"build_version":"2019-01-23","purchased_purges":2,"victory":false,"max_hp_per_floor":[75,75,75,75,75,75,75,75,75,69,69,69,69,69,69,69,69,69,69,69,69,69,69,69,69,69,69,69,69,69,69,69,69,69,69,69,66,66,66,66,68,70,70,72,72,72,72,74,74,74,74,74,74,76,76],"card_choices":[{"not_picked":["Hello World","Steam"],"picked":"Sweeping Beam","floor":1.0},{"not_picked":["Turbo","Rebound"],"picked":"Melter","floor":3.0},{"not_picked":["BootSequence","Compile Driver"],"picked":"Glacier","floor":4.0},{"not_picked":["Chill","Stack","Barrage"],"picked":"SKIP","floor":5.0},{"not_picked":["White Noise","Hologram","Glacier"],"picked":"SKIP","floor":6.0},{"not_picked":["White Noise","Hologram"],"picked":"Glacier","floor":6.0},{"not_picked":["Beam Cell","Chill","Steam"],"picked":"SKIP","floor":8.0},{"not_picked":["Streamline","Chaos"],"picked":"Compile Driver","floor":11.0},{"not_picked":["Hyperbeam","Leap","Glacier"],"picked":"SKIP","floor":13.0},{"not_picked":["Undo","Rip and Tear","Leap"],"picked":"SKIP","floor":14.0},{"not_picked":["Meteor Strike","Biased Cognition"],"picked":"Core Surge","floor":16.0},{"not_picked":["Gash","Self Repair+1","Chill"],"picked":"SKIP","floor":18.0},{"not_picked":["Compile Driver","Redo"],"picked":"Machine Learning","floor":20.0},{"not_picked":["Blizzard","Seek","Leap"],"picked":"SKIP","floor":23.0},{"not_picked":["Hologram","Turbo"],"picked":"BootSequence+1","floor":25.0},{"not_picked":["Cold Snap+1","Undo"],"picked":"Defragment","floor":27.0},{"not_picked":["Compile Driver","Rebound","Conserve Battery"],"picked":"SKIP","floor":28.0},{"not_picked":["Recycle","Amplify","Steam"],"picked":"SKIP","floor":29.0},{"not_picked":["Go for the Eyes","Consume","Steam"],"picked":"SKIP","floor":31.0},{"not_picked":["Barrage+1","Heatsinks+1","Static Discharge+1"],"picked":"SKIP","floor":35.0},{"not_picked":["White Noise","Fusion+1"],"picked":"Go for the Eyes+1","floor":39.0},{"not_picked":["Gash+1","Genetic Algorithm+1","Redo"],"picked":"Singing Bowl","floor":41.0},{"not_picked":["Streamline","Compile Driver","Genetic Algorithm"],"picked":"Singing Bowl","floor":42.0},{"not_picked":["Steam+1","Gash","All For One"],"picked":"Singing Bowl","floor":44.0},{"not_picked":["Go for the Eyes+1","Ball Lightning+1","Hologram+1"],"picked":"Singing Bowl","floor":48.0},{"not_picked":["Coolheaded","Scrape","Genetic Algorithm"],"picked":"Singing Bowl","floor":54.0}],"player_experience":660773,"relics_obtained":[{"floor":6.0,"key":"Pen Nib"},{"floor":8.0,"key":"Ice Cream"},{"floor":9.0,"key":"Old Coin"},{"floor":21.0,"key":"Red Mask"},{"floor":23.0,"key":"Shovel"},{"floor":26.0,"key":"Bronze Scales"},{"floor":28.0,"key":"Bottled Flame"},{"floor":41.0,"key":"MawBank"},{"floor":44.0,"key":"Gambling Chip"},{"floor":49.0,"key":"Torii"},{"floor":52.0,"key":"Bottled Tornado"},{"floor":54.0,"key":"Lantern"}],"event_choices":[{"damage_healed":0.0,"max_hp_gain":0.0,"max_hp_loss":0.0,"gold_gain":0.0,"event_name":"Shining Light","player_choice":"Entered Light","floor":2.0,"gold_loss":0.0,"damage_taken":15.0,"cards_upgraded":["Strike_B","Zap"]},{"damage_healed":0.0,"max_hp_gain":0.0,"max_hp_loss":6.0,"gold_gain":0.0,"event_name":"Golden Idol","player_choice":"Lose Max HP","floor":10.0,"gold_loss":0.0,"damage_taken":0.0,"relics_obtained":["Golden Idol"]},{"damage_healed":0.0,"max_hp_gain":0.0,"max_hp_loss":0.0,"gold_gain":0.0,"event_name":"Masked Bandits","player_choice":"Fought Bandits","floor":21.0,"gold_loss":0.0,"damage_taken":0.0},{"damage_healed":0.0,"max_hp_gain":0.0,"max_hp_loss":0.0,"gold_gain":0.0,"event_name":"Vampires","player_choice":"Ignored","floor":22.0,"gold_loss":0.0,"damage_taken":0.0},{"damage_healed":0.0,"max_hp_gain":0.0,"max_hp_loss":0.0,"gold_gain":0.0,"event_name":"Forgotten Altar","player_choice":"Gave Idol","floor":30.0,"relics_lost":["Golden Idol"],"gold_loss":0.0,"damage_taken":0.0,"relics_obtained":["Bloody Idol"]},{"cards_removed":["Compile Driver"],"damage_healed":0.0,"max_hp_gain":0.0,"max_hp_loss":0.0,"gold_gain":0.0,"event_name":"Falling","player_choice":"Removed Attack","floor":36.0,"gold_loss":0.0,"damage_taken":0.0},{"damage_healed":0.0,"max_hp_gain":0.0,"max_hp_loss":3.0,"gold_gain":0.0,"event_name":"Winding Halls","player_choice":"Max HP","floor":37.0,"gold_loss":0.0,"damage_taken":0.0},{"damage_healed":0.0,"max_hp_gain":0.0,"max_hp_loss":0.0,"gold_gain":222.0,"event_name":"Tomb of Lord Red Mask","player_choice":"Wore Mask","floor":46.0,"gold_loss":0.0,"damage_taken":0.0}],"is_beta":false,"boss_relics":[{"not_picked":["White Beast Statue","Fusion Hammer"],"picked":"Nuclear Battery"},{"not_picked":["Black Star","Eternal Feather"],"picked":"Runic Pyramid"}],"items_purged_floors":[45,53],"is_endless":false,"potions_floor_spawned":[4,5,6,11,14,18,20,23,29,33,39,41,48,54],"killed_by":"The Heart","ascension_level":2}