{"path_per_floor":["M","M","?","M","M","R","E","R","T","$","E","M","R","M","R","B",null,"M","?","?","?","M","R","T","R","T","E","M","M","$","M","R","B",null,"M","M","$","?","$","?","E"],"character_chosen":"DEFECT","items_purchased":["Defragment","Cold Snap","Defragment"],"gold_per_floor":[116,127,127,142,162,162,188,188,188,111,142,157,157,170,170,270,270,287,287,287,212,222,222,222,222,303,337,349,362,287,302,302,400,400,416,430,379,379,309,609,638,638],"floor_reached":42,"campfire_rested":1,"playtime":5952,"item_purchase_floors":[10,37,39],"current_hp_per_floor":[72,69,54,54,44,66,38,38,38,38,40,40,40,45,45,26,89,86,86,86,86,77,77,77,77,77,84,76,66,66,73,73,36,89,71,71,71,71,71,71,3,0],"items_purged":["Hello World+1"],"gold":638,"score":505,"play_id":"03882115-aae1-45bf-ae67-b797b249746e","local_time":"20180621201808","is_prod":false,"is_daily":false,"chose_seed":false,"is_ascension_mode":true,"campfire_upgraded":6,"win_rate":0,"timestamp":1529576288,"campfire_choices":[{"floor":6,"key":"REST"},{"data":"Consume","floor":8,"key":"SMITH"},{"data":"Defragment","floor":13,"key":"SMITH"},{"data":"Defragment","floor":15,"key":"SMITH"},{"data":"Rainbow","floor":23,"key":"SMITH"},{"data":"Amplify","floor":25,"key":"SMITH"},{"data":"Dualcast","floor":32,"key":"SMITH"}],"path_taken":["M","M","?","M","M","R","E","R","T","$","E","M","R","M","R","BOSS","M","?","?","?","M","R","?","R","T","E","M","M","$","M","R","BOSS","M","M","$","?","$","?","E","M"],"build_version":"2018-06-20v2","seed_source_timestamp":37471343030287,"purchased_purges":1,"circlet_count":0,"victory":false,"master_deck":["Strike_B+1","Strike_B+1","Strike_B+1","Defend_B+1","Defend_B+1","Defend_B+1","Zap+1","Dualcast+1","Rainbow+1","Hologram","Redo+1","Consume+1","Beam Cell","Ball Lightning","Defragment+1","Aggregate+1","Self Repair","Defragment+1","Amplify+1","Ball Lightning","Sweeping Beam+1","Core Surge","Lockon","Cold Snap","Defragment","Beam Cell+1"],"max_hp_per_floor":[75,75,75,75,75,75,75,75,75,75,89,89,89,89,89,89,89,89,89,89,89,89,89,89,89,89,89,89,89,89,89,89,89,89,89,89,89,89,89,89,89,89],"relics":["Cracked Core","Gremlin Horn","Torii","Mango","Busted Crown","Centennial Puzzle","Blue Candle","Dream Catcher","Nuclear Battery","War Paint"],"card_choices":[{"not_picked":["Barrage","Rebound"],"picked":"Hologram","floor":1},{"not_picked":["Rebound","Turbo"],"picked":"Redo","floor":2},{"not_picked":["Auto Shields","Cold Snap"],"picked":"Consume","floor":4},{"not_picked":["Turbo","Rebound"],"picked":"Beam Cell","floor":5},{"not_picked":["White Noise","Sunder"],"picked":"Ball Lightning","floor":7},{"not_picked":["Barrage","Melter"],"picked":"Aggregate","floor":11},{"not_picked":["Rebound","Redo"],"picked":"Self Repair","floor":12},{"not_picked":["Compile Driver","Coolheaded"],"picked":"Defragment","floor":14},{"not_picked":["Seek","Core Surge"],"picked":"Amplify","floor":16},{"not_picked":[],"picked":"Ball Lightning","floor":18},{"not_picked":["Ball Lightning+1"],"picked":"SKIP","floor":22},{"not_picked":["Ball Lightning+1"],"picked":"SKIP","floor":22},{"not_picked":[],"picked":"Hello World+1","floor":27},{"not_picked":["Turbo"],"picked":"SKIP","floor":28},{"not_picked":["Aggregate"],"picked":"SKIP","floor":29},{"not_picked":[],"picked":"Sweeping Beam+1","floor":31},{"not_picked":[],"picked":"Core Surge","floor":33},{"not_picked":["Recycle+1"],"picked":"SKIP","floor":35},{"not_picked":[],"picked":"Lockon","floor":36},{"not_picked":[],"picked":"Beam Cell+1","floor":41}],"player_experience":52797,"potions_floor_usage":[7,28,33],"damage_taken":[{"damage":3,"enemies":"2 Louse","floor":1,"turns":4},{"damage":3,"enemies":"Jaw Worm","floor":2,"turns":4},{"damage":0,"enemies":"Small Slimes","floor":4,"turns":4},{"damage":10,"enemies":"Looter","floor":5,"turns":3},{"damage":28,"enemies":"3 Sentries","floor":7,"turns":8},{"damage":12,"enemies":"Gremlin Nob","floor":11,"turns":4},{"damage":0,"enemies":"Large Slime","floor":12,"turns":3},{"damage":2,"enemies":"3 Louse","floor":14,"turns":3},{"damage":19,"enemies":"The Guardian","floor":16,"turns":10},{"damage":10,"enemies":"Chosen","floor":18,"turns":7},{"damage":9,"enemies":"2 Thieves","floor":22,"turns":4},{"damage":0,"enemies":"Gremlin Leader","floor":27,"turns":6},{"damage":8,"enemies":"Snake Plant","floor":28,"turns":3},{"damage":17,"enemies":"3 Cultists","floor":29,"turns":5},{"damage":0,"enemies":"Cultist and Chosen","floor":31,"turns":5},{"damage":44,"enemies":"Automaton","floor":33,"turns":9},{"damage":18,"enemies":"3 Shapes","floor":35,"turns":2},{"damage":0,"enemies":"Orb Walker","floor":36,"turns":3},{"damage":68,"enemies":"2 Orb Walkers","floor":41,"turns":5},{"damage":7,"enemies":"3 Darklings","floor":42,"turns":1}],"relics_obtained":[{"floor":7,"key":"Gremlin Horn"},{"floor":9,"key":"Torii"},{"floor":11,"key":"Mango"},{"floor":24,"key":"Centennial Puzzle"},{"floor":26,"key":"Blue Candle"},{"floor":27,"key":"Dream Catcher"},{"floor":41,"key":"War Paint"}],"event_choices":[{"event_name":"Shining Light","player_choice":"Entered Light","floor":3,"damage_taken":0},{"event_name":"Back to Basics","player_choice":"Simplicity","floor":19,"damage_taken":0},{"event_name":"Ghosts","player_choice":"Ignored","floor":20,"damage_taken":0},{"event_name":"Beggar","player_choice":"Gave Gold","floor":21,"damage_taken":0},{"event_name":"Purifier","player_choice":"One Purge","floor":38,"damage_taken":0},{"event_name":"Wheel of Change","player_choice":"Gold","floor":40,"damage_taken":0}],"boss_relics":[{"not_picked":["Black Star","Velvet Choker"],"picked":"Busted Crown"},{"not_picked":["Runic Pyramid","Lizard Tail"],"picked":"Nuclear Battery"}],"items_purged_floors":[30],"is_endless":false,"potions_floor_spawned":[4,7,12,14,27,28,31,35],"seed_played":"-4488362256701942100","killed_by":"3 Darklings","ascension_level":1,"potions_obtained":[{"floor":4,"key":"SkillPotion"},{"floor":7,"key":"SteroidPotion"},{"floor":12,"key":"FearPotion"},{"floor":14,"key":"Energy Potion"},{"floor":27,"key":"EssenceOfSteel"},{"floor":28,"key":"Energy Potion"},{"floor":31,"key":"SpeedPotion"},{"floor":35,"key":"FearPotion"}],"is_trial":false}