{"gold_per_floor":[119,119,119,119,119,119,137,170,193,36,59,100,100,121,121,219,219,219,219,159],"floor_reached":20,"playtime":670,"items_purged":[],"score":297,"play_id":"49ab9044-8003-42b2-9e5c-cc9b1ec507a2","local_time":"20190517011954","is_ascension_mode":true,"campfire_choices":[{"data":"Spot Weakness","floor":6.0,"key":"SMITH"},{"floor":13,"key":"REST"},{"data":"Heavy Blade","floor":15,"key":"SMITH"}],"neow_cost":"TEN_PERCENT_HP_LOSS","seed_source_timestamp":1218378533333333,"circlet_count":0,"master_deck":["AscendersBane","Strike_R","Strike_R","Strike_R+1","Defend_R","Defend_R","Defend_R","Bash+1","Metallicize","Spot Weakness+1","Heavy Blade+1","Limit Break","Twin Strike"],"special_seed":0,"relics":["Burning Blood","Pocketwatch","Golden Idol","Pantograph","Dream Catcher","Bottled Flame","Ectoplasm"],"potions_floor_usage":[16,20],"damage_taken":[{"damage":8.0,"enemies":"Jaw Worm","floor":1.0,"turns":5.0},{"damage":2.0,"enemies":"2 Louse","floor":7.0,"turns":3.0},{"damage":34.0,"enemies":"Lagavulin","floor":8.0,"turns":4.0},{"damage":12,"enemies":"Small Slimes","floor":11,"turns":2},{"damage":21,"enemies":"3 Sentries","floor":12,"turns":6},{"damage":14,"enemies":"3 Louse","floor":14,"turns":3},{"damage":23,"enemies":"Hexaghost","floor":16,"turns":6},{"damage":38,"enemies":"3 Byrds","floor":18,"turns":5},{"damage":26,"enemies":"2 Thieves","floor":20,"turns":2}],"seed_played":"-1149300932417050498","potions_obtained":[{"floor":1.0,"key":"LiquidBronze"},{"floor":14,"key":"Energy Potion"}],"is_trial":false,"path_per_floor":["M","?","?","?","?","R","M","E","T","$","M","E","R","M","R","B",null,"M","?","M"],"character_chosen":"IRONCLAD","items_purchased":["Limit Break"],"campfire_rested":1,"item_purchase_floors":[10],"current_hp_per_floor":[70,67,67,53,53,53,57,29,29,29,23,8,28,20,20,28,57,25,25,0],"gold":159,"neow_bonus":"TRANSFORM_TWO_CARDS","is_prod":false,"is_daily":false,"chose_seed":false,"campfire_upgraded":2,"win_rate":0,"timestamp":1558077594,"path_taken":["M","?","?","?","?","R","M","E","T","$","M","E","R","M","R","BOSS","M","?","M"],"build_version":"2019-01-23","purchased_purges":0,"victory":false,"max_hp_per_floor":[72,72,72,72,67,67,67,67,67,67,67,67,67,67,67,67,67,67,67,67],"card_choices":[{"not_picked":["Second Wind","Combust","Intimidate"],"picked":"SKIP","floor":1.0},{"not_picked":["Sword Boomerang","Feel No Pain","Pummel"],"picked":"SKIP","floor":7.0},{"not_picked":["Entrench","Second Wind"],"picked":"Heavy Blade","floor":8.0},{"not_picked":["Battle Trance","Armaments","Rampage"],"picked":"SKIP","floor":11},{"not_picked":["Iron Wave","True Grit","Rage"],"picked":"SKIP","floor":12},{"not_picked":["Body Slam","Carnage"],"picked":"Twin Strike","floor":13},{"not_picked":["Battle Trance","Body Slam","Second Wind"],"picked":"SKIP","floor":14},{"not_picked":["Thunderclap","Perfected Strike","Twin Strike+1"],"picked":"SKIP","floor":18}],"player_experience":559604,"relics_obtained":[{"floor":8.0,"key":"Pantograph"},{"floor":9.0,"key":"Dream Catcher"},{"floor":12,"key":"Bottled Flame"}],"event_choices":[{"damage_healed":0.0,"max_hp_gain":0.0,"max_hp_loss":0.0,"gold_gain":0.0,"event_name":"Scrap Ooze","player_choice":"Success","floor":2.0,"gold_loss":0.0,"damage_taken":3.0,"relics_obtained":["Pocketwatch"]},{"damage_healed":0.0,"max_hp_gain":0.0,"max_hp_loss":0.0,"gold_gain":0.0,"event_name":"The Cleric","player_choice":"Leave","floor":3.0,"gold_loss":0.0,"damage_taken":0.0},{"damage_healed":0.0,"max_hp_gain":0.0,"max_hp_loss":0.0,"gold_gain":0.0,"event_name":"Shining Light","player_choice":"Entered Light","floor":4.0,"gold_loss":0.0,"damage_taken":14.0,"cards_upgraded":["Bash","Strike_R"]},{"damage_healed":0.0,"max_hp_gain":0.0,"max_hp_loss":5.0,"gold_gain":0.0,"event_name":"Golden Idol","player_choice":"Lose Max HP","floor":5.0,"gold_loss":0.0,"damage_taken":0.0,"relics_obtained":["Golden Idol"]},{"cards_removed":["Strike_R"],"damage_healed":0,"gold_gain":0,"player_choice":"Offered Basic","damage_taken":0,"max_hp_gain":0,"max_hp_loss":0,"event_name":"Bonfire Elementals","floor":19,"gold_loss":0}],"is_beta":false,"boss_relics":[{"not_picked":["Lizard Tail","Calling Bell"],"picked":"Ectoplasm"}],"items_purged_floors":[],"is_endless":false,"potions_floor_spawned":[1,14],"killed_by":"2 Thieves","ascension_level":13}