{"gold_per_floor":[211,211,222,222,222,222,249,249,275,293,313,3,3,31,31,136,136,147,182,182],"floor_reached":20,"playtime":1473,"items_purged":[],"score":285,"play_id":"d0fb8e65-080d-4e0c-aa9b-913ed50bf785","local_time":"20190607142546","is_ascension_mode":true,"campfire_choices":[{"data":"Zap","floor":6,"key":"SMITH"},{"data":"Dualcast","floor":8,"key":"SMITH"},{"data":"Capacitor","floor":13,"key":"SMITH"},{"floor":15,"key":"REST"}],"neow_cost":"NONE","seed_source_timestamp":754627945816205,"circlet_count":0,"master_deck":["AscendersBane","Strike_B","Strike_B","Strike_B","Defend_B","Defend_B","Defend_B","Defend_B","Zap+1","Dualcast+1","Leap","Melter","Glacier","Capacitor+1","Self Repair","Rainbow","FTL+1","BootSequence"],"relics":["Cracked Core","Bag of Preparation","Dodecahedron","Strawberry","Odd Mushroom","Blood Vial","Darkstone Periapt","Eternal Feather","Red Mask"],"potions_floor_usage":[14,14,19,19],"damage_taken":[{"damage":3,"enemies":"2 Louse","floor":1,"turns":2},{"damage":1,"enemies":"Cultist","floor":3,"turns":3},{"damage":22,"enemies":"3 Sentries","floor":7,"turns":8},{"damage":1,"enemies":"Jaw Worm","floor":10,"turns":4},{"damage":9,"enemies":"The Mushroom Lair","floor":11,"turns":4},{"damage":10,"enemies":"Gremlin Nob","floor":14,"turns":3},{"damage":39,"enemies":"Slime Boss","floor":16,"turns":14},{"damage":8,"enemies":"Shell Parasite","floor":18,"turns":9},{"damage":69,"enemies":"Masked Bandits","floor":19,"turns":5},{"damage":4,"enemies":"3 Byrds","floor":20,"turns":2}],"seed_played":"5524436470532356344","potions_obtained":[{"floor":7,"key":"GamblersBrew"},{"floor":11,"key":"FearPotion"},{"floor":16,"key":"Strength Potion"},{"floor":18,"key":"Explosive Potion"},{"floor":19,"key":"Ancient Potion"}],"is_trial":false,"path_per_floor":["?","M","?","?","?"],"character_chosen":"DEFECT","items_purchased":["Blood Vial","Glacier","Capacitor"],"campfire_rested":1,"item_purchase_floors":[12,12,12],"current_hp_per_floor":[65,65,64,64,64,64,42,42,49,48,39,39,39,31,55,25,68,69,2,0],"gold":182,"neow_bonus":"HUNDRED_GOLD","is_prod":false,"is_daily":false,"chose_seed":false,"campfire_upgraded":3,"win_rate":0,"timestamp":1559946346,"path_taken":["M","?","?","$","?","R","E","R","T","M","?","$","R","E","R","BOSS","M","?","M"],"build_version":"2019-01-23","purchased_purges":0,"victory":false,"max_hp_per_floor":[75,75,75,75,75,75,75,75,82,82,82,82,82,82,82,82,82,82,82,82],"card_choices":[{"not_picked":["Go for the Eyes","Barrage"],"picked":"Leap","floor":1},{"not_picked":["Stack","Gash"],"picked":"Leap","floor":3},{"not_picked":["Hyperbeam","Rebound"],"picked":"Melter","floor":7},{"not_picked":["Streamline","Reprogram","Storm"],"picked":"SKIP","floor":10},{"not_picked":["White Noise","Streamline"],"picked":"Self Repair","floor":14},{"not_picked":["Core Surge","Reboot"],"picked":"Rainbow","floor":16},{"not_picked":["Stack","Steam"],"picked":"FTL+1","floor":18},{"not_picked":["Turbo","Barrage"],"picked":"BootSequence","floor":19}],"player_experience":312784,"relics_obtained":[{"floor":7,"key":"Dodecahedron"},{"floor":9,"key":"Strawberry"},{"floor":11,"key":"Odd Mushroom"},{"floor":14,"key":"Darkstone Periapt"},{"floor":19,"key":"Red Mask"}],"event_choices":[{"cards_removed":["Leap"],"damage_healed":0,"gold_gain":0,"player_choice":"Gave Card","damage_taken":0,"relics_obtained":["Bag of Preparation"],"max_hp_gain":0,"max_hp_loss":0,"event_name":"WeMeetAgain","floor":2,"gold_loss":0},{"cards_removed":["Strike_B"],"damage_healed":0,"gold_gain":0,"player_choice":"Forget","damage_taken":0,"max_hp_gain":0,"max_hp_loss":0,"event_name":"Living Wall","floor":5,"gold_loss":0},{"damage_healed":0,"gold_gain":0,"player_choice":"Fought Mushrooms","damage_taken":0,"max_hp_gain":0,"max_hp_loss":0,"event_name":"Mushrooms","floor":11,"gold_loss":0},{"damage_healed":0,"gold_gain":0,"player_choice":"Fought Bandits","damage_taken":0,"max_hp_gain":0,"max_hp_loss":0,"event_name":"Masked Bandits","floor":19,"gold_loss":0}],"is_beta":false,"boss_relics":[{"not_picked":["Tiny House","Black Star"],"picked":"Eternal Feather"}],"items_purged_floors":[],"is_endless":false,"potions_floor_spawned":[7,11,16,18,19],"killed_by":"3 Byrds","ascension_level":12}