{"gold_per_floor":[119,119,119,119,44,44,9,9,9,42,63,88,88,106,106,234,234,247,274,274,120,136,136,136,167,217,217,237,261,281,281,281,281],"floor_reached":33,"playtime":2312,"items_purged":["Strike_B","Decay"],"score":406,"play_id":"278aa7d1-fc72-474e-a475-d55436093b79","local_time":"20190330201805","is_ascension_mode":true,"campfire_choices":[{"data":"Zap","floor":6,"key":"SMITH"},{"data":"Dualcast","floor":8,"key":"SMITH"},{"data":"Undo","floor":13,"key":"SMITH"},{"floor":15,"key":"REST"},{"data":"Turbo","floor":23,"key":"SMITH"},{"data":"Meteor Strike","floor":27,"key":"SMITH"},{"data":"Ghostly","floor":32,"key":"SMITH"}],"neow_cost":"NONE","seed_source_timestamp":729323233685800,"circlet_count":0,"master_deck":["Strike_B+1","Strike_B+1","Defend_B+1","Defend_B+1","Defend_B+1","Zap+1","Dualcast+1","Dramatic Entrance","Undo+1","Melter","Cold Snap","Doom and Gloom","Meteor Strike+1","Conserve Battery+1","Turbo+1","Coolheaded+1","Recycle+1","Regret","Ghostly","Ghostly","Ghostly","Ghostly","Ghostly+1"],"relics":["Cracked Core","Golden Idol","Blood Vial","Bronze Scales","Cursed Key","Lantern","Juzu Bracelet","Pen Nib"],"potions_floor_usage":[33],"damage_taken":[{"damage":7,"enemies":"Jaw Worm","floor":1,"turns":4},{"damage":12,"enemies":"3 Sentries","floor":10,"turns":7},{"damage":0,"enemies":"Small Slimes","floor":11,"turns":2},{"damage":0,"enemies":"Cultist","floor":12,"turns":3},{"damage":6,"enemies":"3 Louse","floor":14,"turns":2},{"damage":15,"enemies":"Slime Boss","floor":16,"turns":6},{"damage":18,"enemies":"2 Thieves","floor":18,"turns":3},{"damage":0,"enemies":"3 Byrds","floor":22,"turns":2},{"damage":9,"enemies":"Book of Stabbing","floor":25,"turns":5},{"damage":0,"enemies":"Centurion and Healer","floor":28,"turns":6},{"damage":18,"enemies":"3 Cultists","floor":29,"turns":5},{"damage":1,"enemies":"Snake Plant","floor":30,"turns":3},{"damage":37,"enemies":"Automaton","floor":33,"turns":6}],"seed_played":"725907746650023860","potions_obtained":[{"floor":1,"key":"PowerPotion"},{"floor":18,"key":"SpeedPotion"},{"floor":25,"key":"Ancient Potion"}],"is_trial":false,"path_per_floor":["M","?","?","?","$","R","$","R","T","E","M","M","R","M","R","B",null,"M","T","?","$","M","R","?","E","T","R","M","M","M","?","R","B"],"character_chosen":"DEFECT","items_purchased":["Melter","Turbo"],"campfire_rested":1,"item_purchase_floors":[7,21],"current_hp_per_floor":[61,54,54,36,36,36,36,36,36,26,28,30,30,26,48,35,65,49,49,49,49,51,51,51,44,44,44,46,30,31,31,31,0],"gold":281,"neow_bonus":"RANDOM_COLORLESS","is_prod":false,"is_daily":false,"chose_seed":false,"campfire_upgraded":6,"win_rate":0,"timestamp":1553998685,"path_taken":["M","?","?","?","$","R","$","R","T","E","?","M","R","M","R","BOSS","M","?","?","$","M","R","?","E","T","R","M","M","M","?","R","BOSS"],"build_version":"2019-01-23","purchased_purges":2,"victory":false,"max_hp_per_floor":[75,75,75,75,75,75,75,75,75,75,75,75,75,75,75,75,75,75,75,75,75,75,75,75,75,75,75,75,75,75,37,37,37],"card_choices":[{"not_picked":["Conserve Battery","Rebound"],"picked":"Undo","floor":1},{"not_picked":["Hologram","Steam","Go for the Eyes"],"picked":"SKIP","floor":10},{"not_picked":["Blizzard","Leap"],"picked":"Cold Snap","floor":11},{"not_picked":["Cold Snap","Rebound","Stack"],"picked":"SKIP","floor":12},{"not_picked":["Melter","Stack"],"picked":"Doom and Gloom","floor":14},{"not_picked":["Core Surge","Machine Learning"],"picked":"Meteor Strike","floor":16},{"not_picked":["Hologram","Stack"],"picked":"Conserve Battery+1","floor":18},{"not_picked":["Recycle","Gash"],"picked":"Coolheaded+1","floor":22},{"not_picked":["Hologram","Loop"],"picked":"Recycle+1","floor":25},{"not_picked":["Rebound","Hologram","Streamline"],"picked":"SKIP","floor":28},{"not_picked":["Cold Snap","Conserve Battery","Go for the Eyes"],"picked":"SKIP","floor":29},{"not_picked":["Streamline","Force Field","Gash+1"],"picked":"SKIP","floor":30}],"player_experience":510748,"relics_obtained":[{"floor":9,"key":"Blood Vial"},{"floor":10,"key":"Bronze Scales"},{"floor":19,"key":"Lantern"},{"floor":25,"key":"Juzu Bracelet"},{"floor":26,"key":"Pen Nib"}],"event_choices":[{"cards_removed":["Strike_B"],"damage_healed":0,"gold_gain":0,"player_choice":"Card Removal","damage_taken":7,"max_hp_gain":0,"max_hp_loss":0,"event_name":"Golden Wing","floor":2,"gold_loss":0},{"cards_removed":["Defend_B"],"damage_healed":0,"gold_gain":0,"player_choice":"Forget","damage_taken":0,"max_hp_gain":0,"max_hp_loss":0,"event_name":"Living Wall","floor":3,"gold_loss":0},{"damage_healed":0,"gold_gain":0,"player_choice":"Take Damage","damage_taken":18,"relics_obtained":["Golden Idol"],"max_hp_gain":0,"max_hp_loss":0,"event_name":"Golden Idol","floor":4,"gold_loss":0},{"damage_healed":0,"gold_gain":0,"player_choice":"Simplicity","damage_taken":0,"max_hp_gain":0,"max_hp_loss":0,"event_name":"Back to Basics","floor":20,"gold_loss":0,"cards_upgraded":["Strike_B","Strike_B","Defend_B","Defend_B","Defend_B"]},{"damage_healed":0,"gold_gain":0,"player_choice":"Ignored","damage_taken":0,"max_hp_gain":0,"max_hp_loss":0,"event_name":"Vampires","floor":24,"gold_loss":0},{"damage_healed":0,"gold_gain":0,"player_choice":"Became a Ghost","damage_taken":0,"max_hp_gain":0,"max_hp_loss":38,"event_name":"Ghosts","floor":31,"gold_loss":0,"cards_obtained":["Ghostly","Ghostly","Ghostly","Ghostly","Ghostly"]}],"is_beta":false,"boss_relics":[{"not_picked":["Ectoplasm","Pandora\u0027s Box"],"picked":"Cursed Key"}],"items_purged_floors":[5,21],"is_endless":false,"potions_floor_spawned":[1,18,25],"killed_by":"Automaton","ascension_level":9}