{"gold_per_floor":[369,519,531,606,606,632,710,710,734,734,734,745,765,250,250,325,325,338,438,449,449,460,460,460],"floor_reached":24,"playtime":913,"items_purged":["Doubt"],"score":382,"play_id":"3efe6aaa-2c23-4634-ba8d-8ed181858dc7","local_time":"20190523120008","is_ascension_mode":true,"campfire_choices":[{"floor":8,"key":"REST"},{"floor":11,"key":"REST"},{"floor":15,"key":"REST"},{"data":"Heavy Blade","floor":23,"key":"SMITH"}],"neow_cost":"TEN_PERCENT_HP_LOSS","seed_source_timestamp":179792520908675,"circlet_count":0,"master_deck":["AscendersBane","Defend_R","Defend_R","Defend_R","Defend_R","Bash","Iron Wave","Metallicize","Spot Weakness+1","Heavy Blade+1","Shrug It Off+1","Master of Strategy+1","Flame Barrier+1","Bite","Bite","Bite","Bite","Bite"],"special_seed":0,"relics":["Burning Blood","Toxic Egg 2","Ornamental Fan","Oddly Smooth Stone","Kunai","Philosopher\u0027s Stone","Shovel","Dodecahedron"],"potions_floor_usage":[10,16,19,22],"damage_taken":[{"damage":0.0,"enemies":"2 Louse","floor":1.0,"turns":3.0},{"damage":18.0,"enemies":"Jaw Worm","floor":3.0,"turns":5.0},{"damage":54,"enemies":"Gremlin Nob","floor":6,"turns":6},{"damage":31,"enemies":"Lagavulin","floor":10,"turns":6},{"damage":12,"enemies":"Small Slimes","floor":12,"turns":6},{"damage":16,"enemies":"Looter","floor":13,"turns":4},{"damage":34,"enemies":"The Guardian","floor":16,"turns":17},{"damage":2,"enemies":"Chosen","floor":18,"turns":4},{"damage":16,"enemies":"Colosseum Slavers","floor":19,"turns":6},{"damage":28,"enemies":"Colosseum Nobs","floor":19,"turns":5},{"damage":18,"enemies":"2 Thieves","floor":20,"turns":4},{"damage":9,"enemies":"Snecko","floor":22,"turns":6},{"damage":38,"enemies":"Centurion and Healer","floor":24,"turns":6}],"seed_played":"-1337949120602928222","potions_obtained":[{"floor":1.0,"key":"SmokeBomb"},{"floor":6,"key":"Fire Potion"},{"floor":13,"key":"BloodPotion"},{"floor":19,"key":"Block Potion"}],"is_trial":false,"path_per_floor":["M","?","M","?","?","E","T","R","T","E","R","M","M","$","R","B",null,"M","?","M","?","M","R","M"],"character_chosen":"IRONCLAD","items_purchased":["Kunai","Shrug It Off+1","Master of Strategy+1"],"campfire_rested":3,"item_purchase_floors":[14,14,14],"current_hp_per_floor":[68,68,56,45,67,19,19,39,39,14,34,28,18,18,38,16,55,59,27,15,15,26,26,0],"gold":460,"neow_bonus":"TWO_FIFTY_GOLD","is_prod":false,"is_daily":false,"chose_seed":false,"campfire_upgraded":1,"win_rate":0,"timestamp":1558634408,"path_taken":["M","?","M","?","?","E","?","R","T","E","R","M","M","$","R","BOSS","M","?","M","?","M","R","M"],"build_version":"2019-01-23","purchased_purges":1,"victory":false,"max_hp_per_floor":[68,68,68,68,68,68,68,68,68,68,68,68,68,68,68,68,68,68,68,68,47,47,47,47],"card_choices":[{"not_picked":["Sword Boomerang","Clothesline","Rage"],"picked":"SKIP","floor":1.0},{"not_picked":["Sentinel","Armaments"],"picked":"Iron Wave","floor":3.0},{"not_picked":["Ghostly Armor","Clash"],"picked":"Metallicize","floor":6},{"not_picked":["Rampage","Sever Soul"],"picked":"Spot Weakness+1","floor":12},{"not_picked":["Blood for Blood","Anger"],"picked":"Heavy Blade","floor":13},{"not_picked":["Ghostly Armor+1","True Grit+1"],"picked":"Flame Barrier+1","floor":18},{"not_picked":["Headbutt","Perfected Strike","Anger+1"],"picked":"SKIP","floor":20},{"not_picked":["Wild Strike","Anger","Sever Soul"],"picked":"SKIP","floor":22}],"player_experience":577821,"relics_obtained":[{"floor":6,"key":"Toxic Egg 2"},{"floor":7,"key":"Ornamental Fan"},{"floor":9,"key":"Oddly Smooth Stone"},{"floor":19,"key":"Shovel"},{"floor":19,"key":"Dodecahedron"}],"event_choices":[{"damage_healed":0.0,"max_hp_gain":0.0,"max_hp_loss":0.0,"gold_gain":150.0,"event_name":"Liars Game","player_choice":"AGREE","floor":2.0,"gold_loss":0.0,"damage_taken":0.0,"cards_obtained":["Doubt"]},{"damage_healed":0.0,"max_hp_gain":0.0,"max_hp_loss":0.0,"gold_gain":75.0,"event_name":"World of Goop","player_choice":"Gather Gold","floor":4.0,"gold_loss":0.0,"damage_taken":11.0},{"damage_healed":22,"gold_gain":0,"player_choice":"Banana","damage_taken":0,"max_hp_gain":0,"max_hp_loss":0,"event_name":"Big Fish","floor":5,"gold_loss":0},{"damage_healed":0,"gold_gain":0,"player_choice":"Fight","damage_taken":0,"max_hp_gain":0,"max_hp_loss":0,"event_name":"Colosseum","floor":19,"gold_loss":0},{"damage_healed":0,"gold_gain":0,"player_choice":"Fought Nobs","damage_taken":0,"max_hp_gain":0,"max_hp_loss":0,"event_name":"Colosseum","floor":19,"gold_loss":0},{"damage_healed":0,"gold_gain":0,"player_choice":"Became a vampire","damage_taken":0,"max_hp_gain":0,"max_hp_loss":21,"event_name":"Vampires","floor":21,"gold_loss":0,"cards_obtained":["Bite","Bite","Bite","Bite","Bite"]}],"is_beta":false,"boss_relics":[{"not_picked":["Lizard Tail","Black Blood"],"picked":"Philosopher\u0027s Stone"}],"items_purged_floors":[14],"is_endless":false,"potions_floor_spawned":[1,6,13,19],"killed_by":"Centurion and Healer","ascension_level":15}