{"gold_per_floor":[113,125,135,151,168,168,203,203,203,203,203,203,278,77,77,181,181,199,213,231,244,244,244,279,312,335,335,335,352,352,370,370,473,473,489,540,762,772,507,507,539,539,539,187,222,97,97],"floor_reached":47,"playtime":1665,"items_purged":["Strike_B","Strike_B","Defend_B"],"score":526,"play_id":"1da2db16-f82d-4e66-b27f-3cdb8a3a0e61","local_time":"20190413193416","is_ascension_mode":true,"campfire_choices":[{"data":"Dualcast","floor":6,"key":"SMITH"},{"data":"Barrage","floor":10,"key":"SMITH"},{"data":"Beam Cell","floor":12,"key":"SMITH"},{"floor":15,"key":"REST"},{"data":"Adrenaline","floor":23,"key":"SMITH"},{"floor":27,"key":"REST"},{"data":"Jack Of All Trades","floor":30,"key":"SMITH"},{"floor":32,"key":"REST"},{"floor":40,"key":"REST"},{"floor":42,"key":"REST"}],"neow_cost":"NONE","seed_source_timestamp":30820508336976,"circlet_count":0,"master_deck":["Strike_B","Strike_B","Defend_B","Defend_B","Defend_B","Zap+1","Dualcast+1","Ball Lightning","Beam Cell+1","Conserve Battery","Ball Lightning","Barrage+1","Adrenaline+1","Leap+1","Trip","Jack Of All Trades+1","Meteor Strike","Ball Lightning+1","Prepared","Beam Cell+1","Mayhem","Capacitor"],"relics":["Cracked Core","Happy Flower","Lantern","Pen Nib","PrismaticShard","Nuclear Battery","Cables","Red Mask","Bronze Scales","Enchiridion","Sozu","Pocketwatch","Unceasing Top","Centennial Puzzle","Bottled Flame","Calipers"],"potions_floor_usage":[7,20,24,24,25,33,33],"damage_taken":[{"damage":0,"enemies":"Small Slimes","floor":1,"turns":2},{"damage":6,"enemies":"Jaw Worm","floor":2,"turns":2},{"damage":0,"enemies":"2 Louse","floor":3,"turns":1},{"damage":12,"enemies":"Blue Slaver","floor":4,"turns":2},{"damage":9,"enemies":"Large Slime","floor":5,"turns":4},{"damage":26,"enemies":"Lagavulin","floor":7,"turns":5},{"damage":25,"enemies":"The Guardian","floor":16,"turns":9},{"damage":2,"enemies":"Shell Parasite","floor":18,"turns":3},{"damage":0,"enemies":"3 Byrds","floor":19,"turns":4},{"damage":0,"enemies":"Sentry and Sphere","floor":20,"turns":3},{"damage":12,"enemies":"3 Cultists","floor":21,"turns":5},{"damage":34,"enemies":"Book of Stabbing","floor":24,"turns":5},{"damage":3,"enemies":"Masked Bandits","floor":25,"turns":3},{"damage":0,"enemies":"Chosen and Byrds","floor":29,"turns":3},{"damage":5,"enemies":"Snecko","floor":31,"turns":4},{"damage":33,"enemies":"Automaton","floor":33,"turns":9},{"damage":1,"enemies":"Orb Walker","floor":35,"turns":2},{"damage":25,"enemies":"2 Orb Walkers","floor":36,"turns":4},{"damage":21,"enemies":"3 Darklings","floor":38,"turns":4},{"damage":43,"enemies":"Reptomancer","floor":41,"turns":5},{"damage":34,"enemies":"Nemesis","floor":45,"turns":5},{"damage":22,"enemies":"Maw","floor":47,"turns":2}],"seed_played":"9195873226341616215","potions_obtained":[{"floor":2,"key":"SneckoOil"},{"floor":4,"key":"AttackPotion"},{"floor":16,"key":"GamblersBrew"},{"floor":18,"key":"Block Potion"},{"floor":24,"key":"SpeedPotion"},{"floor":25,"key":"Energy Potion"},{"floor":31,"key":"Ancient Potion"}],"is_trial":false,"path_per_floor":["M","M","M","M","M","R","E","?","T","R","?","R","?","$","R","B",null,"M","M","M","M","?","R","E","?","T","R","?","M","R","M","R","B",null,"M","?","?","M","$","R","E","R","T","$","E","$","M"],"character_chosen":"DEFECT","items_purchased":["PrismaticShard","Mayhem","Bottled Flame"],"campfire_rested":5,"item_purchase_floors":[14,39,44],"current_hp_per_floor":[75,69,69,57,48,48,22,47,47,47,22,22,11,11,33,8,75,73,73,73,61,47,47,13,10,10,34,18,18,18,13,37,4,80,79,54,54,33,33,57,14,38,38,38,4,4,0],"gold":97,"neow_bonus":"UPGRADE_CARD","is_prod":false,"is_daily":false,"chose_seed":false,"campfire_upgraded":5,"win_rate":0,"timestamp":1555148056,"path_taken":["M","M","M","M","M","R","E","?","T","R","?","R","?","$","R","BOSS","M","M","M","M","?","R","E","?","T","R","?","M","R","M","R","BOSS","M","?","?","M","$","R","E","R","T","$","E","$","M"],"build_version":"2019-01-23","purchased_purges":3,"victory":false,"max_hp_per_floor":[75,75,75,75,75,75,75,75,75,75,75,75,75,75,75,75,75,75,75,75,75,80,80,80,80,80,80,80,80,80,80,80,80,80,80,80,80,80,80,80,80,80,80,80,80,80,80],"card_choices":[{"not_picked":["Beam Cell","Barrage"],"picked":"Ball Lightning","floor":1},{"not_picked":["Turbo","Hologram"],"picked":"Beam Cell","floor":2},{"not_picked":["Skim","Rebound"],"picked":"Conserve Battery","floor":3},{"not_picked":["Capacitor","Compile Driver"],"picked":"Ball Lightning","floor":4},{"not_picked":["Doom and Gloom","Heatsinks","Steam"],"picked":"SKIP","floor":5},{"not_picked":["Hologram","Cold Snap"],"picked":"Barrage","floor":7},{"not_picked":["Reboot","Meteor Strike"],"picked":"Adrenaline","floor":16},{"not_picked":["Undo+1","Poisoned Stab","Caltrops+1"],"picked":"SKIP","floor":18},{"not_picked":["Shrug It Off","Sweeping Beam"],"picked":"Leap+1","floor":19},{"not_picked":["Pommel Strike","Shrug It Off","Adrenaline"],"picked":"SKIP","floor":20},{"not_picked":["Conserve Battery","Armaments"],"picked":"Trip","floor":21},{"not_picked":["Doom and Gloom","Beam Cell","Genetic Algorithm"],"picked":"SKIP","floor":24},{"not_picked":["Consume","Acrobatics"],"picked":"Jack Of All Trades","floor":25},{"not_picked":["Barrage","Flying Knee","Headbutt"],"picked":"SKIP","floor":29},{"not_picked":["Masterful Stab+1","Twin Strike+1","Loop"],"picked":"SKIP","floor":31},{"not_picked":["Immolate","Violence"],"picked":"Meteor Strike","floor":33},{"not_picked":["Calculated Gamble+1","Thunderclap"],"picked":"Ball Lightning+1","floor":35},{"not_picked":["Compile Driver","Outmaneuver"],"picked":"Prepared","floor":36},{"not_picked":["Cleave","Turbo"],"picked":"Beam Cell+1","floor":38},{"not_picked":["Disarm","Aggregate"],"picked":"Capacitor","floor":41},{"not_picked":["Phantasmal Killer","Thunderclap+1","Spot Weakness+1"],"picked":"SKIP","floor":45}],"player_experience":123370,"relics_obtained":[{"floor":7,"key":"Happy Flower"},{"floor":9,"key":"Lantern"},{"floor":24,"key":"Cables"},{"floor":25,"key":"Red Mask"},{"floor":26,"key":"Bronze Scales"},{"floor":28,"key":"Enchiridion"},{"floor":36,"key":"Pocketwatch"},{"floor":41,"key":"Unceasing Top"},{"floor":43,"key":"Centennial Puzzle"},{"floor":45,"key":"Calipers"}],"event_choices":[{"damage_healed":25,"gold_gain":0,"player_choice":"Banana","damage_taken":0,"max_hp_gain":0,"max_hp_loss":0,"event_name":"Big Fish","floor":8,"gold_loss":0},{"damage_healed":0,"gold_gain":0,"player_choice":"Success","damage_taken":25,"relics_obtained":["Pen Nib"],"max_hp_gain":0,"max_hp_loss":0,"event_name":"Scrap Ooze","floor":11,"gold_loss":0},{"damage_healed":0,"gold_gain":75,"player_choice":"Gather Gold","damage_taken":11,"max_hp_gain":0,"max_hp_loss":0,"event_name":"World of Goop","floor":13,"gold_loss":0},{"damage_healed":0,"gold_gain":0,"player_choice":"Shed Blood","damage_taken":19,"max_hp_gain":5,"max_hp_loss":0,"event_name":"Forgotten Altar","floor":22,"gold_loss":0},{"damage_healed":0,"gold_gain":0,"player_choice":"Fought Bandits","damage_taken":0,"max_hp_gain":0,"max_hp_loss":0,"event_name":"Masked Bandits","floor":25,"gold_loss":0},{"damage_healed":0,"gold_gain":0,"player_choice":"Obtained Book","damage_taken":16,"max_hp_gain":0,"max_hp_loss":0,"event_name":"Cursed Tome","floor":28,"gold_loss":0},{"damage_healed":0,"gold_gain":0,"player_choice":"Fight","damage_taken":0,"max_hp_gain":0,"max_hp_loss":0,"event_name":"Mysterious Sphere","floor":36,"gold_loss":0},{"damage_healed":0,"gold_gain":222,"player_choice":"Wore Mask","damage_taken":0,"max_hp_gain":0,"max_hp_loss":0,"event_name":"Tomb of Lord Red Mask","floor":37,"gold_loss":0}],"is_beta":false,"boss_relics":[{"not_picked":["Fusion Hammer","Ectoplasm"],"picked":"Nuclear Battery"},{"not_picked":["Philosopher\u0027s Stone","Astrolabe"],"picked":"Sozu"}],"items_purged_floors":[39,44,46],"is_endless":false,"potions_floor_spawned":[2,4,16,18,24,25,31,35,38,41],"killed_by":"Maw","ascension_level":1}