{"gold_per_floor":[114,114,128,108,33,33,52,86,86,7,7,25,25],"floor_reached":13,"playtime":237,"items_purged":["Regret"],"score":166,"play_id":"e046f3c3-46f6-4554-bac8-8947e43e1388","local_time":"20190404010459","is_ascension_mode":true,"campfire_choices":[{"data":"Deadly Poison","floor":6,"key":"SMITH"},{"floor":11,"key":"REST"}],"neow_cost":"NONE","seed_source_timestamp":532984764017375,"circlet_count":0,"master_deck":["AscendersBane","Defend_G","Defend_G","Defend_G","Defend_G","Defend_G","Strike_G","Strike_G","Strike_G","Strike_G","Strike_G","Survivor","Neutralize","Deadly Poison+1","Skewer"],"relics":["Ring of the Snake","NeowsBlessing","Ornamental Fan","Ancient Tea Set","Dodecahedron"],"potions_floor_usage":[8,13],"damage_taken":[{"damage":0,"enemies":"Cultist","floor":1,"turns":1},{"damage":0,"enemies":"2 Louse","floor":3,"turns":1},{"damage":0,"enemies":"Jaw Worm","floor":7,"turns":1},{"damage":53,"enemies":"Lagavulin","floor":8,"turns":8},{"damage":2,"enemies":"Blue Slaver","floor":12,"turns":4},{"damage":26,"enemies":"Gremlin Nob","floor":13,"turns":4}],"seed_played":"5590535778907917003","potions_obtained":[{"floor":3,"key":"GhostInAJar"},{"floor":4,"key":"SmokeBomb"},{"floor":7,"key":"EssenceOfSteel"},{"floor":12,"key":"Fire Potion"}],"is_trial":false,"path_per_floor":["M","?","M","?","$","R","M","E","T","$","R","M","E"],"character_chosen":"THE_SILENT","items_purchased":["GhostInAJar"],"campfire_rested":1,"item_purchase_floors":[10],"current_hp_per_floor":[59,59,59,59,59,59,59,6,6,6,25,23,0],"gold":25,"neow_bonus":"THREE_ENEMY_KILL","is_prod":false,"is_daily":false,"chose_seed":false,"campfire_upgraded":1,"win_rate":0,"timestamp":1554361499,"path_taken":["M","?","M","?","$","R","M","E","T","$","R","M","E"],"build_version":"2019-01-23","purchased_purges":1,"victory":false,"max_hp_per_floor":[66,66,66,66,66,66,66,66,66,66,66,66,66],"card_choices":[{"not_picked":["Bane","Blade Dance"],"picked":"Deadly Poison","floor":1},{"not_picked":["Quick Slash","Blade Dance","Riddle With Holes"],"picked":"SKIP","floor":3},{"not_picked":["Blade Dance","Expertise"],"picked":"Skewer","floor":7},{"not_picked":["Slice","Masterful Stab","Acrobatics"],"picked":"SKIP","floor":8},{"not_picked":["Grand Finale","Dagger Throw","Deflect"],"picked":"SKIP","floor":12}],"player_experience":437806,"relics_obtained":[{"floor":8,"key":"Ancient Tea Set"},{"floor":9,"key":"Dodecahedron"}],"event_choices":[{"damage_healed":0,"gold_gain":0,"player_choice":"Box","damage_taken":0,"relics_obtained":["Ornamental Fan"],"max_hp_gain":0,"max_hp_loss":0,"event_name":"Big Fish","floor":2,"gold_loss":0,"cards_obtained":["Regret"]},{"damage_healed":0,"gold_gain":0,"player_choice":"Bought 1 Potion","damage_taken":0,"max_hp_gain":0,"max_hp_loss":0,"event_name":"The Woman in Blue","floor":4,"gold_loss":0}],"is_beta":false,"boss_relics":[],"items_purged_floors":[5],"is_endless":false,"potions_floor_spawned":[3,7,12],"killed_by":"Gremlin Nob","ascension_level":20}