{"gold_per_floor":[119,133,133,147,322,322,348,348,348,365,378,402,402,352,352,453,453,470,482,110,123,38,38,53,82,159,193,206,306,306,306,306,306],"floor_reached":33,"playtime":10292,"items_purged":["Strike_B"],"score":392,"play_id":"0d6ea411-a6db-42d6-a250-02f262aaddcd","local_time":"20190121203403","is_ascension_mode":true,"campfire_choices":[{"data":"Genetic Algorithm","floor":6.0,"key":"SMITH"},{"data":"Sunder","floor":8.0,"key":"SMITH"},{"data":"Buffer","floor":13.0,"key":"SMITH"},{"floor":15.0,"key":"REST"},{"data":"Coolheaded","floor":23.0,"key":"SMITH"},{"data":"Sunder","floor":30.0,"key":"SMITH"},{"data":"Zap","floor":32.0,"key":"SMITH"}],"neow_cost":"NONE","seed_source_timestamp":156725863943500,"circlet_count":0,"master_deck":["Strike_B","Strike_B","Defend_B","Defend_B","Defend_B","Defend_B+1","Zap+1","Dualcast+1","Genetic Algorithm+1","Coolheaded+1","Lockon","Sunder+1","Cold Snap","Sunder+1","Buffer+1","Meteor Strike","Melter","Rebound","Compile Driver","Steam Power+1","Ball Lightning","Skim+1","Genetic Algorithm+1"],"special_seed":0,"relics":["Nuclear Battery","Symbiotic Virus","Odd Mushroom","Busted Crown","Gambling Chip","The Courier","War Paint","Blue Candle","Red Mask","Unceasing Top","Toxic Egg 2"],"potions_floor_usage":[33],"damage_taken":[{"damage":0.0,"enemies":"2 Louse","floor":1.0,"turns":3.0},{"damage":7.0,"enemies":"Jaw Worm","floor":2.0,"turns":5.0},{"damage":5.0,"enemies":"Small Slimes","floor":4.0,"turns":4.0},{"damage":21.0,"enemies":"3 Sentries","floor":7.0,"turns":13.0},{"damage":0.0,"enemies":"3 Louse","floor":10.0,"turns":2.0},{"damage":1.0,"enemies":"Blue Slaver","floor":11.0,"turns":2.0},{"damage":5.0,"enemies":"The Mushroom Lair","floor":12.0,"turns":3.0},{"damage":26.0,"enemies":"The Guardian","floor":16.0,"turns":10.0},{"damage":13.0,"enemies":"2 Thieves","floor":18.0,"turns":3.0},{"damage":0.0,"enemies":"Spheric Guardian","floor":19.0,"turns":2.0},{"damage":0.0,"enemies":"Shelled Parasite and Fungi","floor":21.0,"turns":3.0},{"damage":0.0,"enemies":"3 Cultists","floor":24.0,"turns":4.0},{"damage":0.0,"enemies":"Gremlin Leader","floor":25.0,"turns":6.0},{"damage":0.0,"enemies":"Masked Bandits","floor":27.0,"turns":3.0},{"damage":0.0,"enemies":"Cultist and Chosen","floor":28.0,"turns":3.0},{"damage":0.0,"enemies":"Colosseum Slavers","floor":29.0,"turns":5.0},{"damage":0.0,"enemies":"Colosseum Nobs","floor":29.0,"turns":4.0},{"damage":0,"enemies":"Champ","floor":33,"turns":7}],"seed_played":"8214839846410185161","potions_obtained":[{"floor":4.0,"key":"GamblersBrew"},{"floor":10.0,"key":"Dexterity Potion"},{"floor":11.0,"key":"PowerPotion"},{"floor":16.0,"key":"SteroidPotion"},{"floor":19.0,"key":"Energy Potion"},{"floor":21.0,"key":"Regen Potion"},{"floor":28.0,"key":"Swift Potion"}],"is_trial":false,"path_per_floor":["M","M","?","M","?","R","E","R","T","M","M","?","R","?","R","B",null,"M","M","$","M","?","R","M","E","T","?","M","?","R","?","R","B"],"character_chosen":"DEFECT","items_purchased":["Gambling Chip"],"campfire_rested":1,"item_purchase_floors":[20],"current_hp_per_floor":[68,61,61,56,56,56,35,35,35,35,34,29,29,29,51,25,63,50,50,50,50,50,50,62,62,62,62,62,62,62,62,62,62],"gold":306,"neow_bonus":"BOSS_RELIC","is_prod":false,"is_daily":false,"chose_seed":false,"campfire_upgraded":6,"win_rate":0,"timestamp":1548128043,"path_taken":["M","M","?","M","?","R","E","R","T","?","M","?","R","?","R","BOSS","M","M","$","M","?","R","M","E","T","?","M","?","R","?","R","BOSS"],"build_version":"2019-01-17v2","purchased_purges":1,"victory":false,"max_hp_per_floor":[75,75,75,75,75,75,75,75,75,75,75,75,75,75,75,75,75,75,75,75,75,75,75,75,75,75,75,75,75,75,75,75,75],"card_choices":[{"not_picked":["Stack","Double Energy"],"picked":"Genetic Algorithm","floor":1.0},{"not_picked":["Steam","Stack"],"picked":"Coolheaded","floor":2.0},{"not_picked":["Gash","Barrage"],"picked":"Lockon","floor":4.0},{"not_picked":["FTL","Defragment"],"picked":"Sunder","floor":7.0},{"not_picked":["Barrage","Sweeping Beam"],"picked":"Cold Snap","floor":10.0},{"not_picked":["Sweeping Beam","Force Field"],"picked":"Sunder","floor":11.0},{"not_picked":["Compile Driver","Redo"],"picked":"Buffer","floor":12.0},{"not_picked":["All For One","Fission"],"picked":"Meteor Strike","floor":16.0},{"not_picked":[],"picked":"Melter","floor":18.0},{"not_picked":[],"picked":"Rebound","floor":19.0},{"not_picked":[],"picked":"Compile Driver","floor":21.0},{"not_picked":[],"picked":"Steam Power+1","floor":24.0},{"not_picked":[],"picked":"Ball Lightning","floor":25.0},{"not_picked":[],"picked":"Skim+1","floor":28.0},{"not_picked":[],"picked":"Genetic Algorithm","floor":29.0}],"player_experience":358326,"relics_obtained":[{"floor":7.0,"key":"Symbiotic Virus"},{"floor":12.0,"key":"Odd Mushroom"},{"floor":25.0,"key":"War Paint"},{"floor":26.0,"key":"Blue Candle"},{"floor":27.0,"key":"Red Mask"},{"floor":29.0,"key":"Unceasing Top"},{"floor":29.0,"key":"Toxic Egg 2"}],"event_choices":[{"cards_removed":["Strike_B"],"damage_healed":0.0,"max_hp_gain":0.0,"max_hp_loss":0.0,"gold_gain":0.0,"event_name":"Living Wall","player_choice":"Forget","floor":3.0,"gold_loss":0.0,"damage_taken":0.0},{"damage_healed":0.0,"max_hp_gain":0.0,"max_hp_loss":0.0,"gold_gain":175.0,"event_name":"Liars Game","player_choice":"AGREE","floor":5.0,"gold_loss":0.0,"damage_taken":0.0,"cards_obtained":["Doubt"]},{"damage_healed":0.0,"max_hp_gain":0.0,"max_hp_loss":0.0,"gold_gain":0.0,"event_name":"Mushrooms","player_choice":"Fought Mushrooms","floor":12.0,"gold_loss":0.0,"damage_taken":0.0},{"cards_removed":["Doubt"],"damage_healed":0.0,"max_hp_gain":0.0,"max_hp_loss":0.0,"gold_gain":0.0,"event_name":"The Cleric","player_choice":"Card Removal","floor":14.0,"gold_loss":50.0,"damage_taken":0.0},{"damage_healed":0.0,"max_hp_gain":0.0,"max_hp_loss":0.0,"gold_gain":0.0,"event_name":"Addict","player_choice":"Obtained Relic","floor":22.0,"gold_loss":85.0,"damage_taken":0.0,"relics_obtained":["The Courier"]},{"damage_healed":0.0,"max_hp_gain":0.0,"max_hp_loss":0.0,"gold_gain":0.0,"event_name":"Masked Bandits","player_choice":"Fought Bandits","floor":27.0,"gold_loss":0.0,"damage_taken":0.0},{"damage_healed":0.0,"max_hp_gain":0.0,"max_hp_loss":0.0,"gold_gain":0.0,"event_name":"Colosseum","player_choice":"Fight","floor":29.0,"gold_loss":0.0,"damage_taken":0.0},{"damage_healed":0.0,"max_hp_gain":0.0,"max_hp_loss":0.0,"gold_gain":0.0,"event_name":"Colosseum","player_choice":"Fought Nobs","floor":29.0,"gold_loss":0.0,"damage_taken":0.0},{"damage_healed":0.0,"max_hp_gain":0.0,"max_hp_loss":0.0,"gold_gain":0.0,"event_name":"Vampires","player_choice":"Ignored","floor":31.0,"gold_loss":0.0,"damage_taken":0.0}],"is_beta":false,"boss_relics":[{"not_picked":["Calling Bell","Astrolabe"],"picked":"Busted Crown"}],"items_purged_floors":[20],"is_endless":false,"potions_floor_spawned":[4,10,11,16,19,21,28,29],"killed_by":"Champ","ascension_level":7}