{"gold_per_floor":[112,112,32,32,45,73,73,83,83,115,135,135,166,220,220,220],"floor_reached":16,"playtime":390,"items_purged":[],"score":286,"play_id":"ef4aaf4c-df3f-4d6b-a097-d46219ebedaf","local_time":"20190402004159","is_ascension_mode":true,"campfire_choices":[{"floor":15,"key":"REST"}],"neow_cost":"NONE","seed_source_timestamp":358652456258200,"circlet_count":0,"master_deck":["AscendersBane","Defend_G","Defend_G","Defend_G","Defend_G","Defend_G","Strike_G","Strike_G","Strike_G","Strike_G","Strike_G","Survivor","Neutralize+1","Noxious Fumes","Regret","Deadly Poison","Skewer+1","Poisoned Stab"],"relics":["Ring of the Snake","NeowsBlessing","Question Card","Sundial","Smiling Mask","Regal Pillow","Singing Bowl","Oddly Smooth Stone"],"potions_floor_usage":[10,13],"damage_taken":[{"damage":0,"enemies":"Small Slimes","floor":1,"turns":1},{"damage":0,"enemies":"2 Louse","floor":5,"turns":1},{"damage":0,"enemies":"3 Sentries","floor":6,"turns":1},{"damage":3,"enemies":"Cultist","floor":8,"turns":4},{"damage":8,"enemies":"Gremlin Nob","floor":10,"turns":3},{"damage":10,"enemies":"Blue Slaver","floor":11,"turns":4},{"damage":31,"enemies":"Lagavulin","floor":13,"turns":4},{"damage":47,"enemies":"Hexaghost","floor":16,"turns":9}],"seed_played":"547939307896664260","potions_obtained":[{"floor":1,"key":"FearPotion"},{"floor":8,"key":"Explosive Potion"},{"floor":10,"key":"SpeedPotion"}],"is_trial":false,"path_per_floor":["M","?","$","?","M","E","?","M","T","E","M","?","E","T","R","B"],"character_chosen":"THE_SILENT","items_purchased":["Noxious Fumes"],"campfire_rested":1,"item_purchase_floors":[3],"current_hp_per_floor":[59,59,59,59,59,59,59,56,56,48,38,38,9,9,44,0],"gold":220,"neow_bonus":"THREE_ENEMY_KILL","is_prod":false,"is_daily":false,"chose_seed":false,"campfire_upgraded":0,"win_rate":0,"timestamp":1554187319,"path_taken":["M","?","$","?","M","E","?","M","T","E","?","?","E","?","R","BOSS"],"build_version":"2019-01-23","purchased_purges":0,"victory":false,"max_hp_per_floor":[66,66,66,66,66,66,66,66,66,66,66,66,68,68,68,68],"card_choices":[{"not_picked":["Finisher","Deflect","Terror"],"picked":"SKIP","floor":1},{"not_picked":["Acrobatics","Backflip","Poisoned Stab"],"picked":"Deadly Poison","floor":5},{"not_picked":["Sucker Punch","Catalyst","Calculated Gamble"],"picked":"Skewer","floor":6},{"not_picked":["Outmaneuver","Underhanded Strike","Setup","Quick Slash"],"picked":"SKIP","floor":8},{"not_picked":["Blade Dance","Escape Plan","Phantasmal Killer"],"picked":"Poisoned Stab","floor":10},{"not_picked":["All Out Attack","Cloak And Dagger","Acrobatics","Masterful Stab"],"picked":"SKIP","floor":11},{"not_picked":["Blade Dance","Bullet Time","Backflip","Poisoned Stab"],"picked":"Singing Bowl","floor":13}],"player_experience":415463,"relics_obtained":[{"floor":6,"key":"Sundial"},{"floor":9,"key":"Smiling Mask"},{"floor":10,"key":"Regal Pillow"},{"floor":13,"key":"Singing Bowl"},{"floor":14,"key":"Oddly Smooth Stone"}],"event_choices":[{"damage_healed":0,"gold_gain":0,"player_choice":"Ignored","damage_taken":0,"max_hp_gain":0,"max_hp_loss":0,"event_name":"Liars Game","floor":2,"gold_loss":0},{"damage_healed":0,"gold_gain":0,"player_choice":"Box","damage_taken":0,"relics_obtained":["Question Card"],"max_hp_gain":0,"max_hp_loss":0,"event_name":"Big Fish","floor":4,"gold_loss":0,"cards_obtained":["Regret"]},{"damage_healed":0,"gold_gain":0,"player_choice":"Upgraded","damage_taken":0,"max_hp_gain":0,"max_hp_loss":0,"event_name":"Upgrade Shrine","floor":7,"gold_loss":0,"cards_upgraded":["Skewer"]},{"damage_healed":0,"gold_gain":0,"player_choice":"Grow","damage_taken":0,"max_hp_gain":0,"max_hp_loss":0,"event_name":"Living Wall","floor":12,"gold_loss":0,"cards_upgraded":["Neutralize"]}],"is_beta":false,"boss_relics":[],"items_purged_floors":[],"is_endless":false,"potions_floor_spawned":[1,8,10],"killed_by":"Hexaghost","ascension_level":20}