{"gold_per_floor":[109,59,59,59,32,59,78,110,188,188,216,216,216,232,232,328,328,342,353,370,46,66,66,66,83,83,99,39,53,53,71,71,166,166,184,184,104,104,119,119,138,138,138,138,154,179,21,21,21,21],"floor_reached":51,"playtime":2618,"items_purged":["Strike_R","Strike_R","Strike_R"],"score":1108,"play_id":"519e0683-b6f8-41e1-9a7f-0ea50de0cac0","local_time":"20180820224425","is_ascension_mode":true,"campfire_choices":[{"data":"Bash","floor":10.0,"key":"SMITH"},{"data":"Heavy Blade","floor":13.0,"key":"SMITH"},{"data":"Cleave","floor":15.0,"key":"SMITH"},{"data":"Inflame","floor":23.0,"key":"SMITH"},{"data":"Immolate","floor":32.0,"key":"SMITH"},{"data":"Double Tap","floor":40,"key":"SMITH"},{"data":"Warcry","floor":42,"key":"SMITH"},{"data":"Impervious","floor":44,"key":"SMITH"},{"floor":49,"key":"REST"}],"neow_cost":"NONE","seed_source_timestamp":514379839076502,"circlet_count":0,"master_deck":["Strike_R+1","Defend_R","Defend_R+1","Defend_R","Defend_R","Bash+1","Disarm","Heavy Blade+1","Cleave+1","Warcry+1","Immolate+1","Headbutt","Shrug It Off","Feed","Clothesline+1","Shockwave+1","Inflame+1","Double Tap+1","Impervious+1","Metallicize+1","Shrug It Off+1","Power Through","Madness","Madness"],"special_seed":0,"relics":["Burning Blood","NeowsBlessing","Orichalcum","Blood Vial","Gremlin Horn","Bag of Marbles","Strawberry","Velvet Choker","Paper Frog","Pen Nib","The Courier","Runic Cube","Thread and Needle","Mango","Question Card"],"potions_floor_usage":[46,50],"damage_taken":[{"damage":0.0,"enemies":"Small Slimes","floor":1.0,"turns":2.0},{"damage":0.0,"enemies":"Lagavulin","floor":6.0,"turns":1.0},{"damage":0.0,"enemies":"Jaw Worm","floor":7.0,"turns":1.0},{"damage":20.0,"enemies":"Gremlin Nob","floor":8.0,"turns":5.0},{"damage":9.0,"enemies":"3 Sentries","floor":11.0,"turns":4.0},{"damage":0.0,"enemies":"2 Louse","floor":14.0,"turns":2.0},{"damage":15.0,"enemies":"Slime Boss","floor":16.0,"turns":8.0},{"damage":6.0,"enemies":"Spheric Guardian","floor":18.0,"turns":3.0},{"damage":11.0,"enemies":"3 Byrds","floor":19.0,"turns":6.0},{"damage":13.0,"enemies":"Sentry and Sphere","floor":20.0,"turns":4.0},{"damage":23.0,"enemies":"Shelled Parasite and Fungi","floor":22.0,"turns":4.0},{"damage":19.0,"enemies":"Snake Plant","floor":25.0,"turns":4.0},{"damage":7.0,"enemies":"Sentry and Sphere","floor":27.0,"turns":5.0},{"damage":4.0,"enemies":"Snecko","floor":29.0,"turns":3.0},{"damage":1.0,"enemies":"3 Cultists","floor":31.0,"turns":4.0},{"damage":72.0,"enemies":"Automaton","floor":33.0,"turns":10.0},{"damage":10,"enemies":"Flame Bruiser 1 Orb","floor":35,"turns":5},{"damage":4,"floor":36,"turns":7},{"damage":0,"enemies":"3 Shapes","floor":39,"turns":1},{"damage":1,"enemies":"Sphere and 2 Shapes","floor":41,"turns":3},{"damage":4,"enemies":"4 Shapes","floor":45,"turns":1},{"damage":3,"enemies":"Giant Head","floor":46,"turns":6},{"damage":67,"enemies":"Donu and Deca","floor":50,"turns":7}],"seed_played":"3172578627513783124","potions_obtained":[{"floor":1.0,"key":"PowerPotion"},{"floor":3.0,"key":"Energy Potion"},{"floor":3.0,"key":"GamblersBrew"},{"floor":3.0,"key":"EntropicBrew"},{"floor":11.0,"key":"LiquidBronze"},{"floor":16.0,"key":"Energy Potion"},{"floor":19.0,"key":"SteroidPotion"},{"floor":25.0,"key":"Ancient Potion"},{"floor":27.0,"key":"AttackPotion"},{"floor":31.0,"key":"Swift Potion"},{"floor":35,"key":"LiquidBronze"},{"floor":46,"key":"FearPotion"}],"is_trial":false,"path_per_floor":["M","?","?","?","$","E","M","E","T","R","E","T","R","M","R","B",null,"M","M","M","$","M","R","?","M","T","M","$","M","?","M","R","B",null,"M","?","$","?","M","R","M","R","T","R","M","E","$","?","R","B"],"character_chosen":"IRONCLAD","items_purchased":["Heavy Blade","Inflame","Paper Frog","LiquidBronze"],"campfire_rested":1,"item_purchase_floors":[5,21,21,47],"current_hp_per_floor":[78,78,78,62,62,68,74,60,60,60,71,78,78,86,86,78,85,87,85,83,83,68,68,68,57,57,61,61,65,96,96,96,30,80,78,82,82,82,90,90,96,96,110,110,110,113,113,99,113,52],"gold":21,"neow_bonus":"THREE_ENEMY_KILL","is_prod":false,"is_daily":false,"chose_seed":false,"campfire_upgraded":8,"win_rate":0,"timestamp":1534819465,"path_taken":["M","?","?","?","$","E","M","E","T","R","E","?","R","M","R","BOSS","M","M","M","$","M","R","?","M","T","?","$","M","?","M","R","BOSS","M","?","$","?","M","R","M","R","T","R","M","E","$","?","R","BOSS"],"build_version":"2018-08-16","purchased_purges":3,"victory":true,"max_hp_per_floor":[80,80,80,80,80,80,80,80,80,80,80,87,87,87,87,87,87,87,90,93,93,93,93,93,93,93,96,96,96,96,96,96,96,96,96,96,96,96,96,96,96,96,110,110,110,113,113,113,113,113],"card_choices":[{"not_picked":["Feel No Pain","Body Slam"],"picked":"Disarm","floor":1.0},{"not_picked":["Pummel","Body Slam"],"picked":"Cleave","floor":6.0},{"not_picked":["Sword Boomerang","Heavy Blade"],"picked":"Warcry","floor":7.0},{"not_picked":["True Grit","Clash"],"picked":"Immolate","floor":8.0},{"not_picked":["Blood for Blood","Havoc"],"picked":"Headbutt","floor":11.0},{"not_picked":["Anger","Havoc"],"picked":"Shrug It Off","floor":14.0},{"not_picked":["Brutality","Dark Embrace"],"picked":"Feed","floor":16.0},{"not_picked":["Headbutt","Wild Strike"],"picked":"Clothesline+1","floor":18.0},{"not_picked":["Rage","Thunderclap","Rupture"],"picked":"SKIP","floor":19.0},{"not_picked":["Metallicize","Blood for Blood"],"picked":"Shockwave+1","floor":20.0},{"not_picked":["Clothesline","Sword Boomerang","Shrug It Off"],"picked":"SKIP","floor":22.0},{"not_picked":["Clash+1","Flex","Hemokinesis"],"picked":"SKIP","floor":25.0},{"not_picked":["Cleave","Clash","Seeing Red"],"picked":"SKIP","floor":27.0},{"not_picked":["Burning Pact","Wild Strike","Pommel Strike"],"picked":"SKIP","floor":29.0},{"not_picked":["Second Wind","Dark Embrace","Anger"],"picked":"SKIP","floor":31.0},{"not_picked":["Juggernaut","Barricade"],"picked":"Double Tap","floor":33.0},{"not_picked":["Shockwave","Heavy Blade+1","Clash+1"],"picked":"SKIP","floor":35},{"not_picked":["Second Wind+1","Perfected Strike+1"],"picked":"Impervious","floor":36},{"not_picked":["Warcry+1","Body Slam"],"picked":"Metallicize+1","floor":39},{"not_picked":["Whirlwind+1","Bloodletting"],"picked":"Shrug It Off+1","floor":41},{"not_picked":["Rupture+1","Clash+1","Anger"],"picked":"SKIP","floor":45},{"not_picked":["Iron Wave","Blood for Blood"],"picked":"Power Through","floor":46}],"player_experience":104277,"relics_obtained":[{"floor":6.0,"key":"Orichalcum"},{"floor":8.0,"key":"Blood Vial"},{"floor":9.0,"key":"Gremlin Horn"},{"floor":11.0,"key":"Bag of Marbles"},{"floor":12.0,"key":"Strawberry"},{"floor":26.0,"key":"The Courier"},{"floor":36,"key":"Thread and Needle"},{"floor":43,"key":"Mango"},{"floor":46,"key":"Question Card"}],"event_choices":[{"event_name":"The Cleric","player_choice":"Card Removal","floor":2.0,"damage_taken":0.0},{"event_name":"The Lab","player_choice":"Got Potions","floor":3.0,"damage_taken":0.0},{"event_name":"Shining Light","player_choice":"Entered Light","floor":4.0,"damage_taken":0.0},{"event_name":"WeMeetAgain","player_choice":"Potion","floor":24.0,"damage_taken":0.0},{"event_name":"The Library","player_choice":"Heal","floor":30.0,"damage_taken":0.0},{"event_name":"MindBloom","player_choice":"Fight","floor":36,"damage_taken":0},{"event_name":"FaceTrader","player_choice":"Leave","floor":38,"damage_taken":0},{"event_name":"Winding Halls","player_choice":"Embrace Madness","floor":48,"damage_taken":0}],"is_beta":false,"boss_relics":[{"not_picked":["Eternal Feather","Lizard Tail"],"picked":"Velvet Choker"},{"not_picked":["Runic Dome","Pandora\u0027s Box"],"picked":"Runic Cube"}],"items_purged_floors":[28,37,47],"is_endless":false,"potions_floor_spawned":[1,11,16,19,25,27,31,35,46],"ascension_level":9}