{"gold_per_floor":[209,228,244,264,264,264,104,104,130,151,182,182,332,3,3,96,96,109,130,155,155,30,30,30],"floor_reached":24,"playtime":880,"items_purged":["Strike_G","Doubt","Strike_G"],"score":372,"play_id":"9bdf0695-5989-4f17-8eb7-c11a40b0742d","local_time":"20190407120813","is_ascension_mode":true,"campfire_choices":[{"data":"Neutralize","floor":6,"key":"SMITH"},{"data":"Dagger Spray","floor":8,"key":"SMITH"},{"data":"Noxious Fumes","floor":12,"key":"SMITH"},{"data":"Backstab","floor":15,"key":"SMITH"},{"floor":23,"key":"REST"}],"neow_cost":"NONE","seed_source_timestamp":831335717822665,"circlet_count":0,"master_deck":["AscendersBane","Defend_G","Defend_G","Defend_G","Defend_G","Defend_G","Strike_G","Strike_G","Strike_G","Survivor","Neutralize+1","Dagger Throw","Deadly Poison","Dagger Spray+1","Poisoned Stab","Backstab+1","Noxious Fumes+1","Glass Knife+1","Backflip","Dash","Dodge and Roll"],"relics":["Ring of the Snake","Golden Idol","Potion Belt","Odd Mushroom","HandDrill","Sozu"],"potions_floor_usage":[16,16,16],"damage_taken":[{"damage":2,"enemies":"Jaw Worm","floor":1,"turns":5},{"damage":1,"enemies":"2 Louse","floor":2,"turns":2},{"damage":0,"enemies":"Cultist","floor":3,"turns":4},{"damage":12,"enemies":"Exordium Wildlife","floor":4,"turns":4},{"damage":1,"enemies":"3 Louse","floor":10,"turns":3},{"damage":10,"enemies":"The Mushroom Lair","floor":11,"turns":4},{"damage":20,"enemies":"Slime Boss","floor":16,"turns":8},{"damage":5,"enemies":"3 Byrds","floor":18,"turns":5},{"damage":22,"enemies":"Spheric Guardian","floor":19,"turns":4},{"damage":17,"enemies":"Chosen and Byrds","floor":20,"turns":6},{"damage":24,"enemies":"Centurion and Healer","floor":24,"turns":6}],"seed_played":"-2616101628197234628","potions_obtained":[{"floor":2,"key":"SkillPotion"},{"floor":3,"key":"Poison Potion"},{"floor":10,"key":"SteroidPotion"}],"is_trial":false,"path_per_floor":["M","M","M","M","?","R","$","R","T","M","?","R","?","$","R","B",null,"M","M","M","?","$","R","M"],"character_chosen":"THE_SILENT","items_purchased":["Backstab","HandDrill"],"campfire_rested":1,"item_purchase_floors":[7,14],"current_hp_per_floor":[57,56,56,44,44,44,44,44,44,43,33,33,33,33,33,13,48,43,21,4,4,4,22,0],"gold":30,"neow_bonus":"HUNDRED_GOLD","is_prod":false,"is_daily":false,"chose_seed":false,"campfire_upgraded":4,"win_rate":0,"timestamp":1554660493,"path_taken":["M","M","M","M","?","R","$","R","T","M","?","R","?","$","R","BOSS","M","M","M","?","$","R","M"],"build_version":"2019-01-23","purchased_purges":3,"victory":false,"max_hp_per_floor":[66,66,66,66,60,60,60,60,60,60,60,60,60,60,60,60,60,60,60,60,60,60,60,60],"card_choices":[{"not_picked":["Acrobatics","Reflex"],"picked":"Dagger Throw","floor":1},{"not_picked":["Deflect","PiercingWail"],"picked":"Deadly Poison","floor":2},{"not_picked":["Blade Dance","Reflex"],"picked":"Dagger Spray","floor":3},{"not_picked":["Dagger Throw","Bane"],"picked":"Poisoned Stab","floor":4},{"not_picked":["Flechettes","Sucker Punch"],"picked":"Noxious Fumes","floor":10},{"not_picked":["Venomology","Unload"],"picked":"Glass Knife","floor":16},{"not_picked":["Underhanded Strike","Deflect"],"picked":"Backflip","floor":18},{"not_picked":["All Out Attack","Poisoned Stab"],"picked":"Dash","floor":19},{"not_picked":["Flying Knee+1","Deadly Poison"],"picked":"Dodge and Roll","floor":20}],"player_experience":473422,"relics_obtained":[{"floor":9,"key":"Potion Belt"},{"floor":11,"key":"Odd Mushroom"}],"event_choices":[{"damage_healed":0,"gold_gain":0,"player_choice":"Lose Max HP","damage_taken":0,"relics_obtained":["Golden Idol"],"max_hp_gain":0,"max_hp_loss":6,"event_name":"Golden Idol","floor":5,"gold_loss":0},{"damage_healed":0,"gold_gain":0,"player_choice":"Fought Mushrooms","damage_taken":0,"max_hp_gain":0,"max_hp_loss":0,"event_name":"Mushrooms","floor":11,"gold_loss":0},{"damage_healed":0,"gold_gain":150,"player_choice":"AGREE","damage_taken":0,"max_hp_gain":0,"max_hp_loss":0,"event_name":"Liars Game","floor":13,"gold_loss":0,"cards_obtained":["Doubt"]},{"damage_healed":0,"gold_gain":0,"player_choice":"Upgraded","damage_taken":0,"max_hp_gain":0,"max_hp_loss":0,"event_name":"Upgrade Shrine","floor":21,"gold_loss":0,"cards_upgraded":["Glass Knife"]}],"is_beta":false,"boss_relics":[{"not_picked":["HoveringKite","Orrery"],"picked":"Sozu"}],"items_purged_floors":[7,14,22],"is_endless":false,"potions_floor_spawned":[2,3,10,20],"killed_by":"Centurion and Healer","ascension_level":20}