{"gold_per_floor":[109,122,87,98,118,151,151,169,169,204,216,216,216,216,216,290,290,305,305,333,234,234,234,264,283,359,379,395,395,428,343,343,421,421,433,451,197,197,197],"floor_reached":39,"playtime":2268,"items_purged":["Strike_B","Strike_B+1"],"score":708,"play_id":"a7c11752-7a16-4518-ab90-2861541e0c94","local_time":"20190607193315","is_ascension_mode":true,"campfire_choices":[{"floor":7.0,"key":"REST"},{"floor":13.0,"key":"REST"},{"data":"Genetic Algorithm","floor":15.0,"key":"SMITH"},{"floor":23.0,"key":"REST"},{"floor":29,"key":"REST"},{"floor":32,"key":"REST"}],"neow_cost":"NONE","seed_source_timestamp":4473509630330138,"circlet_count":0,"master_deck":["AscendersBane","Defend_B+1","Defend_B+1","Defend_B+1","Defend_B+1","Zap","Dualcast","Coolheaded","Genetic Algorithm+1","Compile Driver","Static Discharge","Darkness+1","Core Surge","Undo","Echo Form","Ball Lightning+1","Static Discharge","Storm","Coolheaded","Sweeping Beam","Conserve Battery","Auto Shields","Go for the Eyes","Defragment","Amplify","Consume"],"special_seed":0,"relics":["FrozenCore","Vajra","Pantograph","StoneCalendar","Unceasing Top","Sozu","Red Mask","Pear","Ornamental Fan","Bag of Preparation","Mercury Hourglass","Bag of Marbles"],"potions_floor_usage":[],"damage_taken":[{"damage":4.0,"enemies":"Small Slimes","floor":1.0,"turns":4.0},{"damage":0.0,"enemies":"Jaw Worm","floor":2.0,"turns":3.0},{"damage":0.0,"enemies":"2 Louse","floor":4.0,"turns":4.0},{"damage":20.0,"enemies":"Exordium Thugs","floor":5.0,"turns":7.0},{"damage":32.0,"enemies":"Lagavulin","floor":6.0,"turns":8.0},{"damage":7.0,"enemies":"Blue Slaver","floor":8.0,"turns":4.0},{"damage":13.0,"enemies":"Gremlin Nob","floor":10.0,"turns":4.0},{"damage":6.0,"enemies":"Looter","floor":11.0,"turns":3.0},{"damage":18.0,"enemies":"The Guardian","floor":16.0,"turns":10.0},{"damage":2.0,"enemies":"Chosen","floor":18.0,"turns":4.0},{"damage":36.0,"enemies":"Masked Bandits","floor":20.0,"turns":4.0},{"damage":35.0,"enemies":"Slavers","floor":24.0,"turns":5.0},{"damage":16,"enemies":"2 Thieves","floor":25,"turns":3},{"damage":0,"enemies":"Centurion and Healer","floor":27,"turns":7},{"damage":6,"enemies":"Shelled Parasite and Fungi","floor":28,"turns":7},{"damage":21,"enemies":"Book of Stabbing","floor":30,"turns":7},{"damage":42,"enemies":"Automaton","floor":33,"turns":9},{"damage":0,"enemies":"3 Shapes","floor":35,"turns":6},{"damage":45,"enemies":"3 Darklings","floor":36,"turns":4},{"damage":28,"enemies":"Maw","floor":39,"turns":9}],"seed_played":"-4848968116526216553","potions_obtained":[{"floor":5.0,"key":"LiquidBronze"},{"floor":8.0,"key":"FocusPotion"},{"floor":11.0,"key":"GamblersBrew"},{"floor":16.0,"key":"Strength Potion"}],"is_trial":false,"path_per_floor":["M","M","?","M","M","E","R","M","T","E","M","?","R","?","R","B",null,"M","?","?","$","?","R","E","M","T","M","M","R","E","?","R","B",null,"M","M","$","?","M"],"character_chosen":"DEFECT","items_purchased":["Sweeping Beam","Bag of Marbles"],"campfire_rested":5,"item_purchase_floors":[21,37],"current_hp_per_floor":[64,64,75,75,55,23,45,38,38,25,19,19,41,41,41,48,68,66,66,30,30,30,52,27,11,11,11,5,30,9,9,34,17,68,68,23,23,23,0],"gold":197,"neow_bonus":"RANDOM_COMMON_RELIC","is_prod":false,"is_daily":false,"chose_seed":false,"campfire_upgraded":1,"win_rate":0,"timestamp":1559950395,"path_taken":["M","M","?","M","M","E","R","M","T","E","M","?","R","?","R","BOSS","M","?","?","$","?","R","E","M","T","M","M","R","E","?","R","BOSS","M","M","$","?","M"],"build_version":"2019-01-23","purchased_purges":2,"victory":false,"max_hp_per_floor":[75,75,75,75,75,75,75,75,75,75,75,75,75,75,75,75,75,75,75,75,75,75,75,85,85,85,85,85,85,85,85,85,85,85,85,85,85,85,85],"card_choices":[{"not_picked":["Leap","Rebound"],"picked":"Coolheaded","floor":1.0},{"not_picked":["Redo","Conserve Battery"],"picked":"Genetic Algorithm","floor":2.0},{"not_picked":["Reprogram","Gash"],"picked":"Compile Driver","floor":4.0},{"not_picked":["Leap","Double Energy","Buffer"],"picked":"SKIP","floor":5.0},{"not_picked":["Reinforced Body","Genetic Algorithm"],"picked":"Static Discharge","floor":6.0},{"not_picked":["Genetic Algorithm","Reprogram"],"picked":"Darkness","floor":8.0},{"not_picked":["Streamline","Static Discharge"],"picked":"Core Surge","floor":10.0},{"not_picked":["Tempest","Redo"],"picked":"Undo","floor":11.0},{"not_picked":["Machine Learning","Seek"],"picked":"Echo Form","floor":16.0},{"not_picked":["Heatsinks","Coolheaded"],"picked":"Ball Lightning+1","floor":18.0},{"not_picked":["Cold Snap","Stack"],"picked":"Coolheaded","floor":20.0},{"not_picked":["Fusion","Reprogram","FTL"],"picked":"SKIP","floor":24.0},{"not_picked":["Compile Driver","Beam Cell"],"picked":"Conserve Battery","floor":25},{"not_picked":["All For One","Gash+1"],"picked":"Auto Shields","floor":27},{"not_picked":["Self Repair","Chill"],"picked":"Go for the Eyes","floor":28},{"not_picked":["Leap","Barrage"],"picked":"Defragment","floor":30},{"not_picked":["Hyperbeam","Fission"],"picked":"Amplify","floor":33},{"not_picked":["Force Field","Turbo+1"],"picked":"Consume","floor":35},{"not_picked":["Go for the Eyes","Auto Shields+1","Cold Snap"],"picked":"SKIP","floor":36}],"player_experience":188242,"relics_obtained":[{"floor":6.0,"key":"Pantograph"},{"floor":9.0,"key":"StoneCalendar"},{"floor":10.0,"key":"Unceasing Top"},{"floor":20.0,"key":"Red Mask"},{"floor":24.0,"key":"Pear"},{"floor":26,"key":"Ornamental Fan"},{"floor":30,"key":"Bag of Preparation"}],"event_choices":[{"damage_healed":18.0,"max_hp_gain":0.0,"max_hp_loss":0.0,"gold_gain":0.0,"event_name":"The Cleric","player_choice":"Healed","floor":3.0,"gold_loss":35.0,"damage_taken":0.0},{"damage_healed":0.0,"max_hp_gain":0.0,"max_hp_loss":0.0,"gold_gain":0.0,"event_name":"Shining Light","player_choice":"Ignored","floor":12.0,"gold_loss":0.0,"damage_taken":0.0},{"damage_healed":0.0,"max_hp_gain":0.0,"max_hp_loss":0.0,"gold_gain":0.0,"event_name":"Living Wall","player_choice":"Grow","floor":14.0,"gold_loss":0.0,"damage_taken":0.0,"cards_upgraded":["Darkness"]},{"damage_healed":0.0,"max_hp_gain":0.0,"max_hp_loss":0.0,"gold_gain":0.0,"cards_transformed":["Strike_B","Strike_B"],"event_name":"Drug Dealer","player_choice":"Became Test Subject","floor":19.0,"gold_loss":0.0,"damage_taken":0.0,"cards_obtained":["Static Discharge","Storm"]},{"damage_healed":0.0,"max_hp_gain":0.0,"max_hp_loss":0.0,"gold_gain":0.0,"event_name":"Masked Bandits","player_choice":"Fought Bandits","floor":20.0,"gold_loss":0.0,"damage_taken":0.0},{"damage_healed":0.0,"max_hp_gain":0.0,"max_hp_loss":0.0,"gold_gain":0.0,"event_name":"Back to Basics","player_choice":"Simplicity","floor":22.0,"gold_loss":0.0,"damage_taken":0.0,"cards_upgraded":["Strike_B","Defend_B","Defend_B","Defend_B","Defend_B"]},{"damage_healed":0,"gold_gain":0,"player_choice":"Obtained Relic","damage_taken":0,"relics_obtained":["Mercury Hourglass"],"max_hp_gain":0,"max_hp_loss":0,"event_name":"Addict","floor":31,"gold_loss":85},{"damage_healed":0,"gold_gain":0,"player_choice":"Ignored","damage_taken":0,"max_hp_gain":0,"max_hp_loss":0,"event_name":"Mysterious Sphere","floor":38,"gold_loss":0}],"is_beta":false,"boss_relics":[{"not_picked":["Eternal Feather","Pandora\u0027s Box"],"picked":"Sozu"},{"not_picked":["Calling Bell","Runic Pyramid"],"picked":"FrozenCore"}],"items_purged_floors":[21,37],"is_endless":false,"potions_floor_spawned":[5,8,11,16,24,25,28,30,35],"killed_by":"Maw","ascension_level":13}