{"gold_per_floor":[115,115,184,200,212,247,40,67,92,109,109,141,159,219,219,295,295,305,454,504,554,568,568,226,260,260,271,304,304,333,346,346,422,422,440,544,385,435,448,448,473,485,566,221,271,84,100,21,21,21],"floor_reached":51,"playtime":11761,"items_purged":["Defend_B","Defend_B","Bite"],"score":1188,"play_id":"230c45df-d66d-42fc-beb9-e81d3c8b4d12","local_time":"20190514100329","is_ascension_mode":true,"campfire_choices":[{"floor":11.0,"key":"REST"},{"data":"Apotheosis","floor":15.0,"key":"SMITH"},{"data":"Coolheaded","floor":23.0,"key":"SMITH"},{"data":"Consume","floor":29.0,"key":"SMITH"},{"data":"1","floor":32.0,"key":"LIFT"},{"data":"2","floor":40.0,"key":"LIFT"},{"data":"3","floor":49,"key":"LIFT"}],"neow_cost":"TEN_PERCENT_HP_LOSS","seed_source_timestamp":326928372965400,"circlet_count":0,"master_deck":["AscendersBane","Defend_B","Defend_B","Zap","Dualcast","Finesse","Apotheosis+1","Compile Driver","Sweeping Beam","Go for the Eyes","Coolheaded+1","Leap","Echo Form","Auto Shields","Steam","Genetic Algorithm","Core Surge","Cold Snap","Bite","Bite","Consume+1","Glacier","Multi-Cast","Go for the Eyes","Turbo+1","Biased Cognition","Reinforced Body+1","Redo+1","Purity+1","Capacitor","Rainbow+1","Fission+1","Flash of Steel","Flash of Steel"],"special_seed":0,"relics":["Cracked Core","SsserpentHead","Gambling Chip","Pantograph","Dream Catcher","Anchor","Vajra","Runic Dome","Membership Card","Orichalcum","Omamori","Ice Cream","Toxic Egg 2","Girya","Runic Pyramid","Bird Faced Urn","Runic Capacitor","Blood Vial","Bottled Flame","ClockworkSouvenir","Bottled Tornado","Bottled Lightning"],"potions_floor_usage":[50],"damage_taken":[{"damage":0.0,"enemies":"2 Louse","floor":1.0,"turns":2.0},{"damage":1.0,"enemies":"Cultist","floor":3.0,"turns":3.0},{"damage":2.0,"enemies":"Small Slimes","floor":4.0,"turns":3.0},{"damage":11.0,"enemies":"Looter","floor":5.0,"turns":3.0},{"damage":38.0,"enemies":"3 Sentries","floor":6.0,"turns":6.0},{"damage":3.0,"enemies":"Gremlin Nob","floor":8.0,"turns":4.0},{"damage":1.0,"enemies":"3 Louse","floor":10.0,"turns":3.0},{"damage":10.0,"enemies":"3 Sentries","floor":12.0,"turns":6.0},{"damage":8.0,"enemies":"Exordium Wildlife","floor":13.0,"turns":4.0},{"damage":0.0,"enemies":"Blue Slaver","floor":14.0,"turns":3.0},{"damage":19.0,"enemies":"The Guardian","floor":16.0,"turns":10.0},{"damage":2.0,"enemies":"Chosen","floor":18.0,"turns":5.0},{"damage":4.0,"enemies":"Spheric Guardian","floor":22.0,"turns":4.0},{"damage":34.0,"enemies":"Book of Stabbing","floor":25.0,"turns":10.0},{"damage":2.0,"enemies":"3 Cultists","floor":27.0,"turns":7.0},{"damage":6.0,"enemies":"Slavers","floor":28.0,"turns":9.0},{"damage":3.0,"enemies":"Book of Stabbing","floor":30.0,"turns":8.0},{"damage":20.0,"enemies":"Snake Plant","floor":31.0,"turns":4.0},{"damage":7.0,"enemies":"Champ","floor":33.0,"turns":12.0},{"damage":12.0,"enemies":"3 Shapes","floor":35.0,"turns":3.0},{"damage":4.0,"enemies":"2 Orb Walkers","floor":36.0,"turns":5.0},{"damage":22.0,"enemies":"3 Darklings","floor":39.0,"turns":4.0},{"damage":7.0,"enemies":"Reptomancer","floor":41.0,"turns":8.0},{"damage":1.0,"enemies":"Writhing Mass","floor":42.0,"turns":4.0},{"damage":16.0,"enemies":"Maw","floor":47.0,"turns":5.0},{"damage":14,"enemies":"Donu and Deca","floor":50,"turns":10}],"seed_played":"-7052708492944335401","potions_obtained":[{"floor":1.0,"key":"Strength Potion"},{"floor":6.0,"key":"Dexterity Potion"},{"floor":10.0,"key":"Block Potion"},{"floor":18.0,"key":"Energy Potion"},{"floor":25.0,"key":"Regen Potion"},{"floor":31.0,"key":"PowerPotion"},{"floor":35.0,"key":"Block Potion"},{"floor":42.0,"key":"Block Potion"},{"floor":47.0,"key":"FocusPotion"}],"is_trial":false,"path_per_floor":["M","?","M","M","M","E","$","E","T","M","R","E","M","M","R","B",null,"M","?","?","?","M","R","$","E","T","M","E","R","E","M","R","B",null,"M","?","$","?","M","R","E","M","T","$","?","$","M","$","R","B",null],"character_chosen":"DEFECT","items_purchased":["Pantograph","Membership Card","Orichalcum","Consume","Glacier","Runic Capacitor","Reinforced Body+1","Purity+1","ClockworkSouvenir","Capacitor","Rainbow+1","Fission+1","Bottled Tornado","Bottled Lightning"],"campfire_rested":1,"item_purchase_floors":[7,24,24,24,24,37,37,44,44,44,44,44,46,48],"current_hp_per_floor":[68,68,67,65,54,16,16,13,13,12,32,22,14,14,14,20,56,54,54,47,47,47,47,47,22,22,32,47,47,47,33,33,47,47,44,47,47,47,31,31,43,47,47,47,37,37,27,27,27,47],"gold":21,"neow_bonus":"RANDOM_COLORLESS_2","is_prod":false,"is_daily":false,"chose_seed":false,"campfire_upgraded":3,"win_rate":0,"timestamp":1557849809,"path_taken":["M","?","?","M","M","E","?","E","T","M","R","E","M","?","R","BOSS","M","?","?","?","M","R","$","E","T","M","E","R","E","M","R","BOSS","M","?","$","?","M","R","E","M","T","$","?","$","M","?","R","BOSS"],"build_version":"2019-01-23","purchased_purges":3,"victory":true,"max_hp_per_floor":[68,68,68,68,68,68,68,68,68,68,68,68,68,68,68,68,68,68,68,47,47,47,47,47,47,47,47,47,47,47,47,47,47,47,47,47,47,47,47,47,47,47,47,47,47,47,47,47,47,47],"card_choices":[{"not_picked":["Turbo","Barrage","Streamline"],"picked":"SKIP","floor":1.0},{"not_picked":["Rebound","Leap"],"picked":"Compile Driver","floor":3.0},{"not_picked":["Coolheaded","Chill"],"picked":"Sweeping Beam","floor":4.0},{"not_picked":["Hologram","Redo"],"picked":"Go for the Eyes","floor":5.0},{"not_picked":["Sweeping Beam","Skim"],"picked":"Coolheaded","floor":6.0},{"not_picked":["Sunder","Aggregate","Fusion"],"picked":"SKIP","floor":8.0},{"not_picked":["Hologram","Cold Snap"],"picked":"Leap","floor":10.0},{"not_picked":["Compile Driver","Tempest"],"picked":"Echo Form","floor":11.0},{"not_picked":["Sunder","Aggregate"],"picked":"Auto Shields","floor":12.0},{"not_picked":["Turbo","Cold Snap"],"picked":"Steam","floor":13.0},{"not_picked":["Leap","Conserve Battery"],"picked":"Genetic Algorithm","floor":14.0},{"not_picked":["Echo Form","Machine Learning"],"picked":"Core Surge","floor":16.0},{"not_picked":["Stack","Streamline"],"picked":"Cold Snap","floor":18.0},{"not_picked":["Gash","Go for the Eyes","Compile Driver"],"picked":"SKIP","floor":22.0},{"not_picked":["Melter","Steam"],"picked":"Multi-Cast","floor":25.0},{"not_picked":["Rebound","Sweeping Beam","Coolheaded+1"],"picked":"SKIP","floor":27.0},{"not_picked":["Sweeping Beam+1","Stack","Sunder"],"picked":"SKIP","floor":28.0},{"not_picked":["Storm","Ball Lightning"],"picked":"Go for the Eyes","floor":30.0},{"not_picked":["Scrape","Compile Driver"],"picked":"Turbo+1","floor":31.0},{"not_picked":["Core Surge","Rainbow+1"],"picked":"Biased Cognition","floor":33.0},{"not_picked":["Coolheaded+1","Sweeping Beam","Steam+1"],"picked":"SKIP","floor":35.0},{"not_picked":["Streamline","Hologram+1","Self Repair"],"picked":"SKIP","floor":39.0},{"not_picked":["Hologram+1","BootSequence+1"],"picked":"Redo+1","floor":41.0},{"not_picked":["Cold Snap","Ball Lightning","Static Discharge"],"picked":"SKIP","floor":42.0},{"not_picked":["Mayhem","Chrysalis+1"],"picked":"Flash of Steel","floor":45.0},{"not_picked":["Sadistic Nature","Dramatic Entrance"],"picked":"Flash of Steel","floor":45.0},{"not_picked":["Barrage+1","FTL","Steam+1"],"picked":"SKIP","floor":47.0}],"player_experience":670936,"relics_obtained":[{"floor":6.0,"key":"Gambling Chip"},{"floor":8.0,"key":"Dream Catcher"},{"floor":9.0,"key":"Anchor"},{"floor":12.0,"key":"Vajra"},{"floor":25.0,"key":"Omamori"},{"floor":26.0,"key":"Ice Cream"},{"floor":28.0,"key":"Toxic Egg 2"},{"floor":30.0,"key":"Girya"},{"floor":36.0,"key":"Bird Faced Urn"},{"floor":41.0,"key":"Blood Vial"},{"floor":43.0,"key":"Bottled Flame"}],"event_choices":[{"damage_healed":0.0,"max_hp_gain":0.0,"max_hp_loss":0.0,"gold_gain":0.0,"event_name":"FaceTrader","player_choice":"Trade","floor":2.0,"gold_loss":0.0,"damage_taken":0.0,"relics_obtained":["SsserpentHead"]},{"damage_healed":0.0,"max_hp_gain":0.0,"max_hp_loss":0.0,"gold_gain":99.0,"event_name":"Nest","player_choice":"Stole From Cult","floor":19.0,"gold_loss":0.0,"damage_taken":0.0},{"damage_healed":0.0,"max_hp_gain":0.0,"max_hp_loss":21.0,"gold_gain":0.0,"event_name":"Vampires","player_choice":"Became a vampire","floor":20.0,"gold_loss":0.0,"damage_taken":0.0,"cards_obtained":["Bite","Bite","Bite","Bite","Bite"]},{"cards_removed":["Bite"],"damage_healed":0.0,"max_hp_gain":0.0,"max_hp_loss":0.0,"gold_gain":0.0,"event_name":"Back to Basics","player_choice":"Elegance","floor":21.0,"gold_loss":0.0,"damage_taken":0.0},{"damage_healed":0.0,"max_hp_gain":0.0,"max_hp_loss":0.0,"gold_gain":0.0,"event_name":"Mysterious Sphere","player_choice":"Fight","floor":36.0,"gold_loss":0.0,"damage_taken":0.0},{"cards_removed":["Bite"],"damage_healed":0.0,"max_hp_gain":0.0,"max_hp_loss":0.0,"gold_gain":0.0,"event_name":"Falling","player_choice":"Removed Attack","floor":38.0,"gold_loss":0.0,"damage_taken":0.0},{"damage_healed":0.0,"max_hp_gain":0.0,"max_hp_loss":0.0,"gold_gain":0.0,"event_name":"SensoryStone","player_choice":"Memory 3","floor":45.0,"gold_loss":0.0,"damage_taken":10.0}],"is_beta":false,"boss_relics":[{"not_picked":["Orrery","Empty Cage"],"picked":"Runic Dome"},{"not_picked":["Black Star","Eternal Feather"],"picked":"Runic Pyramid"}],"items_purged_floors":[37,44,46],"is_endless":false,"potions_floor_spawned":[1,6,10,12,18,25,31,35,42,47],"ascension_level":13}