{"gold_per_floor":[109,128,128,143,143,174,174,204,229,229,242,255,180,180,180,180],"floor_reached":16,"playtime":1398,"items_purged":["Strike_B"],"score":149,"play_id":"11013f37-a12d-4c89-9830-0be348b8f376","local_time":"20190122211603","is_ascension_mode":true,"campfire_choices":[{"floor":7,"key":"REST"},{"data":"Genetic Algorithm","floor":10,"key":"SMITH"},{"data":"Consume","floor":15,"key":"SMITH"}],"neow_cost":"PERCENT_DAMAGE","seed_source_timestamp":456976202191400,"circlet_count":0,"master_deck":["Strike_B","Strike_B","Defend_B","Defend_B","Defend_B","Defend_B","Zap","Dualcast","Self Repair","Coolheaded","Ball Lightning","BootSequence","Genetic Algorithm+1","Consume+1","Genetic Algorithm"],"relics":["Cracked Core","Gambling Chip","Blood Vial","Omamori","Bag of Preparation","Pen Nib"],"potions_floor_usage":[8,16,16],"damage_taken":[{"damage":0,"enemies":"Small Slimes","floor":1,"turns":3},{"damage":8,"enemies":"Jaw Worm","floor":2,"turns":4},{"damage":5,"enemies":"2 Louse","floor":4,"turns":3},{"damage":29,"enemies":"3 Sentries","floor":6,"turns":8},{"damage":12,"enemies":"Lagavulin","floor":8,"turns":9},{"damage":9,"enemies":"Large Slime","floor":11,"turns":7},{"damage":8,"enemies":"Blue Slaver","floor":12,"turns":4},{"damage":52,"enemies":"Hexaghost","floor":16,"turns":14}],"seed_played":"-8172797499787392575","potions_obtained":[{"floor":1,"key":"FearPotion"},{"floor":2,"key":"Weak Potion"},{"floor":6,"key":"EssenceOfSteel"},{"floor":11,"key":"SkillPotion"}],"is_trial":false,"path_per_floor":["M","M","?","M","?","E","R","E","T","R","M","M","$","?","R","B"],"character_chosen":"DEFECT","items_purchased":[],"campfire_rested":1,"item_purchase_floors":[],"current_hp_per_floor":[50,49,49,53,46,26,48,45,45,45,45,46,46,46,46,0],"gold":180,"neow_bonus":"ONE_RARE_RELIC","is_prod":false,"is_daily":false,"chose_seed":false,"campfire_upgraded":2,"win_rate":0,"timestamp":1548216963,"path_taken":["M","M","?","M","?","E","R","E","T","R","M","M","$","?","R","BOSS"],"build_version":"2019-01-17v2","purchased_purges":1,"victory":false,"max_hp_per_floor":[75,75,75,75,75,75,75,75,75,75,75,75,75,75,75,75],"card_choices":[{"not_picked":["Cold Snap","Steam Power"],"picked":"Self Repair","floor":1},{"not_picked":["Ball Lightning","Barrage"],"picked":"Coolheaded","floor":2},{"not_picked":["Scrape","FTL"],"picked":"Ball Lightning","floor":4},{"not_picked":["Storm","Ball Lightning"],"picked":"BootSequence","floor":6},{"not_picked":["FTL","Barrage"],"picked":"Genetic Algorithm","floor":8},{"not_picked":["Streamline","Redo"],"picked":"Consume","floor":11},{"not_picked":["Streamline","Amplify"],"picked":"Genetic Algorithm","floor":12}],"player_experience":385909,"relics_obtained":[{"floor":6,"key":"Omamori"},{"floor":8,"key":"Bag of Preparation"},{"floor":9,"key":"Pen Nib"}],"event_choices":[{"damage_healed":0,"gold_gain":0,"player_choice":"Box","damage_taken":0,"relics_obtained":["Blood Vial"],"max_hp_gain":0,"max_hp_loss":0,"event_name":"Big Fish","floor":3,"gold_loss":0,"cards_obtained":["Regret"]},{"cards_removed":["Regret"],"damage_healed":0,"gold_gain":0,"player_choice":"Card Removal","damage_taken":7,"max_hp_gain":0,"max_hp_loss":0,"event_name":"Golden Wing","floor":5,"gold_loss":0},{"cards_removed":["Strike_B"],"damage_healed":0,"gold_gain":0,"player_choice":"Forget","damage_taken":0,"max_hp_gain":0,"max_hp_loss":0,"event_name":"Living Wall","floor":14,"gold_loss":0}],"is_beta":false,"boss_relics":[],"items_purged_floors":[13],"is_endless":false,"potions_floor_spawned":[1,2,6,11],"killed_by":"Hexaghost","ascension_level":7}