{"gold_per_floor":[118,136,136,81,93,93,104,104,104,118,43,43,76,91,91,164,164,183,183,197,197,216,249,249,262,310,310,310],"floor_reached":28,"playtime":2520,"items_purged":["Strike_B"],"score":444,"play_id":"af2131a7-801e-4b57-b7a6-4cb51592e571","local_time":"20190530141322","is_ascension_mode":true,"campfire_choices":[{"data":"Consume","floor":6.0,"key":"SMITH"},{"data":"Self Repair","floor":8.0,"key":"SMITH"},{"data":"Zap","floor":12.0,"key":"SMITH"},{"data":"Dualcast","floor":15.0,"key":"SMITH"},{"floor":24,"key":"REST"},{"floor":27,"key":"REST"}],"neow_cost":"NONE","seed_source_timestamp":0,"circlet_count":0,"master_deck":["AscendersBane","Strike_B","Strike_B","Strike_B","Defend_B","Defend_B","Defend_B","Defend_B","Zap+1","Dualcast+1","Self Repair+1","Cold Snap","Turbo","Consume+1","Auto Shields","Sweeping Beam","Go for the Eyes","Ball Lightning","Creative AI+1","Defragment","Capacitor"],"special_seed":0,"relics":["Cracked Core","FaceOfCleric","Anchor","Question Card","Fusion Hammer","Molten Egg 2","Potion Belt"],"potions_floor_usage":[18,23],"damage_taken":[{"damage":3.0,"enemies":"2 Louse","floor":1.0,"turns":2.0},{"damage":7.0,"enemies":"Cultist","floor":2.0,"turns":4.0},{"damage":12.0,"enemies":"Jaw Worm","floor":5.0,"turns":2.0},{"damage":15.0,"enemies":"Exordium Wildlife","floor":7.0,"turns":7.0},{"damage":0.0,"enemies":"Large Slime","floor":10.0,"turns":5.0},{"damage":19.0,"enemies":"3 Sentries","floor":13.0,"turns":6.0},{"damage":1.0,"enemies":"3 Louse","floor":14.0,"turns":3.0},{"damage":26.0,"enemies":"The Guardian","floor":16.0,"turns":13.0},{"damage":22,"enemies":"2 Thieves","floor":18,"turns":5},{"damage":17,"enemies":"3 Byrds","floor":20,"turns":4},{"damage":13,"enemies":"Snecko","floor":22,"turns":5},{"damage":8,"enemies":"Gremlin Leader","floor":23,"turns":6},{"damage":35,"enemies":"Sentry and Sphere","floor":25,"turns":6},{"damage":95,"enemies":"Slavers","floor":28,"turns":5}],"seed_played":"5504612831188443098","potions_obtained":[{"floor":1.0,"key":"Poison Potion"},{"floor":2.0,"key":"Swift Potion"},{"floor":13.0,"key":"Strength Potion"},{"floor":18,"key":"EssenceOfSteel"}],"is_trial":false,"path_per_floor":["M","M","?","$","M","R","M","R","T","M","$","R","E","M","R","B",null,"M","?","M","$","M","E","R","M","T","R","E"],"character_chosen":"DEFECT","items_purchased":["Turbo"],"campfire_rested":2,"item_purchase_floors":[4],"current_hp_per_floor":[68,68,68,68,64,64,57,57,57,68,68,68,60,70,70,55,77,66,66,60,60,58,61,87,63,63,89,0],"gold":310,"neow_bonus":"TEN_PERCENT_HP_BONUS","is_prod":false,"is_daily":false,"chose_seed":false,"campfire_upgraded":4,"win_rate":0,"timestamp":1559247202,"path_taken":["M","M","?","$","M","R","?","R","T","M","?","R","E","M","R","BOSS","M","?","?","$","M","E","R","M","T","R","E"],"build_version":"2019-01-23","purchased_purges":1,"victory":false,"max_hp_per_floor":[78,78,78,78,79,79,80,80,80,81,81,81,82,83,83,84,84,85,85,86,86,87,88,88,89,89,89,89],"card_choices":[{"not_picked":["Conserve Battery","Blizzard"],"picked":"Self Repair","floor":1.0},{"not_picked":["Sweeping Beam","Conserve Battery"],"picked":"Cold Snap","floor":2.0},{"not_picked":["Barrage","Turbo"],"picked":"Consume","floor":5.0},{"not_picked":["Redo","Consume"],"picked":"Auto Shields","floor":7.0},{"not_picked":["Consume","Steam Power"],"picked":"Sweeping Beam","floor":10.0},{"not_picked":["Stack","Conserve Battery"],"picked":"Go for the Eyes","floor":13.0},{"not_picked":["Thunder Strike","Rebound","Self Repair"],"picked":"Ball Lightning","floor":14.0},{"not_picked":["Meteor Strike","Buffer","Electrodynamics"],"picked":"Creative AI","floor":16.0},{"not_picked":["Cold Snap","Go for the Eyes","Hologram","Barrage"],"picked":"SKIP","floor":18},{"not_picked":["Consume","Cold Snap","Turbo","Meteor Strike"],"picked":"SKIP","floor":20},{"not_picked":["Beam Cell","Leap","Compile Driver"],"picked":"Defragment","floor":22},{"not_picked":["Leap","Chaos","Beam Cell"],"picked":"Capacitor","floor":23},{"not_picked":["Fusion","Sweeping Beam+1","Beam Cell+1","Redo"],"picked":"SKIP","floor":25}],"player_experience":826379,"relics_obtained":[{"floor":9.0,"key":"Anchor"},{"floor":13.0,"key":"Question Card"},{"floor":23,"key":"Molten Egg 2"},{"floor":26,"key":"Potion Belt"}],"event_choices":[{"damage_healed":0.0,"max_hp_gain":0.0,"max_hp_loss":0.0,"gold_gain":0.0,"event_name":"FaceTrader","player_choice":"Trade","floor":3.0,"gold_loss":0.0,"damage_taken":0.0,"relics_obtained":["FaceOfCleric"]},{"damage_healed":0,"gold_gain":0,"player_choice":"Upgraded","damage_taken":0,"max_hp_gain":0,"max_hp_loss":0,"event_name":"Upgrade Shrine","floor":19,"gold_loss":0,"cards_upgraded":["Creative AI"]}],"is_beta":false,"boss_relics":[{"not_picked":["FrozenCore","Empty Cage"],"picked":"Fusion Hammer"}],"items_purged_floors":[11],"is_endless":false,"potions_floor_spawned":[1,2,13,18],"killed_by":"Slavers","ascension_level":17}