{"gold_per_floor":[117,117,128,128,128,128,48,59,59,77,77,100,100,25,25,155,155,171,192,192],"floor_reached":20,"playtime":2848,"items_purged":["Strike_B"],"score":246,"play_id":"3d90bce4-42a2-4e6f-841d-55bc142c25e1","local_time":"20190404071142","is_ascension_mode":true,"campfire_choices":[{"data":"Redo","floor":13,"key":"SMITH"},{"data":"Conserve Battery","floor":15,"key":"SMITH"}],"neow_cost":"TEN_PERCENT_HP_LOSS","seed_source_timestamp":1093422259400,"circlet_count":0,"master_deck":["AscendersBane","Strike_B","Defend_B+1","Defend_B","Defend_B","Defend_B+1","Zap+1","Dualcast","Conserve Battery+1","Self Repair","Capacitor","Loop+1","Redo+1","Echo Form+1","Storm+1"],"relics":["Cracked Core","Matryoshka","Ornamental Fan","Frozen Egg 2","Ancient Tea Set","Golden Idol","Sozu"],"potions_floor_usage":[16,16],"damage_taken":[{"damage":7,"enemies":"2 Louse","floor":1,"turns":2},{"damage":0,"enemies":"Cultist","floor":3,"turns":3},{"damage":0,"enemies":"Small Slimes","floor":8,"turns":3},{"damage":6,"enemies":"2 Fungi Beasts","floor":10,"turns":5},{"damage":1,"enemies":"Looter","floor":12,"turns":4},{"damage":34,"enemies":"Slime Boss","floor":16,"turns":13},{"damage":21,"enemies":"Chosen","floor":18,"turns":7},{"damage":34,"enemies":"Spheric Guardian","floor":19,"turns":6},{"damage":29,"enemies":"Shelled Parasite and Fungi","floor":20,"turns":3}],"seed_played":"-3982024912920740430","potions_obtained":[{"floor":1,"key":"LiquidBronze"},{"floor":10,"key":"Poison Potion"},{"floor":12,"key":"SkillPotion"},{"floor":16,"key":"FocusPotion"}],"is_trial":false,"path_per_floor":["M","?","M","T","?","?","$","M","T","M","?","M","R","$","R","B",null,"M","M","M"],"character_chosen":"DEFECT","items_purchased":["Self Repair"],"campfire_rested":0,"item_purchase_floors":[7],"current_hp_per_floor":[61,61,61,61,54,40,40,47,47,48,31,37,37,37,37,10,54,47,27,0],"gold":192,"neow_bonus":"REMOVE_TWO","is_prod":false,"is_daily":false,"chose_seed":false,"campfire_upgraded":2,"win_rate":0,"timestamp":1554383502,"path_taken":["M","?","?","?","?","?","?","M","T","M","?","M","R","$","R","BOSS","M","M","M"],"build_version":"2019-01-23","purchased_purges":1,"victory":false,"max_hp_per_floor":[68,68,68,68,68,68,68,68,68,68,68,68,68,68,68,68,68,68,68,68],"card_choices":[{"not_picked":["Heatsinks","Stack","Rebound"],"picked":"SKIP","floor":1},{"not_picked":["Blizzard","Ball Lightning"],"picked":"Conserve Battery","floor":3},{"not_picked":["Reprogram","FTL"],"picked":"Capacitor","floor":8},{"not_picked":["Steam Power","Hello World+1"],"picked":"Loop+1","floor":10},{"not_picked":["Melter","Double Energy"],"picked":"Redo","floor":12},{"not_picked":["Meteor Strike","Machine Learning+1"],"picked":"Echo Form+1","floor":16},{"not_picked":["Conserve Battery","Steam+1","Double Energy"],"picked":"SKIP","floor":18},{"not_picked":["Redo+1","Streamline"],"picked":"Storm+1","floor":19}],"player_experience":549054,"relics_obtained":[{"floor":4,"key":"Matryoshka"},{"floor":9,"key":"Frozen Egg 2"},{"floor":9,"key":"Ancient Tea Set"}],"event_choices":[{"damage_healed":0,"gold_gain":0,"player_choice":"Upgraded","damage_taken":0,"max_hp_gain":0,"max_hp_loss":0,"event_name":"Upgrade Shrine","floor":2,"gold_loss":0,"cards_upgraded":["Zap"]},{"damage_healed":0,"gold_gain":0,"player_choice":"Success","damage_taken":7,"relics_obtained":["Ornamental Fan"],"max_hp_gain":0,"max_hp_loss":0,"event_name":"Scrap Ooze","floor":5,"gold_loss":0},{"damage_healed":0,"gold_gain":0,"player_choice":"Entered Light","damage_taken":14,"max_hp_gain":0,"max_hp_loss":0,"event_name":"Shining Light","floor":6,"gold_loss":0,"cards_upgraded":["Defend_B","Defend_B"]},{"damage_healed":0,"gold_gain":0,"player_choice":"Take Damage","damage_taken":17,"relics_obtained":["Golden Idol"],"max_hp_gain":0,"max_hp_loss":0,"event_name":"Golden Idol","floor":11,"gold_loss":0}],"is_beta":false,"boss_relics":[{"not_picked":["Snecko Eye","Astrolabe"],"picked":"Sozu"}],"items_purged_floors":[14],"is_endless":false,"potions_floor_spawned":[1,10,12,16,19],"killed_by":"Shelled Parasite and Fungi","ascension_level":10}