{"gold_per_floor":[113,113,125,136,136,136,171,171,171,171,185,185,214,214,214,318,318,334,334,348,364,136,136],"floor_reached":23,"playtime":891,"items_purged":["Regret"],"score":211,"play_id":"62e7b5b6-0bd9-43e9-8c5b-a1ef671ecc52","local_time":"20190406130756","is_ascension_mode":true,"campfire_choices":[{"data":"Clothesline","floor":6,"key":"SMITH"},{"data":"Bludgeon","floor":8,"key":"SMITH"},{"data":"Bash","floor":10,"key":"SMITH"},{"floor":15,"key":"REST"}],"neow_cost":"NONE","seed_source_timestamp":748508932965716,"circlet_count":0,"master_deck":["Bash+1","Clothesline+1","Uppercut+1","Bludgeon+1","Feed","Sword Boomerang","Disarm","Battle Trance","Anger","Thunderclap","Pommel Strike","Feel No Pain","Shrug It Off","RitualDagger","Armaments+1"],"relics":["Burning Blood","NeowsBlessing","Matryoshka","StoneCalendar","Paper Frog","Bottled Flame","Nunchaku","Pandora\u0027s Box","Anchor"],"potions_floor_usage":[14],"damage_taken":[{"damage":0,"enemies":"Jaw Worm","floor":1,"turns":1},{"damage":0,"enemies":"Cultist","floor":3,"turns":1},{"damage":0,"enemies":"2 Louse","floor":4,"turns":1},{"damage":52,"enemies":"Lagavulin","floor":7,"turns":7},{"damage":10,"enemies":"Looter","floor":11,"turns":2},{"damage":28,"enemies":"3 Sentries","floor":13,"turns":6},{"damage":0,"enemies":"Exordium Thugs","floor":14,"turns":1},{"damage":25,"enemies":"Hexaghost","floor":16,"turns":8},{"damage":13,"enemies":"Spheric Guardian","floor":18,"turns":3},{"damage":2,"enemies":"Chosen","floor":20,"turns":4},{"damage":33,"enemies":"Centurion and Healer","floor":21,"turns":5},{"damage":44,"enemies":"Slavers","floor":23,"turns":6}],"seed_played":"1418579590459030557","potions_obtained":[{"floor":1,"key":"SmokeBomb"},{"floor":13,"key":"Explosive Potion"},{"floor":18,"key":"Explosive Potion"}],"is_trial":false,"path_per_floor":["M","?","M","M","?","R","E","R","T","R","M","?","E","M","R","B",null,"M","?","M","M","$","E"],"character_chosen":"IRONCLAD","items_purchased":["Anchor"],"campfire_rested":1,"item_purchase_floors":[22],"current_hp_per_floor":[80,80,80,80,80,80,34,34,34,34,30,30,8,14,38,19,80,73,67,71,44,44,0],"gold":136,"neow_bonus":"THREE_ENEMY_KILL","is_prod":false,"is_daily":false,"chose_seed":false,"campfire_upgraded":3,"win_rate":0,"timestamp":1554577676,"path_taken":["M","?","M","?","?","R","E","R","T","R","M","?","E","?","R","BOSS","M","?","M","M","$","E"],"build_version":"2019-01-23","purchased_purges":1,"victory":false,"max_hp_per_floor":[80,80,80,80,80,80,80,80,80,80,80,80,80,80,80,80,80,80,80,80,80,80,80],"card_choices":[{"not_picked":["Metallicize","Perfected Strike"],"picked":"Clothesline","floor":1},{"not_picked":["Pommel Strike","Shockwave"],"picked":"Uppercut","floor":3},{"not_picked":["Heavy Blade","Flex","Body Slam"],"picked":"SKIP","floor":4},{"not_picked":["Thunderclap","Warcry"],"picked":"Bludgeon","floor":7},{"not_picked":["Perfected Strike","Burning Pact","True Grit"],"picked":"SKIP","floor":11},{"not_picked":["Burning Pact","Havoc","Dropkick"],"picked":"SKIP","floor":13},{"not_picked":["Clash","Bloodletting"],"picked":"Shrug It Off","floor":18},{"not_picked":["Heavy Blade+1","Pommel Strike","Iron Wave"],"picked":"SKIP","floor":20},{"not_picked":["Wild Strike","Pummel"],"picked":"Armaments+1","floor":21}],"player_experience":470403,"relics_obtained":[{"floor":7,"key":"StoneCalendar"},{"floor":9,"key":"Paper Frog"},{"floor":9,"key":"Bottled Flame"},{"floor":13,"key":"Nunchaku"}],"event_choices":[{"cards_removed":["Strike_R"],"damage_healed":0,"gold_gain":0,"player_choice":"Offered Basic","damage_taken":0,"max_hp_gain":0,"max_hp_loss":0,"event_name":"Bonfire Elementals","floor":2,"gold_loss":0},{"damage_healed":0,"gold_gain":0,"player_choice":"Box","damage_taken":0,"relics_obtained":["Matryoshka"],"max_hp_gain":0,"max_hp_loss":0,"event_name":"Big Fish","floor":5,"gold_loss":0,"cards_obtained":["Regret"]},{"damage_healed":0,"gold_gain":0,"player_choice":"Upgraded","damage_taken":0,"max_hp_gain":0,"max_hp_loss":0,"event_name":"Upgrade Shrine","floor":12,"gold_loss":0,"cards_upgraded":["Uppercut"]},{"damage_healed":0,"gold_gain":0,"player_choice":"Joined the Cult","damage_taken":6,"max_hp_gain":0,"max_hp_loss":0,"event_name":"Nest","floor":19,"gold_loss":0,"cards_obtained":["RitualDagger"]}],"is_beta":false,"boss_relics":[{"not_picked":["Philosopher\u0027s Stone","White Beast Statue"],"picked":"Pandora\u0027s Box"}],"items_purged_floors":[22],"is_endless":false,"potions_floor_spawned":[1,13,14,18],"killed_by":"Slavers","ascension_level":1}