{"gold_per_floor":[117,117,137,62,62,62,86,125,173,204,27,58,91,110,110,235,235,260,260,260,175,190,190,208,243,291,291,320,350,374,414,426,534,546,578,690,717,562,562,589,606,619,619,645,645,645,672,685,685,685,685,685,47,77,77],"floor_reached":56,"playtime":9980,"items_purged":["Shame","Cloak And Dagger","Survivor"],"score":1572,"play_id":"facd5cba-6739-4e08-9ec0-001bdfd4c232","local_time":"20190603110247","is_ascension_mode":true,"campfire_choices":[{"floor":6,"key":"REST"},{"floor":15,"key":"REST"},{"data":"A Thousand Cuts","floor":23,"key":"SMITH"},{"data":"Concentrate","floor":27,"key":"SMITH"},{"data":"Adrenaline","floor":32,"key":"SMITH"},{"floor":46,"key":"RECALL"},{"floor":49,"key":"REST"},{"floor":52,"key":"REST"}],"neow_cost":"CURSE","seed_source_timestamp":388293058190922,"circlet_count":0,"master_deck":["Neutralize","Deflect","Masterful Stab","Dagger Throw+1","PiercingWail","Deflect","Backflip","Master of Strategy","Concentrate","Predator","Adrenaline+1","Well Laid Plans","A Thousand Cuts+1","Escape Plan","Wraith Form v2","Venomology","Doppelganger","Malaise","Concentrate+1","Poisoned Stab","Bouncing Flask+1","Prepared+1","Cloak And Dagger+1","Prepared+1","Outmaneuver+1","Deadly Poison+1","Backstab+1","Envenom","Acrobatics+1","Acrobatics+1","Catalyst+1","Impatience+1","Impatience+1","Prepared+1","Phantasmal Killer+1","Catalyst+1","Prepared+1"],"relics":["Ring of the Snake","Ancient Tea Set","Bloody Idol","Bronze Scales","Whetstone","Tough Bandages","Art of War","Odd Mushroom","Pandora\u0027s Box","Toxic Egg 2","Smiling Mask","MawBank","Bag of Preparation","Fusion Hammer","Incense Burner","The Courier","Du-Vu Doll","Ornamental Fan","Snake Skull","DollysMirror","Centennial Puzzle","Sundial","Anchor","Happy Flower"],"potions_floor_usage":[8,16,22,24,25,25,28,28,30,31,31,33,33,35,37,40,41,42,44,47,48,50,54,54,55,55],"damage_taken":[{"damage":0,"enemies":"Jaw Worm","floor":1,"turns":4},{"damage":0,"enemies":"Small Slimes","floor":3,"turns":2},{"damage":0,"enemies":"2 Louse","floor":7,"turns":3},{"damage":11,"enemies":"3 Sentries","floor":8,"turns":10},{"damage":15,"enemies":"Lagavulin","floor":10,"turns":7},{"damage":10,"enemies":"Gremlin Nob","floor":12,"turns":4},{"damage":0,"enemies":"The Mushroom Lair","floor":13,"turns":3},{"damage":0,"enemies":"Looter","floor":14,"turns":2},{"damage":18,"enemies":"Hexaghost","floor":16,"turns":9},{"damage":0,"enemies":"3 Byrds","floor":18,"turns":2},{"damage":0,"enemies":"2 Thieves","floor":22,"turns":3},{"damage":4,"enemies":"Shelled Parasite and Fungi","floor":24,"turns":4},{"damage":29,"enemies":"Slavers","floor":25,"turns":5},{"damage":0,"enemies":"Gremlin Leader","floor":28,"turns":5},{"damage":0,"enemies":"Cultist and Chosen","floor":29,"turns":4},{"damage":0,"enemies":"Snecko","floor":30,"turns":4},{"damage":0,"enemies":"Book of Stabbing","floor":31,"turns":3},{"damage":31,"enemies":"Automaton","floor":33,"turns":8},{"damage":12,"enemies":"3 Darklings","floor":35,"turns":3},{"damage":18,"enemies":"Mind Bloom Boss Battle","floor":36,"turns":5},{"damage":0,"enemies":"3 Shapes","floor":37,"turns":2},{"damage":0,"enemies":"Nemesis","floor":40,"turns":5},{"damage":0,"enemies":"Spire Growth","floor":41,"turns":2},{"damage":0,"enemies":"4 Shapes","floor":42,"turns":3},{"damage":0,"enemies":"Giant Head","floor":44,"turns":5},{"damage":0,"enemies":"Reptomancer","floor":47,"turns":3},{"damage":0,"enemies":"Sphere and 2 Shapes","floor":48,"turns":4},{"damage":29,"enemies":"Time Eater","floor":50,"turns":8},{"damage":0,"enemies":"Shield and Spear","floor":54,"turns":3},{"damage":3,"enemies":"The Heart","floor":55,"turns":5}],"seed_played":"-5414587742628207838","potions_obtained":[{"floor":1,"key":"FearPotion"},{"floor":3,"key":"Poison Potion"},{"floor":8,"key":"SkillPotion"},{"floor":14,"key":"Block Potion"},{"floor":24,"key":"GhostInAJar"},{"floor":31,"key":"SpeedPotion"},{"floor":40,"key":"Strength Potion"},{"floor":48,"key":"Swift Potion"}],"is_trial":false,"path_per_floor":["?","?","?","?","?","?","M","M","?","?","M","?"],"character_chosen":"THE_SILENT","items_purchased":["Master of Strategy","Catalyst+1","Impatience+1","DollysMirror","Centennial Puzzle","Sundial","Anchor"],"campfire_rested":4,"item_purchase_floors":[11,38,38,53,53,53,53],"current_hp_per_floor":[70,63,63,63,46,67,67,56,56,41,41,31,31,31,52,34,70,70,70,70,70,70,70,70,46,51,51,56,66,70,70,70,44,70,63,55,65,70,70,70,70,70,70,70,70,70,70,70,70,41,70,70,70,70,67],"gold":77,"neow_bonus":"TRANSFORM_TWO_CARDS","is_prod":false,"is_daily":false,"chose_seed":false,"campfire_upgraded":3,"win_rate":0,"timestamp":1559588567,"path_taken":["M","?","M","$","?","R","M","E","T","E","$","E","?","M","R","BOSS","M","?","?","?","?","R","M","E","T","R","E","?","M","E","R","BOSS","M","?","M","$","?","E","?","M","T","E","?","R","E","M","R","BOSS","R","$","E","BOSS"],"build_version":"2019-01-23","purchased_purges":3,"victory":true,"max_hp_per_floor":[70,70,70,70,70,70,70,70,70,70,70,70,70,70,70,70,70,70,70,70,70,70,70,70,70,70,70,70,70,70,70,70,70,70,70,70,70,70,70,70,70,70,70,70,70,70,70,70,70,70,70,70,70,70,70],"card_choices":[{"not_picked":["Leg Sweep","Eviscerate"],"picked":"Dagger Throw","floor":1},{"not_picked":["Terror","Outmaneuver"],"picked":"PiercingWail","floor":3},{"not_picked":["Dodge and Roll","Calculated Gamble"],"picked":"Deflect","floor":7},{"not_picked":["Deadly Poison","Blade Dance"],"picked":"Backflip","floor":8},{"not_picked":["Terror","Dodge and Roll","Distraction"],"picked":"SKIP","floor":10},{"not_picked":["Acrobatics","Flying Knee"],"picked":"Cloak And Dagger","floor":12},{"not_picked":["Bane","Slice"],"picked":"Concentrate","floor":13},{"not_picked":["Caltrops","PiercingWail"],"picked":"Predator","floor":14},{"not_picked":["Burst","Glass Knife"],"picked":"Adrenaline","floor":16},{"not_picked":["Calculated Gamble","Setup"],"picked":"Poisoned Stab","floor":18},{"not_picked":["Blade Dance+1","Noxious Fumes"],"picked":"Bouncing Flask+1","floor":22},{"not_picked":["Dodge and Roll+1","Outmaneuver+1"],"picked":"Prepared+1","floor":24},{"not_picked":["Acrobatics+1","Escape Plan+1"],"picked":"Cloak And Dagger+1","floor":25},{"not_picked":["Deflect+1","Expertise+1"],"picked":"Prepared+1","floor":28},{"not_picked":["Quick Slash+1","Masterful Stab"],"picked":"Outmaneuver+1","floor":29},{"not_picked":["Riddle With Holes","Finisher"],"picked":"Deadly Poison+1","floor":30},{"not_picked":["Predator","PiercingWail+1"],"picked":"Backstab+1","floor":31},{"not_picked":["Storm of Steel+1","Phantasmal Killer+1"],"picked":"Envenom","floor":33},{"not_picked":["Dagger Throw","Dagger Spray"],"picked":"Acrobatics+1","floor":35},{"not_picked":["PiercingWail+1","Underhanded Strike"],"picked":"Acrobatics+1","floor":36},{"not_picked":["Sucker Punch","Dagger Spray+1","Deadly Poison+1"],"picked":"SKIP","floor":37},{"not_picked":["Purity+1","Magnetism"],"picked":"Impatience+1","floor":39},{"not_picked":["Deflect+1","Underhanded Strike+1"],"picked":"Prepared+1","floor":40},{"not_picked":["Quick Slash+1","Caltrops+1","PiercingWail+1"],"picked":"SKIP","floor":41},{"not_picked":["Dagger Spray","Noxious Fumes+1"],"picked":"Phantasmal Killer+1","floor":42},{"not_picked":["Sucker Punch+1","Doppelganger+1","Dagger Spray"],"picked":"SKIP","floor":44},{"not_picked":["Bane+1","Die Die Die"],"picked":"Catalyst+1","floor":47},{"not_picked":["Dagger Spray+1","Deflect+1","PiercingWail+1"],"picked":"SKIP","floor":48},{"not_picked":["Backstab","Skewer+1","Quick Slash+1"],"picked":"SKIP","floor":54}],"player_experience":114831,"relics_obtained":[{"floor":8,"key":"Bronze Scales"},{"floor":9,"key":"Whetstone"},{"floor":10,"key":"Tough Bandages"},{"floor":12,"key":"Art of War"},{"floor":13,"key":"Odd Mushroom"},{"floor":25,"key":"Smiling Mask"},{"floor":28,"key":"MawBank"},{"floor":31,"key":"Bag of Preparation"},{"floor":36,"key":"Incense Burner"},{"floor":40,"key":"The Courier"},{"floor":43,"key":"Du-Vu Doll"},{"floor":44,"key":"Ornamental Fan"},{"floor":47,"key":"Snake Skull"},{"floor":54,"key":"Happy Flower"}],"event_choices":[{"damage_healed":0,"gold_gain":0,"player_choice":"Success","damage_taken":7,"relics_obtained":["Ancient Tea Set"],"max_hp_gain":0,"max_hp_loss":0,"event_name":"Scrap Ooze","floor":2,"gold_loss":0},{"damage_healed":0,"gold_gain":0,"player_choice":"Take Damage","damage_taken":17,"relics_obtained":["Golden Idol"],"max_hp_gain":0,"max_hp_loss":0,"event_name":"Golden Idol","floor":5,"gold_loss":0},{"damage_healed":0,"gold_gain":0,"player_choice":"Fought Mushrooms","damage_taken":0,"max_hp_gain":0,"max_hp_loss":0,"event_name":"Mushrooms","floor":13,"gold_loss":0},{"damage_healed":0,"gold_gain":0,"player_choice":"Ignored","damage_taken":0,"max_hp_gain":0,"max_hp_loss":0,"event_name":"Vampires","floor":19,"gold_loss":0},{"damage_healed":0,"gold_gain":0,"player_choice":"Gave Idol","damage_taken":0,"relics_obtained":["Bloody Idol"],"max_hp_gain":0,"max_hp_loss":0,"event_name":"Forgotten Altar","floor":20,"relics_lost":["Golden Idol"],"gold_loss":0},{"damage_healed":0,"gold_gain":0,"player_choice":"Obtained Relic","damage_taken":0,"relics_obtained":["Toxic Egg 2"],"max_hp_gain":0,"max_hp_loss":0,"event_name":"Addict","floor":21,"gold_loss":85},{"damage_healed":0,"gold_gain":0,"player_choice":"Fight","damage_taken":0,"max_hp_gain":0,"max_hp_loss":0,"event_name":"MindBloom","floor":36,"gold_loss":0},{"damage_healed":0,"gold_gain":0,"player_choice":"Memory 1","damage_taken":0,"max_hp_gain":0,"max_hp_loss":0,"event_name":"SensoryStone","floor":39,"gold_loss":0},{"damage_healed":0,"gold_gain":0,"player_choice":"Ignored","damage_taken":0,"max_hp_gain":0,"max_hp_loss":0,"event_name":"Tomb of Lord Red Mask","floor":45,"gold_loss":0}],"is_beta":false,"boss_relics":[{"not_picked":["Ring of the Serpent","Sozu"],"picked":"Pandora\u0027s Box"},{"not_picked":["Eternal Feather","Orrery"],"picked":"Fusion Hammer"}],"items_purged_floors":[4,38,53],"is_endless":false,"potions_floor_spawned":[1,3,8,14,18,24,29,30,31,40,41,47,48],"ascension_level":1}