{"gold_per_floor":[115,23,53,53,53,53,84,104,104,123,154,154,182,202,202,202],"floor_reached":16,"playtime":366,"items_purged":[],"score":279,"play_id":"4483183d-0273-4e11-a5bb-eba392c34612","local_time":"20190525143950","is_ascension_mode":true,"campfire_choices":[{"data":"Cleave","floor":6,"key":"SMITH"},{"floor":12,"key":"DIG"},{"floor":15,"key":"DIG"}],"neow_cost":"NONE","seed_source_timestamp":48629726058744,"circlet_count":0,"master_deck":["AscendersBane","Strike_R","Strike_R","Strike_R","Strike_R","Strike_R","Defend_R","Defend_R","Defend_R","Defend_R","Bash","Cleave+1","Bandage Up","Regret","Shrug It Off","Headbutt"],"relics":["Burning Blood","NeowsBlessing","Tiny Chest","Shovel","Sundial","Oddly Smooth Stone","Bronze Scales","Dream Catcher","Red Skull"],"potions_floor_usage":[11,13],"damage_taken":[{"damage":0,"enemies":"Cultist","floor":1,"turns":1},{"damage":0,"enemies":"Gremlin Nob","floor":7,"turns":1},{"damage":0,"enemies":"Small Slimes","floor":8,"turns":1},{"damage":18,"enemies":"Jaw Worm","floor":10,"turns":5},{"damage":29,"enemies":"3 Sentries","floor":11,"turns":10},{"damage":46,"enemies":"Lagavulin","floor":13,"turns":7},{"damage":0,"enemies":"Lots of Slimes","floor":14,"turns":2},{"damage":34,"enemies":"Slime Boss","floor":16,"turns":7}],"seed_played":"9183425778208583758","potions_obtained":[{"floor":1,"key":"Dexterity Potion"},{"floor":7,"key":"EssenceOfSteel"}],"is_trial":false,"path_per_floor":["M","$","?","$","$","R","E","M","T","M","E","R","E","M","R","B"],"character_chosen":"IRONCLAD","items_purchased":["Bandage Up"],"campfire_rested":0,"item_purchase_floors":[2],"current_hp_per_floor":[74,74,74,74,74,74,75,75,75,65,46,46,10,20,20,0],"gold":202,"neow_bonus":"THREE_ENEMY_KILL","is_prod":false,"is_daily":false,"chose_seed":false,"campfire_upgraded":1,"win_rate":0,"timestamp":1558816790,"path_taken":["M","?","?","?","$","R","E","M","T","?","E","R","E","M","R","BOSS"],"build_version":"2019-01-23","purchased_purges":0,"victory":false,"max_hp_per_floor":[75,75,75,75,75,75,75,75,75,75,75,75,75,75,75,75],"card_choices":[{"not_picked":["Corruption","Second Wind"],"picked":"Cleave","floor":1},{"not_picked":["Flex","Cleave","Pummel"],"picked":"SKIP","floor":7},{"not_picked":["Wild Strike","Armaments","Iron Wave"],"picked":"SKIP","floor":8},{"not_picked":["Second Wind","Clash"],"picked":"Shrug It Off","floor":10},{"not_picked":["Bloodletting","Corruption","Searing Blow"],"picked":"SKIP","floor":11},{"not_picked":["Searing Blow","Bludgeon","Headbutt"],"picked":"SKIP","floor":13},{"not_picked":["Heavy Blade","Cleave"],"picked":"Headbutt","floor":14}],"player_experience":609132,"relics_obtained":[{"floor":7,"key":"Shovel"},{"floor":9,"key":"Sundial"},{"floor":11,"key":"Oddly Smooth Stone"},{"floor":12,"key":"Bronze Scales"},{"floor":13,"key":"Dream Catcher"},{"floor":15,"key":"Red Skull"}],"event_choices":[{"damage_healed":0,"gold_gain":0,"player_choice":"Box","damage_taken":0,"relics_obtained":["Tiny Chest"],"max_hp_gain":0,"max_hp_loss":0,"event_name":"Big Fish","floor":3,"gold_loss":0,"cards_obtained":["Regret"]}],"is_beta":false,"boss_relics":[],"items_purged_floors":[],"is_endless":false,"potions_floor_spawned":[1,7],"killed_by":"Slime Boss","ascension_level":19}