{"gold_per_floor":[362,376,526,601,51,51,23,352,378,378,378,46,46,62,62,137,137,137],"floor_reached":18,"playtime":386,"items_purged":["Doubt"],"score":402,"play_id":"87335b7b-c0a0-416b-a656-572106bbc720","local_time":"20190526113943","is_ascension_mode":true,"campfire_choices":[{"data":"Hemokinesis","floor":6,"key":"SMITH"},{"data":"True Grit","floor":10,"key":"SMITH"},{"data":"Bash","floor":13,"key":"SMITH"},{"data":"Shrug It Off","floor":15,"key":"SMITH"}],"neow_cost":"PERCENT_DAMAGE","seed_source_timestamp":73363151997526,"circlet_count":0,"master_deck":["AscendersBane","Strike_R","Strike_R","Strike_R","Strike_R","Strike_R","Defend_R","Defend_R","Defend_R","Defend_R","Bash+1","Hemokinesis+1","Pommel Strike+1","Impervious","True Grit+1","Shrug It Off+1","Impervious"],"relics":["Burning Blood","Brimstone","Oddly Smooth Stone","Old Coin","Happy Flower","StoneCalendar","Eternal Feather"],"potions_floor_usage":[],"damage_taken":[{"damage":7,"enemies":"Small Slimes","floor":1,"turns":5},{"damage":14,"enemies":"2 Louse","floor":2,"turns":3},{"damage":12,"enemies":"Gremlin Nob","floor":8,"turns":3},{"damage":2,"enemies":"Cultist","floor":14,"turns":2},{"damage":4,"enemies":"Slime Boss","floor":16,"turns":7},{"damage":66,"enemies":"3 Byrds","floor":18,"turns":4}],"seed_played":"2339477251543263938","potions_obtained":[{"floor":2,"key":"Swift Potion"},{"floor":8,"key":"Ancient Potion"}],"is_trial":false,"path_per_floor":["M","M","?","?","$","R","$","E","T","R","?","$","R","M","R","B",null,"M"],"character_chosen":"IRONCLAD","items_purchased":["Brimstone","Impervious","Oddly Smooth Stone","True Grit","StoneCalendar"],"campfire_rested":0,"item_purchase_floors":[5,5,5,7,12],"current_hp_per_floor":[49,41,41,30,30,30,30,24,24,24,24,24,24,28,28,30,64,0],"gold":137,"neow_bonus":"TWO_FIFTY_GOLD","is_prod":false,"is_daily":false,"chose_seed":false,"campfire_upgraded":4,"win_rate":0,"timestamp":1558892383,"path_taken":["M","M","?","?","$","R","$","E","T","R","?","?","R","M","R","BOSS","M"],"build_version":"2019-01-23","purchased_purges":1,"victory":false,"max_hp_per_floor":[75,75,75,75,75,75,75,75,75,75,75,75,75,75,75,75,75,75],"card_choices":[{"not_picked":["Anger","Clash"],"picked":"Hemokinesis","floor":1},{"not_picked":["Twin Strike","Metallicize"],"picked":"Pommel Strike","floor":2},{"not_picked":["Warcry","Uppercut","Seeing Red"],"picked":"SKIP","floor":8},{"not_picked":["Heavy Blade","Warcry"],"picked":"Shrug It Off","floor":14},{"not_picked":["Dark Embrace","Limit Break"],"picked":"Impervious","floor":16}],"player_experience":612175,"relics_obtained":[{"floor":8,"key":"Old Coin"},{"floor":9,"key":"Happy Flower"}],"event_choices":[{"damage_healed":0,"gold_gain":150,"player_choice":"AGREE","damage_taken":0,"max_hp_gain":0,"max_hp_loss":0,"event_name":"Liars Game","floor":3,"gold_loss":0,"cards_obtained":["Doubt"]},{"damage_healed":0,"gold_gain":75,"player_choice":"Gather Gold","damage_taken":11,"max_hp_gain":0,"max_hp_loss":0,"event_name":"World of Goop","floor":4,"gold_loss":0},{"damage_healed":0,"gold_gain":0,"player_choice":"Grow","damage_taken":0,"max_hp_gain":0,"max_hp_loss":0,"event_name":"Living Wall","floor":11,"gold_loss":0,"cards_upgraded":["Pommel Strike"]}],"is_beta":false,"boss_relics":[{"not_picked":["Runic Cube","Tiny House"],"picked":"Eternal Feather"}],"items_purged_floors":[5],"is_endless":false,"potions_floor_spawned":[2,8,16],"killed_by":"3 Byrds","ascension_level":19}