{"gold_per_floor":[363,39,57,57,132,132,166,166,192,219,238,238,257,282,282,380,380,380,27,27,27,27,27,27,27,27,27,27,27,27,27,27,27,27,27,3,3,3,3,3,3,3,3,3,3,3,3,3,3,3],"floor_reached":51,"playtime":14329,"items_purged":[],"score":1461,"play_id":"ff2859aa-6265-4b58-bb4f-46d7575e28a1","local_time":"20190420203704","is_ascension_mode":true,"campfire_choices":[{"data":"Redo","floor":6.0,"key":"SMITH"},{"data":"Buffer","floor":8.0,"key":"SMITH"},{"data":"Consume","floor":12.0,"key":"SMITH"},{"floor":15.0,"key":"REST"},{"data":"Chaos","floor":23.0,"key":"SMITH"},{"data":"Defragment","floor":25.0,"key":"SMITH"},{"floor":32.0,"key":"DIG"},{"data":"Fission","floor":41,"key":"SMITH"},{"data":"Loop","floor":44,"key":"SMITH"},{"data":"Buffer","floor":47,"key":"SMITH"},{"floor":49,"key":"DIG"}],"neow_cost":"TEN_PERCENT_HP_LOSS","seed_source_timestamp":271799411741900,"circlet_count":0,"master_deck":["AscendersBane","Dualcast","Consume+1","Glacier","Redo+1","Buffer+1","Compile Driver+1","Chaos+1","Genetic Algorithm","Rainbow+1","Self Repair+1","Multi-Cast","Defragment+1","Ball Lightning+1","Chill+1","Rainbow","Buffer+1","Redo","Streamline+1","Glacier","Loop+1","Double Energy","Seek","Fission+1","Turbo","Tempest"],"special_seed":0,"relics":["Cracked Core","Bottled Lightning","Anchor","Ancient Tea Set","Art of War","Shovel","Ectoplasm","ClockworkSouvenir","Kunai","DataDisk","Bronze Scales","Blood Vial","Molten Egg 2","Pandora\u0027s Box","The Courier","Orichalcum","FossilizedHelix","Whetstone","War Paint"],"potions_floor_usage":[50],"damage_taken":[{"damage":0.0,"enemies":"Small Slimes","floor":1.0,"turns":4.0},{"damage":0.0,"enemies":"2 Louse","floor":3.0,"turns":4.0},{"damage":19.0,"enemies":"3 Sentries","floor":7.0,"turns":15.0},{"damage":12.0,"enemies":"Gremlin Nob","floor":10.0,"turns":7.0},{"damage":0.0,"enemies":"Jaw Worm","floor":11.0,"turns":4.0},{"damage":0.0,"enemies":"3 Louse","floor":13.0,"turns":3.0},{"damage":10.0,"enemies":"3 Sentries","floor":14.0,"turns":11.0},{"damage":0.0,"enemies":"Slime Boss","floor":16.0,"turns":6.0},{"damage":0.0,"enemies":"3 Byrds","floor":18.0,"turns":4.0},{"damage":0.0,"enemies":"Chosen","floor":21.0,"turns":5.0},{"damage":6.0,"enemies":"Centurion and Healer","floor":22.0,"turns":7.0},{"damage":0.0,"enemies":"Book of Stabbing","floor":24.0,"turns":6.0},{"damage":30.0,"enemies":"Gremlin Leader","floor":27.0,"turns":13.0},{"damage":0.0,"enemies":"Snecko","floor":28.0,"turns":5.0},{"damage":26.0,"enemies":"Book of Stabbing","floor":29.0,"turns":5.0},{"damage":0.0,"enemies":"Shelled Parasite and Fungi","floor":31.0,"turns":4.0},{"damage":46.0,"enemies":"Champ","floor":33.0,"turns":11.0},{"damage":1.0,"enemies":"Orb Walker","floor":35.0,"turns":4.0},{"damage":0.0,"enemies":"3 Darklings","floor":37.0,"turns":6.0},{"damage":2,"enemies":"Writhing Mass","floor":38,"turns":6},{"damage":13,"enemies":"Giant Head","floor":40,"turns":12},{"damage":7,"enemies":"Nemesis","floor":42,"turns":7},{"damage":0,"enemies":"Spire Growth","floor":45,"turns":5},{"damage":0,"enemies":"Reptomancer","floor":46,"turns":5},{"damage":0,"enemies":"4 Shapes","floor":48,"turns":5},{"damage":0,"enemies":"Donu and Deca","floor":50,"turns":8}],"seed_played":"5245405364258293680","potions_obtained":[{"floor":1.0,"key":"SmokeBomb"},{"floor":7.0,"key":"Fire Potion"},{"floor":14.0,"key":"AttackPotion"},{"floor":22.0,"key":"Weak Potion"},{"floor":27.0,"key":"Fire Potion"},{"floor":29.0,"key":"GamblersBrew"},{"floor":38,"key":"Block Potion"},{"floor":40,"key":"EssenceOfSteel"}],"is_trial":false,"path_per_floor":["M","$","M","?","?","R","E","R","T","E","M","R","M","E","R","B",null,"M","$","?","M","M","R","E","R","T","E","M","E","$","M","R","B",null,"M","$","M","M","?","E","R","E","T","R","M","E","R","M","R","B",null],"character_chosen":"DEFECT","items_purchased":["Glacier","Bottled Lightning","Multi-Cast","Defragment","ClockworkSouvenir","Turbo"],"campfire_rested":1,"item_purchase_floors":[2,2,19,19,19,36],"current_hp_per_floor":[68,68,68,68,57,57,38,38,38,26,26,26,26,16,36,36,60,60,60,60,68,68,68,68,68,68,48,58,42,42,54,54,20,56,57,57,68,68,68,65,65,68,68,68,68,68,68,68,68,68],"gold":3,"neow_bonus":"TWO_FIFTY_GOLD","is_prod":false,"is_daily":false,"chose_seed":false,"campfire_upgraded":8,"win_rate":0,"timestamp":1555814224,"path_taken":["M","$","M","?","?","R","E","R","T","E","M","R","M","E","R","BOSS","M","$","?","M","M","R","E","R","T","E","M","E","$","M","R","BOSS","M","$","M","M","?","E","R","E","T","R","M","E","R","M","R","BOSS"],"build_version":"2019-01-23","purchased_purges":0,"victory":true,"max_hp_per_floor":[68,68,68,68,68,68,68,68,68,68,68,68,68,68,68,68,68,68,68,68,68,68,68,68,68,68,68,68,68,68,68,68,68,68,68,68,68,68,68,68,68,68,68,68,68,68,68,68,68,68],"card_choices":[{"not_picked":["Lockon","Static Discharge"],"picked":"Consume","floor":1.0},{"not_picked":["Gash","Sweeping Beam"],"picked":"Redo","floor":3.0},{"not_picked":["Cold Snap","Meteor Strike"],"picked":"Buffer","floor":7.0},{"not_picked":["Machine Learning","Barrage"],"picked":"Compile Driver","floor":10.0},{"not_picked":["Melter","Streamline","Go for the Eyes"],"picked":"SKIP","floor":11.0},{"not_picked":["Lockon","Force Field"],"picked":"Chaos","floor":13.0},{"not_picked":["Steam Power","FTL"],"picked":"Genetic Algorithm","floor":14.0},{"not_picked":["Amplify","Reboot"],"picked":"Rainbow","floor":16.0},{"not_picked":["Streamline","Barrage"],"picked":"Self Repair+1","floor":18.0},{"not_picked":["Static Discharge","Coolheaded","Glacier"],"picked":"SKIP","floor":21.0},{"not_picked":["Consume+1","Coolheaded","Conserve Battery"],"picked":"SKIP","floor":22.0},{"not_picked":["Gash+1","Force Field+1","Compile Driver"],"picked":"SKIP","floor":24.0},{"not_picked":["Fusion","Reprogram"],"picked":"Ball Lightning","floor":27.0},{"not_picked":["Barrage","Beam Cell","Gash"],"picked":"SKIP","floor":28.0},{"not_picked":["Conserve Battery","Compile Driver"],"picked":"Chill","floor":29.0},{"not_picked":["Undo","Go for the Eyes"],"picked":"Rainbow","floor":31.0},{"not_picked":["Reboot","Hyperbeam+1"],"picked":"Buffer","floor":33.0},{"not_picked":["Recycle+1","Compile Driver+1","Redo"],"picked":"SKIP","floor":35.0},{"not_picked":["Aggregate","Beam Cell+1","Sunder+1"],"picked":"SKIP","floor":37.0},{"not_picked":["Compile Driver+1","Ball Lightning+1","BootSequence"],"picked":"SKIP","floor":38},{"not_picked":["Redo","Doom and Gloom+1","Coolheaded+1"],"picked":"SKIP","floor":40},{"not_picked":["Rebound+1","Machine Learning"],"picked":"Tempest","floor":42},{"not_picked":["Melter+1","Streamline+1","Sunder+1"],"picked":"SKIP","floor":45},{"not_picked":["Steam","Ball Lightning+1","Cold Snap+1"],"picked":"SKIP","floor":46},{"not_picked":["Gash+1","Conserve Battery+1","Compile Driver+1"],"picked":"SKIP","floor":48}],"player_experience":614041,"relics_obtained":[{"floor":7.0,"key":"Anchor"},{"floor":9.0,"key":"Ancient Tea Set"},{"floor":10.0,"key":"Art of War"},{"floor":14.0,"key":"Shovel"},{"floor":24.0,"key":"Kunai"},{"floor":26.0,"key":"DataDisk"},{"floor":27.0,"key":"Bronze Scales"},{"floor":29.0,"key":"Blood Vial"},{"floor":32.0,"key":"Molten Egg 2"},{"floor":40,"key":"The Courier"},{"floor":42,"key":"Orichalcum"},{"floor":43,"key":"FossilizedHelix"},{"floor":46,"key":"Whetstone"},{"floor":49,"key":"War Paint"}],"event_choices":[{"cards_removed":["Strike_B"],"damage_healed":0.0,"max_hp_gain":0.0,"max_hp_loss":0.0,"gold_gain":0.0,"event_name":"Living Wall","player_choice":"Forget","floor":4.0,"gold_loss":0.0,"damage_taken":0.0},{"damage_healed":0.0,"max_hp_gain":0.0,"max_hp_loss":0.0,"gold_gain":75.0,"event_name":"World of Goop","player_choice":"Gather Gold","floor":5.0,"gold_loss":0.0,"damage_taken":11.0},{"cards_removed":["Zap"],"damage_healed":0,"gold_gain":0,"player_choice":"Removed Skill","damage_taken":0,"max_hp_gain":0,"max_hp_loss":0,"event_name":"Falling","floor":39,"gold_loss":0}],"is_beta":false,"boss_relics":[{"not_picked":["White Beast Statue","Runic Dome"],"picked":"Ectoplasm"},{"not_picked":["Lizard Tail","Sozu"],"picked":"Pandora\u0027s Box"}],"items_purged_floors":[],"is_endless":false,"potions_floor_spawned":[1,7,14,22,27,29,38,40,46,48],"ascension_level":12}