{"gold_per_floor":[117,67,77,96,96,126,126,126,150,167,197,49,66,76,76,175,175,195,206,281,2,15,15,50,50,50,60,60,60,88,38,38,137,137,157,176,186,200,200,200,235,235,290,317,15,33,47,47,47,47],"floor_reached":51,"playtime":7157,"items_purged":["Strike_B","Strike_B"],"score":742,"play_id":"d9b4a774-10ca-4442-988e-6d70e2d29b6f","local_time":"20190603142727","is_ascension_mode":true,"campfire_choices":[{"floor":7,"key":"REST"},{"data":"Zap","floor":15,"key":"SMITH"},{"data":"Rainbow","floor":23,"key":"SMITH"},{"data":"Defend_B","floor":25,"key":"SMITH"},{"data":"Echo Form","floor":28,"key":"SMITH"},{"data":"Defend_B","floor":32,"key":"SMITH"},{"data":"Buffer","floor":40,"key":"SMITH"},{"data":"Electrodynamics","floor":42,"key":"SMITH"},{"data":"Go for the Eyes","floor":49,"key":"SMITH"}],"neow_cost":"NONE","seed_source_timestamp":403420025211497,"circlet_count":0,"master_deck":["Strike_B","Defend_B","Defend_B","Defend_B+1","Defend_B+1","Zap+1","Dualcast+1","Hello World","Go for the Eyes+1","Rainbow+1","Go for the Eyes","Glacier+1","Turbo+1","Conserve Battery+1","Seek+1","Redo+1","Coolheaded+1","Master of Strategy+1","Bandage Up+1","White Noise+1","Lockon+1","Echo Form+1","Glacier+1","Buffer+1","Compile Driver+1","Coolheaded+1","Steam Power+1","Electrodynamics+1","Double Energy+1","Parasite","Barrage+1"],"relics":["Cracked Core","PreservedInsect","Blood Vial","Centennial Puzzle","Toxic Egg 2","Inserter","Calipers","Molten Egg 2","Bottled Tornado","Sozu","Vajra","Oddly Smooth Stone","MawBank","Happy Flower"],"potions_floor_usage":[16,33,50],"damage_taken":[{"damage":5,"enemies":"Small Slimes","floor":1,"turns":3},{"damage":6,"enemies":"Jaw Worm","floor":3,"turns":3},{"damage":0,"enemies":"Cultist","floor":4,"turns":3},{"damage":21,"enemies":"Lagavulin","floor":6,"turns":7},{"damage":0,"enemies":"Exordium Thugs","floor":10,"turns":5},{"damage":13,"enemies":"3 Sentries","floor":11,"turns":6},{"damage":4,"enemies":"Lots of Slimes","floor":13,"turns":3},{"damage":2,"enemies":"Looter","floor":14,"turns":2},{"damage":14,"enemies":"Slime Boss","floor":16,"turns":11},{"damage":7,"enemies":"Spheric Guardian","floor":18,"turns":6},{"damage":9,"enemies":"Chosen","floor":19,"turns":6},{"damage":0,"enemies":"Snecko","floor":22,"turns":5},{"damage":4,"enemies":"Book of Stabbing","floor":24,"turns":5},{"damage":2,"enemies":"Chosen and Byrds","floor":27,"turns":7},{"damage":23,"enemies":"Gremlin Leader","floor":30,"turns":6},{"damage":34,"enemies":"Automaton","floor":33,"turns":13},{"damage":15,"enemies":"3 Darklings","floor":35,"turns":8},{"damage":0,"enemies":"3 Shapes","floor":36,"turns":2},{"damage":8,"enemies":"3 Darklings","floor":37,"turns":5},{"damage":0,"enemies":"Spire Growth","floor":38,"turns":7},{"damage":1,"enemies":"Reptomancer","floor":41,"turns":7},{"damage":16,"enemies":"Nemesis","floor":44,"turns":5},{"damage":4,"enemies":"Writhing Mass","floor":46,"turns":7},{"damage":0,"enemies":"Maw","floor":47,"turns":7},{"damage":5,"enemies":"Donu and Deca","floor":50,"turns":9}],"seed_played":"-2759807807078687725","potions_obtained":[{"floor":4,"key":"PowerPotion"},{"floor":11,"key":"SkillPotion"},{"floor":14,"key":"AttackPotion"},{"floor":22,"key":"Swift Potion"},{"floor":27,"key":"Fire Potion"},{"floor":33,"key":"Swift Potion"}],"is_trial":false,"path_per_floor":["?","?","?","$","?","M","?","M","?","?"],"character_chosen":"DEFECT","items_purchased":["Glacier+1","Master of Strategy+1","Bandage Up+1","Happy Flower","Double Energy+1"],"campfire_rested":1,"item_purchase_floors":[12,21,21,45,45],"current_hp_per_floor":[77,77,71,71,55,34,58,55,55,57,46,46,44,44,44,32,82,75,68,60,60,68,68,72,72,72,78,78,78,63,63,63,37,82,73,81,74,82,82,82,82,82,82,66,66,76,82,82,82,82],"gold":47,"neow_bonus":"TEN_PERCENT_HP_BONUS","is_prod":false,"is_daily":false,"chose_seed":false,"campfire_upgraded":8,"win_rate":0,"timestamp":1559600847,"path_taken":["M","?","M","M","?","E","R","?","T","M","E","?","M","M","R","BOSS","M","M","?","$","?","R","E","R","T","M","R","$","E","?","R","BOSS","M","M","M","?","?","R","E","R","T","E","$","M","M","?","R","BOSS"],"build_version":"2019-01-23","purchased_purges":2,"victory":true,"max_hp_per_floor":[82,82,82,82,82,82,82,82,82,82,82,82,82,82,82,82,82,82,82,82,82,82,82,82,82,82,82,82,82,82,82,82,82,82,82,82,82,82,82,82,82,82,82,82,82,82,82,82,82,82],"card_choices":[{"not_picked":["Turbo","Aggregate"],"picked":"Hello World","floor":1},{"not_picked":["Leap","Ball Lightning"],"picked":"Go for the Eyes","floor":3},{"not_picked":["Storm","Darkness"],"picked":"Go for the Eyes","floor":4},{"not_picked":["Aggregate","Streamline","Tempest"],"picked":"SKIP","floor":6},{"not_picked":["Rip and Tear","Storm"],"picked":"Rainbow","floor":10},{"not_picked":["Tempest","Turbo"],"picked":"Go for the Eyes","floor":11},{"not_picked":["Barrage","Skim+1"],"picked":"Turbo+1","floor":13},{"not_picked":["Fusion+1","Streamline"],"picked":"Conserve Battery+1","floor":14},{"not_picked":["Meteor Strike","Creative AI"],"picked":"Seek+1","floor":16},{"not_picked":["Turbo+1","Leap+1"],"picked":"Redo+1","floor":18},{"not_picked":["Recycle+1","Aggregate+1"],"picked":"Coolheaded+1","floor":19},{"not_picked":["Redo+1","Force Field+1"],"picked":"White Noise+1","floor":22},{"not_picked":["Sweeping Beam","Steam+1"],"picked":"Lockon+1","floor":24},{"not_picked":["Turbo+1","Lockon+1"],"picked":"Echo Form","floor":27},{"not_picked":["Sunder+1","Blizzard+1"],"picked":"Glacier+1","floor":30},{"not_picked":["Meteor Strike+1","Echo Form"],"picked":"Buffer","floor":33},{"not_picked":["Gash+1","Lockon+1"],"picked":"Compile Driver+1","floor":35},{"not_picked":["Ball Lightning+1","Sweeping Beam+1"],"picked":"Coolheaded+1","floor":36},{"not_picked":["Conserve Battery+1","Streamline+1"],"picked":"Steam Power+1","floor":37},{"not_picked":["Sweeping Beam+1","Coolheaded+1"],"picked":"Electrodynamics","floor":38},{"not_picked":["Steam+1","Auto Shields+1","Leap+1"],"picked":"SKIP","floor":41},{"not_picked":["White Noise+1","Stack+1","Storm"],"picked":"SKIP","floor":44},{"not_picked":["Undo+1","Static Discharge","Ball Lightning+1"],"picked":"SKIP","floor":46},{"not_picked":["Gash+1","Conserve Battery+1"],"picked":"Barrage+1","floor":47}],"player_experience":124811,"relics_obtained":[{"floor":6,"key":"PreservedInsect"},{"floor":9,"key":"Centennial Puzzle"},{"floor":11,"key":"Toxic Egg 2"},{"floor":24,"key":"Calipers"},{"floor":26,"key":"Molten Egg 2"},{"floor":30,"key":"Bottled Tornado"},{"floor":41,"key":"Vajra"},{"floor":43,"key":"Oddly Smooth Stone"},{"floor":44,"key":"MawBank"}],"event_choices":[{"cards_removed":["Strike_B"],"damage_healed":0,"gold_gain":0,"player_choice":"Card Removal","damage_taken":0,"max_hp_gain":0,"max_hp_loss":0,"event_name":"The Cleric","floor":2,"gold_loss":50},{"damage_healed":0,"gold_gain":0,"player_choice":"Entered Light","damage_taken":16,"max_hp_gain":0,"max_hp_loss":0,"event_name":"Shining Light","floor":5,"gold_loss":0,"cards_upgraded":["Go for the Eyes","Dualcast"]},{"damage_healed":0,"gold_gain":0,"player_choice":"Success","damage_taken":3,"relics_obtained":["Blood Vial"],"max_hp_gain":0,"max_hp_loss":0,"event_name":"Scrap Ooze","floor":8,"gold_loss":0},{"damage_healed":0,"gold_gain":75,"player_choice":"Touch","damage_taken":8,"max_hp_gain":0,"max_hp_loss":0,"event_name":"FaceTrader","floor":20,"gold_loss":0},{"damage_healed":0,"gold_gain":0,"player_choice":"Bet on Murderer","damage_taken":0,"max_hp_gain":0,"max_hp_loss":0,"event_name":"The Joust","floor":31,"gold_loss":50},{"cards_removed":["Go for the Eyes"],"damage_healed":0,"gold_gain":0,"player_choice":"Removed Attack","damage_taken":0,"max_hp_gain":0,"max_hp_loss":0,"event_name":"Falling","floor":39,"gold_loss":0},{"damage_healed":0,"gold_gain":0,"player_choice":"Memory 1","damage_taken":0,"max_hp_gain":0,"max_hp_loss":0,"event_name":"SensoryStone","floor":48,"gold_loss":0}],"is_beta":false,"boss_relics":[{"not_picked":["Tiny House","Ectoplasm"],"picked":"Inserter"},{"not_picked":["Busted Crown","Fusion Hammer"],"picked":"Sozu"}],"items_purged_floors":[12,45],"is_endless":false,"potions_floor_spawned":[4,11,14,22,27,30,33,35,38,47],"ascension_level":1}