{"gold_per_floor":[116,22,22,22,122,122,134,134,159,188,200,245,257,282,294,306],"floor_reached":16,"playtime":528,"items_purged":[],"score":160,"play_id":"b0a30048-2b99-4c6d-8a93-df488a090adb","local_time":"20190505174359","is_ascension_mode":true,"campfire_choices":[{"data":"Zap","floor":6.0,"key":"SMITH"},{"data":"Swift Strike","floor":11,"key":"SMITH"},{"floor":15,"key":"REST"}],"neow_cost":"NONE","seed_source_timestamp":0,"circlet_count":0,"master_deck":["AscendersBane","Strike_B","Strike_B","Strike_B","Defend_B","Defend_B","Defend_B","Defend_B","Zap+1","Dualcast","Fission","Capacitor","Swift Strike+1","Steam","Beam Cell","Melter"],"special_seed":0,"relics":["Cracked Core","MawBank","Ginger"],"potions_floor_usage":[13,16],"damage_taken":[{"damage":5.0,"enemies":"Small Slimes","floor":1.0,"turns":3.0},{"damage":8.0,"enemies":"Jaw Worm","floor":7.0,"turns":4.0},{"damage":0,"enemies":"2 Louse","floor":10,"turns":3},{"damage":34,"enemies":"3 Sentries","floor":12,"turns":9},{"damage":0,"enemies":"Gremlin Gang","floor":13,"turns":1},{"damage":7,"enemies":"Looter","floor":14,"turns":3},{"damage":36,"enemies":"The Guardian","floor":16,"turns":8}],"seed_played":"-7101016330833042655","potions_obtained":[{"floor":1.0,"key":"FearPotion"},{"floor":12,"key":"SmokeBomb"}],"is_trial":false,"path_per_floor":["M","$","?","?","?","R","M","?","T","M","R","E","M","M","R","B"],"character_chosen":"DEFECT","items_purchased":["Swift Strike"],"campfire_rested":1,"item_purchase_floors":[2],"current_hp_per_floor":[63,63,63,68,68,68,60,53,53,53,53,19,19,12,36,0],"gold":306,"neow_bonus":"ONE_RANDOM_RARE_CARD","is_prod":false,"is_daily":false,"chose_seed":false,"campfire_upgraded":2,"win_rate":0,"timestamp":1557092639,"path_taken":["M","$","?","?","?","R","?","?","T","M","R","E","M","M","R","BOSS"],"build_version":"2019-01-23","purchased_purges":0,"victory":false,"max_hp_per_floor":[75,75,75,80,80,80,80,80,80,80,80,80,80,80,80,80],"card_choices":[{"not_picked":["Double Energy","Melter"],"picked":"Capacitor","floor":1.0},{"not_picked":["Stack","Sunder"],"picked":"Steam","floor":7.0},{"not_picked":["Heatsinks","Steam","Redo"],"picked":"SKIP","floor":10},{"not_picked":["Hologram","Aggregate"],"picked":"Beam Cell","floor":12},{"not_picked":["Stack","Gash"],"picked":"Melter","floor":14}],"player_experience":152862,"relics_obtained":[{"floor":9,"key":"MawBank"},{"floor":12,"key":"Ginger"}],"event_choices":[{"damage_healed":0.0,"max_hp_gain":0.0,"max_hp_loss":0.0,"gold_gain":0.0,"event_name":"Liars Game","player_choice":"Ignored","floor":3.0,"gold_loss":0.0,"damage_taken":0.0},{"damage_healed":0.0,"max_hp_gain":5.0,"max_hp_loss":0.0,"gold_gain":0.0,"event_name":"Big Fish","player_choice":"Donut","floor":4.0,"gold_loss":0.0,"damage_taken":0.0},{"damage_healed":0.0,"max_hp_gain":0.0,"max_hp_loss":0.0,"gold_gain":100.0,"event_name":"Golden Shrine","player_choice":"Pray","floor":5.0,"gold_loss":0.0,"damage_taken":0.0},{"cards_removed":["Strike_B"],"damage_healed":0,"gold_gain":0,"player_choice":"Card Removal","damage_taken":7,"max_hp_gain":0,"max_hp_loss":0,"event_name":"Golden Wing","floor":8,"gold_loss":0}],"is_beta":false,"boss_relics":[],"items_purged_floors":[],"is_endless":false,"potions_floor_spawned":[1,12,13],"killed_by":"The Guardian","ascension_level":12}