{"gold_per_floor":[113,113,113,113,132,132,164,164,164,164,177,196,223,281,281,378,378,391,391,490,42,42,42,68,78,147,147,180,80,98,130,130,235,235,255,255,355,370,46,46,77,77,77,77,77,77,102,117,117,117],"floor_reached":51,"playtime":4691,"items_purged":["Strike_B","Defend_B","Defend_B"],"score":1033,"play_id":"c9c74975-f47f-43f6-8248-75aefb1bec91","local_time":"20190605021936","is_ascension_mode":true,"campfire_choices":[{"data":"Zap","floor":6,"key":"SMITH"},{"data":"Cold Snap","floor":8,"key":"SMITH"},{"data":"Cold Snap","floor":10,"key":"SMITH"},{"data":"Dualcast","floor":15,"key":"SMITH"},{"data":"Rainbow","floor":23,"key":"SMITH"},{"data":"Defragment","floor":32,"key":"SMITH"},{"data":"Echo Form","floor":40,"key":"SMITH"},{"floor":42,"key":"DIG"},{"floor":44,"key":"DIG"},{"floor":46,"key":"DIG"},{"floor":49,"key":"DIG"}],"neow_cost":"NONE","seed_source_timestamp":535027055791877,"circlet_count":0,"master_deck":["Defend_B","Defend_B","Zap+1","Cold Snap+1","Core Surge","Melter","Cold Snap+1","Ball Lightning","Coolheaded","Echo Form+1","Rainbow+1","Defragment+1","Glacier","Glacier","All For One","Coolheaded+1","Self Repair+1","Tempest+1","Doom and Gloom+1","Echo Form+1","Glacier","Madness","Madness","Hologram+1","Sunder+1","Echo Form+1","Go for the Eyes"],"relics":["Cracked Core","Gremlin Horn","Matryoshka","Blood Vial","Regal Pillow","Snecko Eye","Oddly Smooth Stone","DataDisk","Thread and Needle","Bottled Flame","Pantograph","Frozen Egg 2","Orichalcum","Boot","Velvet Choker","FossilizedHelix","DollysMirror","Shovel","Pen Nib","Singing Bowl","Darkstone Periapt","Dodecahedron","Question Card","Mummified Hand"],"potions_floor_usage":[13,14,16,24,41],"damage_taken":[{"damage":0,"enemies":"2 Louse","floor":1,"turns":3},{"damage":0,"enemies":"Cultist","floor":5,"turns":2},{"damage":17,"enemies":"3 Sentries","floor":7,"turns":7},{"damage":0,"enemies":"Jaw Worm","floor":11,"turns":2},{"damage":0,"enemies":"3 Louse","floor":12,"turns":2},{"damage":12,"enemies":"Gremlin Nob","floor":13,"turns":3},{"damage":11,"enemies":"Lagavulin Event","floor":14,"turns":5},{"damage":34,"enemies":"Hexaghost","floor":16,"turns":7},{"damage":19,"enemies":"3 Byrds","floor":18,"turns":3},{"damage":0,"enemies":"Gremlin Leader","floor":24,"turns":6},{"damage":0,"enemies":"Chosen","floor":25,"turns":3},{"damage":0,"enemies":"Book of Stabbing","floor":28,"turns":6},{"damage":3,"enemies":"Snecko","floor":30,"turns":3},{"damage":16,"enemies":"Gremlin Leader","floor":31,"turns":9},{"damage":0,"enemies":"Automaton","floor":33,"turns":8},{"damage":7,"enemies":"3 Shapes","floor":35,"turns":3},{"damage":0,"enemies":"Mind Bloom Boss Battle","floor":37,"turns":6},{"damage":0,"enemies":"Orb Walker","floor":38,"turns":3},{"damage":44,"enemies":"Reptomancer","floor":41,"turns":5},{"damage":0,"enemies":"Giant Head","floor":47,"turns":9},{"damage":0,"enemies":"Sphere and 2 Shapes","floor":48,"turns":3},{"damage":17,"enemies":"Time Eater","floor":50,"turns":11}],"seed_played":"-6655111773665025130","potions_obtained":[{"floor":1,"key":"SkillPotion"},{"floor":5,"key":"Regen Potion"},{"floor":11,"key":"Fire Potion"},{"floor":13,"key":"SkillPotion"},{"floor":25,"key":"FearPotion"},{"floor":30,"key":"SkillPotion"},{"floor":31,"key":"Energy Potion"},{"floor":41,"key":"SkillPotion"}],"is_trial":false,"path_per_floor":["?","?","?","M","?","?","?","$","T","?","?","?","?","M"],"character_chosen":"DEFECT","items_purchased":["Oddly Smooth Stone","Glacier","All For One","DollysMirror"],"campfire_rested":0,"item_purchase_floors":[21,21,21,39],"current_hp_per_floor":[82,87,87,87,87,87,70,70,70,70,70,70,67,58,58,26,87,68,68,68,68,68,68,70,72,72,72,74,74,73,69,69,87,87,87,76,87,87,87,87,63,63,63,63,63,63,87,91,91,74],"gold":117,"neow_bonus":"TEN_PERCENT_HP_BONUS","is_prod":false,"is_daily":false,"chose_seed":false,"campfire_upgraded":7,"win_rate":0,"timestamp":1559729976,"path_taken":["M","?","?","?","M","R","E","R","T","R","?","M","E","?","R","BOSS","M","?","?","?","?","R","E","M","T","?","E","$","M","E","R","BOSS","M","?","?","M","$","R","E","R","T","R","?","R","E","?","R","BOSS"],"build_version":"2019-01-23","purchased_purges":3,"victory":true,"max_hp_per_floor":[82,87,87,87,87,87,87,87,87,87,87,87,87,87,87,87,87,87,87,87,87,87,87,87,87,87,87,87,87,87,87,87,87,87,87,87,87,87,87,87,87,87,87,87,87,87,89,91,91,91],"card_choices":[{"not_picked":["Consume","Barrage"],"picked":"Cold Snap","floor":1},{"not_picked":["Rebound","Leap"],"picked":"Melter","floor":5},{"not_picked":["Go for the Eyes","Leap"],"picked":"Cold Snap","floor":7},{"not_picked":["Hologram","Rebound"],"picked":"Ball Lightning","floor":11},{"not_picked":["Sweeping Beam","Reinforced Body"],"picked":"Coolheaded","floor":12},{"not_picked":["Rebound","Tempest","Doom and Gloom"],"picked":"SKIP","floor":13},{"not_picked":["Sweeping Beam","Conserve Battery"],"picked":"Echo Form","floor":14},{"not_picked":["Thunder Strike","Machine Learning"],"picked":"Rainbow","floor":16},{"not_picked":["Hologram+1","Cold Snap"],"picked":"Defragment","floor":18},{"not_picked":["Biased Cognition","Tempest"],"picked":"Coolheaded+1","floor":24},{"not_picked":["Rip and Tear","Coolheaded","Genetic Algorithm"],"picked":"SKIP","floor":25},{"not_picked":["Gash+1","Static Discharge+1"],"picked":"Self Repair+1","floor":28},{"not_picked":["Go for the Eyes","Scrape"],"picked":"Tempest+1","floor":30},{"not_picked":["Go for the Eyes","Redo+1"],"picked":"Doom and Gloom+1","floor":31},{"not_picked":["Multi-Cast","Fission"],"picked":"Echo Form+1","floor":33},{"not_picked":["Steam+1","Sweeping Beam+1"],"picked":"Glacier","floor":35},{"not_picked":["Coolheaded","Gash"],"picked":"Hologram+1","floor":37},{"not_picked":["Compile Driver","Sweeping Beam"],"picked":"Sunder+1","floor":38},{"not_picked":["Compile Driver","Cold Snap","Beam Cell+1"],"picked":"SKIP","floor":41},{"not_picked":["Sweeping Beam","Hello World+1","Go for the Eyes+1"],"picked":"Singing Bowl","floor":47},{"not_picked":["Ball Lightning","Blizzard+1","Scrape+1","Steam Power"],"picked":"Singing Bowl","floor":48}],"player_experience":194882,"relics_obtained":[{"floor":7,"key":"Gremlin Horn"},{"floor":9,"key":"Matryoshka"},{"floor":13,"key":"Blood Vial"},{"floor":14,"key":"Regal Pillow"},{"floor":22,"key":"DataDisk"},{"floor":22,"key":"Thread and Needle"},{"floor":24,"key":"Bottled Flame"},{"floor":26,"key":"Pantograph"},{"floor":26,"key":"Frozen Egg 2"},{"floor":28,"key":"Orichalcum"},{"floor":31,"key":"Boot"},{"floor":37,"key":"FossilizedHelix"},{"floor":41,"key":"Shovel"},{"floor":42,"key":"Pen Nib"},{"floor":43,"key":"Singing Bowl"},{"floor":44,"key":"Darkstone Periapt"},{"floor":46,"key":"Dodecahedron"},{"floor":47,"key":"Question Card"},{"floor":49,"key":"Mummified Hand"}],"event_choices":[{"damage_healed":0,"gold_gain":0,"player_choice":"Donut","damage_taken":0,"max_hp_gain":5,"max_hp_loss":0,"event_name":"Big Fish","floor":2,"gold_loss":0},{"cards_removed":["Strike_B"],"damage_healed":0,"gold_gain":0,"player_choice":"Forget","damage_taken":0,"max_hp_gain":0,"max_hp_loss":0,"event_name":"Living Wall","floor":3,"gold_loss":0},{"damage_healed":0,"gold_gain":0,"cards_transformed":["Strike_B"],"player_choice":"Transformed","damage_taken":0,"max_hp_gain":0,"max_hp_loss":0,"event_name":"Transmorgrifier","floor":4,"gold_loss":0,"cards_obtained":["Core Surge"]},{"damage_healed":0,"gold_gain":0,"player_choice":"Searched \u00272\u0027 times","damage_taken":0,"max_hp_gain":0,"max_hp_loss":0,"event_name":"Dead Adventurer","floor":14,"gold_loss":0},{"damage_healed":0,"gold_gain":0,"player_choice":"Read","damage_taken":0,"max_hp_gain":0,"max_hp_loss":0,"event_name":"The Library","floor":19,"gold_loss":0,"cards_obtained":["Glacier"]},{"damage_healed":0,"gold_gain":99,"player_choice":"Stole From Cult","damage_taken":0,"max_hp_gain":0,"max_hp_loss":0,"event_name":"Nest","floor":20,"gold_loss":0},{"cards_removed":["Strike_B"],"damage_healed":0,"gold_gain":0,"player_choice":"Elegance","damage_taken":0,"max_hp_gain":0,"max_hp_loss":0,"event_name":"Back to Basics","floor":27,"gold_loss":0},{"damage_healed":0,"gold_gain":0,"player_choice":"Embrace Madness","damage_taken":11,"max_hp_gain":0,"max_hp_loss":0,"event_name":"Winding Halls","floor":36,"gold_loss":0,"cards_obtained":["Madness","Madness"]},{"damage_healed":0,"gold_gain":0,"player_choice":"Fight","damage_taken":0,"max_hp_gain":0,"max_hp_loss":0,"event_name":"MindBloom","floor":37,"gold_loss":0},{"damage_healed":0,"gold_gain":0,"cards_transformed":["Dualcast"],"player_choice":"Transformed","damage_taken":0,"max_hp_gain":0,"max_hp_loss":0,"event_name":"Transmorgrifier","floor":45,"gold_loss":0,"cards_obtained":["Go for the Eyes"]}],"is_beta":false,"boss_relics":[{"not_picked":["Calling Bell","Philosopher\u0027s Stone"],"picked":"Snecko Eye"},{"not_picked":["Runic Pyramid","White Beast Statue"],"picked":"Velvet Choker"}],"items_purged_floors":[21,29,39],"is_endless":false,"potions_floor_spawned":[1,5,11,13,25,30,31,41,48],"ascension_level":4}