{"gold_per_floor":[114,114,131,145,164,164,195,214,214,214,225,258,258,275,275,353,353,273,188,113,113,113,113,38,38,38,38,38],"floor_reached":28,"playtime":986,"items_purged":["Writhe"],"score":460,"play_id":"72ad05fc-396e-430b-ad91-37d201251c1f","local_time":"20190402112748","is_ascension_mode":true,"campfire_choices":[{"data":"Quick Slash","floor":6.0,"key":"SMITH"},{"floor":10.0,"key":"REST"},{"data":"Deadly Poison","floor":13.0,"key":"SMITH"},{"data":"Dodge and Roll","floor":15.0,"key":"SMITH"},{"data":"Dagger Spray","floor":23.0,"key":"SMITH"}],"neow_cost":"NONE","seed_source_timestamp":396789413522056,"circlet_count":0,"master_deck":["AscendersBane","Defend_G","Defend_G","Defend_G","Defend_G","Defend_G","Strike_G","Strike_G","Strike_G","Strike_G","Survivor","Neutralize+1","Deadly Poison+1","Quick Slash+1","Slice","Dodge and Roll+1","Dagger Spray+1","Cloak And Dagger"],"special_seed":0,"relics":["Busted Crown","Kunai","Lantern","Pen Nib","Ectoplasm","Pantograph","Strawberry","Boot"],"potions_floor_usage":[],"damage_taken":[{"damage":3.0,"enemies":"Cultist","floor":1.0,"turns":5.0},{"damage":12.0,"enemies":"Jaw Worm","floor":3.0,"turns":6.0},{"damage":1.0,"enemies":"Small Slimes","floor":4.0,"turns":4.0},{"damage":1.0,"enemies":"Looter","floor":5.0,"turns":3.0},{"damage":22.0,"enemies":"Gremlin Nob","floor":7.0,"turns":5.0},{"damage":5.0,"enemies":"Exordium Thugs","floor":8.0,"turns":5.0},{"damage":4.0,"enemies":"2 Fungi Beasts","floor":11.0,"turns":4.0},{"damage":13.0,"enemies":"3 Sentries","floor":12.0,"turns":8.0},{"damage":0.0,"enemies":"Exordium Wildlife","floor":14.0,"turns":4.0},{"damage":12.0,"enemies":"The Guardian","floor":16.0,"turns":12.0},{"damage":16.0,"enemies":"2 Thieves","floor":18.0,"turns":5.0},{"damage":17.0,"enemies":"Chosen","floor":22.0,"turns":7.0},{"damage":24,"enemies":"Snecko","floor":27,"turns":8},{"damage":1,"enemies":"Snake Plant","floor":28,"turns":2}],"seed_played":"-2124054157820357642","potions_obtained":[{"floor":3.0,"key":"Block Potion"},{"floor":4.0,"key":"GhostInAJar"},{"floor":8.0,"key":"Strength Potion"},{"floor":11.0,"key":"SpeedPotion"},{"floor":12.0,"key":"GhostInAJar"},{"floor":14.0,"key":"Weak Potion"},{"floor":18.0,"key":"GhostInAJar"}],"is_trial":false,"path_per_floor":["M","?","M","M","M","R","E","M","T","R","M","E","R","M","R","B",null,"M","?","?","?","M","R","$","?","T","M","M"],"character_chosen":"THE_SILENT","items_purchased":[],"campfire_rested":1,"item_purchase_floors":[],"current_hp_per_floor":[56,56,44,43,42,42,20,15,15,34,30,17,17,17,17,5,51,35,35,35,42,25,25,25,25,25,1,0],"gold":38,"neow_bonus":"BOSS_RELIC","is_prod":false,"is_daily":false,"chose_seed":false,"campfire_upgraded":4,"win_rate":0,"timestamp":1554226068,"path_taken":["M","?","M","M","M","R","E","M","T","R","M","E","R","M","R","BOSS","M","?","?","?","M","R","$","?","T","?","M"],"build_version":"2019-01-23","purchased_purges":1,"victory":false,"max_hp_per_floor":[66,66,66,66,66,66,66,66,66,66,66,66,66,66,66,66,66,66,66,66,73,73,73,73,73,73,73,73],"card_choices":[{"not_picked":["Slice"],"picked":"SKIP","floor":1.0},{"not_picked":[],"picked":"Deadly Poison","floor":3.0},{"not_picked":["All Out Attack"],"picked":"SKIP","floor":4.0},{"not_picked":[],"picked":"Quick Slash","floor":5.0},{"not_picked":[],"picked":"Slice","floor":7.0},{"not_picked":["Flechettes"],"picked":"SKIP","floor":8.0},{"not_picked":["Prepared"],"picked":"SKIP","floor":11.0},{"not_picked":[],"picked":"Dodge and Roll","floor":12.0},{"not_picked":[],"picked":"Dagger Spray","floor":14.0},{"not_picked":["Deadly Poison"],"picked":"SKIP","floor":18.0},{"not_picked":["Bane"],"picked":"SKIP","floor":22.0},{"not_picked":[],"picked":"Cloak And Dagger","floor":27}],"player_experience":425327,"relics_obtained":[{"floor":7.0,"key":"Kunai"},{"floor":9.0,"key":"Lantern"},{"floor":12.0,"key":"Pen Nib"},{"floor":26,"key":"Boot"}],"event_choices":[{"damage_healed":0.0,"max_hp_gain":0.0,"max_hp_loss":0.0,"gold_gain":0.0,"event_name":"Living Wall","player_choice":"Grow","floor":2.0,"gold_loss":0.0,"damage_taken":0.0,"cards_upgraded":["Neutralize"]},{"damage_healed":0.0,"max_hp_gain":0.0,"max_hp_loss":0.0,"gold_gain":0.0,"event_name":"Addict","player_choice":"Obtained Relic","floor":19.0,"gold_loss":85.0,"damage_taken":0.0,"relics_obtained":["Pantograph"]},{"cards_removed":["Strike_G"],"damage_healed":0.0,"max_hp_gain":0.0,"max_hp_loss":0.0,"gold_gain":0.0,"event_name":"Beggar","player_choice":"Gave Gold","floor":20.0,"gold_loss":75.0,"damage_taken":0.0},{"damage_healed":0.0,"max_hp_gain":0.0,"max_hp_loss":0.0,"gold_gain":0.0,"event_name":"The Mausoleum","player_choice":"Opened","floor":21.0,"gold_loss":0.0,"damage_taken":0.0,"relics_obtained":["Strawberry"],"cards_obtained":["Writhe"]},{"damage_healed":0,"gold_gain":200,"player_choice":"Gold","damage_taken":0,"max_hp_gain":0,"max_hp_loss":0,"event_name":"Wheel of Change","floor":25,"gold_loss":0}],"is_beta":false,"boss_relics":[{"not_picked":["Philosopher\u0027s Stone","Fusion Hammer"],"picked":"Ectoplasm"}],"items_purged_floors":[24],"is_endless":false,"potions_floor_spawned":[3,4,8,11,12,14,18],"killed_by":"Snake Plant","ascension_level":20}