{"gold_per_floor":[109,75,87,103,113,144,144,170,170,202,221,73,107,122,122,218,218,218,218,218,218,23,23,23,23,23,23,23,23,23,23,23,23,23,23,23,23,23,23,23,23],"floor_reached":41,"playtime":2128,"items_purged":["Strike_R"],"score":467,"play_id":"1e29cf68-6101-4391-a42b-7c83aafba1a5","local_time":"20190407020447","is_ascension_mode":true,"campfire_choices":[{"data":"Whirlwind","floor":7.0,"key":"SMITH"},{"data":"Bludgeon","floor":15.0,"key":"SMITH"},{"data":"Uppercut","floor":25.0,"key":"SMITH"},{"data":"Pommel Strike","floor":28.0,"key":"SMITH"},{"data":"Flame Barrier","floor":32.0,"key":"SMITH"},{"data":"Metallicize","floor":40.0,"key":"SMITH"}],"neow_cost":"TEN_PERCENT_HP_LOSS","seed_source_timestamp":793811763179684,"circlet_count":0,"master_deck":["Strike_R","Strike_R","Strike_R","Strike_R","Defend_R","Defend_R","Defend_R","Defend_R","Bash","Bludgeon+1","Clothesline","Uppercut+1","Whirlwind+1","Metallicize+1","Pommel Strike+1","Seeing Red","Inflame","Demon Form","Armaments+1","Flame Barrier+1","Seeing Red"],"special_seed":0,"relics":["Burning Blood","Strawberry","Blue Candle","Meat on the Bone","Letter Opener","Self Forming Clay","Ectoplasm","Red Mask","Chemical X","Boot","Mummified Hand","Cursed Key","Anchor"],"potions_floor_usage":[],"damage_taken":[{"damage":1.0,"enemies":"Cultist","floor":1.0,"turns":3.0},{"damage":5.0,"enemies":"Small Slimes","floor":3.0,"turns":2.0},{"damage":0.0,"enemies":"2 Louse","floor":4.0,"turns":2.0},{"damage":10.0,"enemies":"2 Fungi Beasts","floor":5.0,"turns":4.0},{"damage":22.0,"enemies":"3 Sentries","floor":6.0,"turns":6.0},{"damage":25.0,"enemies":"Gremlin Nob","floor":8.0,"turns":4.0},{"damage":30.0,"enemies":"Lagavulin","floor":10.0,"turns":6.0},{"damage":0.0,"enemies":"Lots of Slimes","floor":11.0,"turns":1.0},{"damage":16.0,"enemies":"3 Sentries","floor":13.0,"turns":5.0},{"damage":4.0,"enemies":"Gremlin Gang","floor":14.0,"turns":2.0},{"damage":25.0,"enemies":"The Guardian","floor":16.0,"turns":12.0},{"damage":14.0,"enemies":"Shell Parasite","floor":18.0,"turns":4.0},{"damage":18.0,"enemies":"Masked Bandits","floor":19.0,"turns":4.0},{"damage":0.0,"enemies":"3 Byrds","floor":20.0,"turns":3.0},{"damage":8.0,"enemies":"Snecko","floor":21.0,"turns":3.0},{"damage":16.0,"enemies":"Book of Stabbing","floor":23.0,"turns":4.0},{"damage":6.0,"enemies":"Cultist and Chosen","floor":30.0,"turns":4.0},{"damage":12.0,"enemies":"Snake Plant","floor":31.0,"turns":3.0},{"damage":38.0,"enemies":"Collector","floor":33.0,"turns":9.0},{"damage":0.0,"enemies":"3 Shapes","floor":35.0,"turns":1.0},{"damage":0.0,"enemies":"3 Darklings","floor":36.0,"turns":2.0},{"damage":8.0,"enemies":"Transient","floor":38.0,"turns":5.0},{"damage":22.0,"enemies":"4 Shapes","floor":39.0,"turns":3.0},{"damage":53,"enemies":"Reptomancer","floor":41,"turns":4}],"seed_played":"1821472587851068039","potions_obtained":[{"floor":4.0,"key":"PowerPotion"},{"floor":5.0,"key":"Explosive Potion"},{"floor":8.0,"key":"Swift Potion"},{"floor":11.0,"key":"SpeedPotion"},{"floor":20.0,"key":"Ancient Potion"},{"floor":27.0,"key":"EntropicBrew"},{"floor":31.0,"key":"PowerPotion"},{"floor":39.0,"key":"Poison Potion"}],"is_trial":false,"path_per_floor":["M","$","M","M","M","E","R","E","T","E","M","$","E","M","R","B",null,"M","?","M","M","$","E","?","R","T","?","R","$","M","M","R","B",null,"M","M","?","M","M","R","E"],"character_chosen":"IRONCLAD","items_purchased":["Uppercut","Inflame","Chemical X"],"campfire_rested":0,"item_purchase_floors":[2,12,22],"current_hp_per_floor":[72,72,72,72,68,59,59,40,40,28,46,46,48,50,50,43,79,71,59,65,63,63,53,53,53,53,53,53,53,53,47,47,27,79,79,79,79,77,61,61,8],"gold":23,"neow_bonus":"THREE_RARE_CARDS","is_prod":false,"is_daily":false,"chose_seed":false,"campfire_upgraded":6,"win_rate":0,"timestamp":1554624287,"path_taken":["M","?","M","M","M","E","R","E","T","E","M","?","E","M","R","BOSS","M","?","M","M","$","E","?","R","T","?","R","$","?","?","R","BOSS","M","?","?","M","M","R","E"],"build_version":"2019-01-23","purchased_purges":1,"victory":false,"max_hp_per_floor":[72,72,72,72,72,79,79,79,79,79,79,79,79,79,79,79,79,79,79,79,79,79,79,79,79,79,79,79,79,79,79,79,79,79,79,79,79,79,79,79,79],"card_choices":[{"not_picked":["Berserk","Limit Break"],"picked":"Bludgeon","floor":0.0},{"not_picked":["Heavy Blade","Perfected Strike"],"picked":"Clothesline","floor":1.0},{"not_picked":["Clothesline","Body Slam","Thunderclap"],"picked":"SKIP","floor":3.0},{"not_picked":["Heavy Blade","Body Slam","Thunderclap"],"picked":"SKIP","floor":4.0},{"not_picked":["Heavy Blade","Headbutt"],"picked":"Whirlwind","floor":5.0},{"not_picked":["Intimidate","Sever Soul","Havoc"],"picked":"SKIP","floor":6.0},{"not_picked":["Infernal Blade","Clash"],"picked":"Metallicize","floor":8.0},{"not_picked":["Corruption","Clash"],"picked":"Pommel Strike","floor":10.0},{"not_picked":["Sever Soul","Havoc"],"picked":"Seeing Red","floor":11.0},{"not_picked":["Fire Breathing","Pommel Strike","Power Through"],"picked":"SKIP","floor":13.0},{"not_picked":["Clothesline","Anger","Bludgeon"],"picked":"SKIP","floor":14.0},{"not_picked":["Limit Break","Berserk"],"picked":"Demon Form","floor":16.0},{"not_picked":["Flex","Blood for Blood","Warcry+1"],"picked":"SKIP","floor":18.0},{"not_picked":["Shockwave","Battle Trance"],"picked":"Armaments+1","floor":19.0},{"not_picked":["Fire Breathing","Heavy Blade","Dual Wield+1"],"picked":"SKIP","floor":20.0},{"not_picked":["Headbutt","Havoc","Uppercut"],"picked":"SKIP","floor":21.0},{"not_picked":["Fire Breathing","Flex+1","Rupture"],"picked":"SKIP","floor":23.0},{"not_picked":["Clothesline","Perfected Strike+1"],"picked":"Flame Barrier","floor":30.0},{"not_picked":["Warcry","Corruption","Hemokinesis"],"picked":"SKIP","floor":31.0},{"not_picked":["Clash","Carnage+1","Clothesline"],"picked":"SKIP","floor":35.0},{"not_picked":["Body Slam","Havoc"],"picked":"Seeing Red","floor":36.0},{"not_picked":["Iron Wave","Demon Form","Rampage"],"picked":"SKIP","floor":38.0},{"not_picked":["Flex","Rage","Pommel Strike+1"],"picked":"SKIP","floor":39.0}],"player_experience":471294,"relics_obtained":[{"floor":6.0,"key":"Strawberry"},{"floor":8.0,"key":"Blue Candle"},{"floor":9.0,"key":"Meat on the Bone"},{"floor":10.0,"key":"Letter Opener"},{"floor":13.0,"key":"Self Forming Clay"},{"floor":19.0,"key":"Red Mask"},{"floor":23.0,"key":"Boot"},{"floor":26.0,"key":"Mummified Hand"}],"event_choices":[{"damage_healed":0.0,"max_hp_gain":0.0,"max_hp_loss":0.0,"gold_gain":0.0,"event_name":"Masked Bandits","player_choice":"Fought Bandits","floor":19.0,"gold_loss":0.0,"damage_taken":0.0},{"damage_healed":0.0,"max_hp_gain":0.0,"max_hp_loss":0.0,"gold_gain":0.0,"event_name":"The Mausoleum","player_choice":"Ignored","floor":24.0,"gold_loss":0.0,"damage_taken":0.0},{"damage_healed":0.0,"max_hp_gain":0.0,"max_hp_loss":0.0,"gold_gain":0.0,"event_name":"Lab","player_choice":"Got Potions","floor":27.0,"gold_loss":0.0,"damage_taken":0.0},{"damage_healed":0.0,"max_hp_gain":0.0,"max_hp_loss":0.0,"gold_gain":0.0,"event_name":"WeMeetAgain","player_choice":"Gave Potion","floor":37.0,"gold_loss":0.0,"damage_taken":0.0,"relics_obtained":["Anchor"]}],"is_beta":false,"boss_relics":[{"not_picked":["Runic Cube","Black Blood"],"picked":"Ectoplasm"},{"not_picked":["Sozu","Calling Bell"],"picked":"Cursed Key"}],"items_purged_floors":[12],"is_endless":false,"potions_floor_spawned":[4,5,8,11,20,21,23,31,39],"killed_by":"Reptomancer","ascension_level":1}