{"path_per_floor":["M","?","M","$","M","R","E","M","T","R","E","M","M","M","R","B",null,"M","?","$","M","M","R","?","R","T","M","$","E","M","?","R","B",null,"M","M","M","?","?","E","R","E","T","R","?","M","R","M","R","B"],"character_chosen":"IRONCLAD","items_purchased":["Gremlin Horn","Shockwave"],"gold_per_floor":[113,113,123,48,58,58,88,102,102,102,128,146,164,178,178,277,277,294,344,20,34,45,45,45,45,72,88,88,123,133,133,133,238,238,252,262,274,274,322,350,350,384,384,384,0,12,12,26,26,26],"floor_reached":51,"campfire_rested":2,"playtime":2766,"item_purchase_floors":[20,20],"current_hp_per_floor":[79,72,78,78,80,80,53,59,59,59,65,64,68,74,74,66,94,80,80,80,73,75,75,75,75,75,81,81,78,78,78,78,42,94,83,83,77,77,60,45,45,21,21,49,49,50,50,54,82,89],"items_purged":["Strike_R"],"gold":26,"score":775,"play_id":"b823a1c5-127a-4a40-aa8f-f2e564a973c4","local_time":"20180527223743","is_prod":false,"is_daily":false,"chose_seed":false,"is_ascension_mode":true,"campfire_upgraded":8,"win_rate":0,"timestamp":1527424663,"campfire_choices":[{"data":"Iron Wave","floor":6,"key":"SMITH"},{"data":"Whirlwind","floor":10,"key":"SMITH"},{"data":"Fiend Fire","floor":15,"key":"SMITH"},{"data":"Shockwave","floor":23,"key":"SMITH"},{"data":"Offering","floor":25,"key":"SMITH"},{"data":"Demon Form","floor":32,"key":"SMITH"},{"data":"Limit Break","floor":41,"key":"SMITH"},{"floor":44,"key":"REST"},{"data":"Double Tap","floor":47,"key":"SMITH"},{"floor":49,"key":"REST"}],"path_taken":["M","?","M","$","M","R","E","M","T","R","E","M","M","?","R","BOSS","M","?","$","M","M","R","?","R","T","M","?","E","M","?","R","BOSS","M","M","M","?","?","E","R","E","T","R","?","M","R","M","R","BOSS"],"build_version":"2018-05-24","seed_source_timestamp":35270383121781,"purchased_purges":1,"victory":true,"master_deck":["Strike_R","Strike_R","Defend_R","Defend_R","Defend_R","Defend_R","Bash","Cleave","Iron Wave+1","Shrug It Off","Fiend Fire+1","Whirlwind+1","Iron Wave","Pommel Strike","Spot Weakness","Offering+1","Shockwave+1","Demon Form+1","True Grit+1","Double Tap+1","Shrug It Off+1","Disarm+1","Limit Break+1","Shrug It Off+1"],"max_hp_per_floor":[80,80,80,80,80,80,80,80,80,80,94,94,94,94,94,94,94,94,94,94,94,94,94,94,94,94,94,94,94,94,94,94,94,94,94,94,94,94,94,94,94,94,94,94,94,94,94,94,94,94],"relics":["Burning Blood","Vajra","Toolbox","Mango","Velvet Choker","Gremlin Horn","Happy Flower","Art of War","Mark of Pain","Du-Vu Doll","Unceasing Top","Meat on the Bone","Blood Vial","Pantograph","Red Mask"],"card_choices":[{"not_picked":["Anger","Sword Boomerang"],"picked":"Cleave","floor":1},{"not_picked":["True Grit","Spot Weakness"],"picked":"Iron Wave","floor":3},{"not_picked":["Perfected Strike","Havoc"],"picked":"Shrug It Off","floor":5},{"not_picked":["Rampage","Headbutt"],"picked":"Fiend Fire","floor":7},{"not_picked":["Pummel","Shockwave"],"picked":"Whirlwind","floor":8},{"not_picked":["Carnage","Cleave","Spot Weakness"],"picked":"SKIP","floor":11},{"not_picked":["Infernal Blade","Wild Strike"],"picked":"Iron Wave","floor":12},{"not_picked":["Second Wind","True Grit"],"picked":"Pommel Strike","floor":13},{"not_picked":["Anger","Intimidate"],"picked":"Spot Weakness","floor":14},{"not_picked":["Dark Embrace","Juggernaut"],"picked":"Offering","floor":16},{"not_picked":["Body Slam","Iron Wave","Reckless Charge"],"picked":"SKIP","floor":18},{"not_picked":["Wild Strike","Anger+1","Searing Blow"],"picked":"SKIP","floor":21},{"not_picked":["Perfected Strike","Dropkick","Second Wind"],"picked":"SKIP","floor":22},{"not_picked":["Twin Strike","Heavy Blade","Seeing Red"],"picked":"SKIP","floor":27},{"not_picked":["Ghostly Armor","Thunderclap"],"picked":"Demon Form","floor":29},{"not_picked":["Uppercut+1","Feel No Pain"],"picked":"True Grit+1","floor":30},{"not_picked":["Feed","Offering"],"picked":"Double Tap","floor":33},{"not_picked":["Heavy Blade","Wild Strike"],"picked":"Shrug It Off+1","floor":35},{"not_picked":["Havoc+1","Clothesline+1"],"picked":"Disarm+1","floor":36},{"not_picked":["Cleave","Flex+1","Headbutt+1"],"picked":"SKIP","floor":37},{"not_picked":["Wild Strike+1","Whirlwind+1"],"picked":"Limit Break","floor":40},{"not_picked":["Anger+1","Offering"],"picked":"Shrug It Off+1","floor":42},{"not_picked":["Iron Wave","Thunderclap","Heavy Blade+1"],"picked":"SKIP","floor":46},{"not_picked":["Sword Boomerang+1","Shrug It Off","Pommel Strike"],"picked":"SKIP","floor":48}],"player_experience":84616,"potions_floor_usage":[7,46,50],"damage_taken":[{"damage":7,"enemies":"Small Slimes","floor":1,"turns":5},{"damage":0,"enemies":"2 Louse","floor":3,"turns":2},{"damage":1,"enemies":"Cultist","floor":5,"turns":4},{"damage":33,"enemies":"Lagavulin","floor":7,"turns":10},{"damage":0,"enemies":"Large Slime","floor":8,"turns":4},{"damage":14,"enemies":"3 Sentries","floor":11,"turns":5},{"damage":7,"enemies":"Exordium Thugs","floor":12,"turns":3},{"damage":2,"enemies":"Looter","floor":13,"turns":3},{"damage":0,"enemies":"2 Fungi Beasts","floor":14,"turns":3},{"damage":14,"enemies":"Slime Boss","floor":16,"turns":11},{"damage":20,"enemies":"2 Thieves","floor":18,"turns":3},{"damage":13,"enemies":"Spheric Guardian","floor":21,"turns":4},{"damage":4,"enemies":"Cultist and Chosen","floor":22,"turns":4},{"damage":0,"enemies":"Chosen and Byrds","floor":27,"turns":3},{"damage":9,"enemies":"Book of Stabbing","floor":29,"turns":4},{"damage":6,"enemies":"Centurion and Healer","floor":30,"turns":3},{"damage":46,"enemies":"Champ","floor":33,"turns":7},{"damage":17,"enemies":"3 Darklings","floor":35,"turns":2},{"damage":6,"enemies":"3 Shapes","floor":36,"turns":3},{"damage":12,"enemies":"3 Darklings","floor":37,"turns":4},{"damage":23,"enemies":"Mysterious Sphere","floor":39,"turns":2},{"damage":21,"enemies":"Nemesis","floor":40,"turns":5},{"damage":46,"enemies":"Giant Head","floor":42,"turns":8},{"damage":19,"enemies":"4 Shapes","floor":46,"turns":7},{"damage":4,"enemies":"Sphere and 2 Shapes","floor":48,"turns":2},{"damage":11,"enemies":"Awakened One","floor":50,"turns":6}],"relics_obtained":[{"floor":7,"key":"Vajra"},{"floor":9,"key":"Toolbox"},{"floor":11,"key":"Mango"},{"floor":26,"key":"Happy Flower"},{"floor":29,"key":"Art of War"},{"floor":39,"key":"Unceasing Top"},{"floor":40,"key":"Meat on the Bone"},{"floor":42,"key":"Blood Vial"},{"floor":43,"key":"Pantograph"}],"event_choices":[{"event_name":"Golden Wing","player_choice":"Card Removal","floor":2,"damage_taken":0},{"event_name":"The Joust","player_choice":"Bet on Murderer","floor":19,"damage_taken":0},{"event_name":"Ghosts","player_choice":"Ignored","floor":24,"damage_taken":0},{"event_name":"Vampires","player_choice":"Ignored","floor":31,"damage_taken":0},{"event_name":"Wheel of Change","player_choice":"Relic","floor":38,"damage_taken":0},{"event_name":"Mysterious Sphere","player_choice":"Fight","floor":39,"damage_taken":0},{"event_name":"Tomb of Lord Red Mask","player_choice":"Paid","floor":45,"damage_taken":0}],"boss_relics":[{"not_picked":["White Beast Statue","Eternal Feather"],"picked":"Velvet Choker"},{"not_picked":["Tiny House","Sozu"],"picked":"Mark of Pain"}],"items_purged_floors":[4],"potions_floor_spawned":[1,3,12,13,14,21,22,30,37,39,40,42,46],"seed_played":"-2458871846733282905","ascension_level":1,"potions_obtained":[{"floor":1,"key":"Swift Potion"},{"floor":3,"key":"EssenceOfSteel"},{"floor":12,"key":"SpeedPotion"},{"floor":13,"key":"Ancient Potion"},{"floor":14,"key":"EssenceOfSteel"},{"floor":22,"key":"Explosive Potion"},{"floor":30,"key":"Explosive Potion"},{"floor":37,"key":"Strength Potion"},{"floor":46,"key":"BloodPotion"}],"is_trial":false}