{"gold_per_floor":[113,128,148,168,80,110,110,110,133,145,145,163,163,177,177,254,254,270,270,65,80,99,99,62,76,102,114],"floor_reached":27,"playtime":1499,"items_purged":["Strike_G"],"score":412,"play_id":"b33d9948-b184-40e4-ad94-755052a3582c","local_time":"20190531140326","is_ascension_mode":true,"campfire_choices":[{"data":"Cloak And Dagger","floor":7.0,"key":"SMITH"},{"floor":11.0,"key":"REST"},{"floor":15.0,"key":"REST"},{"floor":23,"key":"REST"}],"neow_cost":"NONE","seed_source_timestamp":1124393264786097,"circlet_count":0,"master_deck":["AscendersBane","Defend_G","Defend_G","Defend_G","Defend_G","Defend_G","Strike_G","Strike_G","Survivor","Neutralize+1","Predator","Well Laid Plans","Dodge and Roll","Bane","Sucker Punch","Cloak And Dagger+1","Caltrops","Backflip","Malaise","Crippling Poison","Well Laid Plans","Leg Sweep","Cloak And Dagger","Slice+1","Dash","Bouncing Flask","Shame"],"special_seed":0,"relics":["Ring of the Snake","Pen Nib","Bag of Marbles","Cursed Key","MawBank"],"potions_floor_usage":[18,18],"damage_taken":[{"damage":7.0,"enemies":"Small Slimes","floor":1.0,"turns":4.0},{"damage":3.0,"enemies":"Cultist","floor":2.0,"turns":4.0},{"damage":4.0,"enemies":"Jaw Worm","floor":3.0,"turns":4.0},{"damage":18.0,"enemies":"Exordium Thugs","floor":4.0,"turns":7.0},{"damage":18.0,"enemies":"Lagavulin","floor":6.0,"turns":7.0},{"damage":0.0,"enemies":"Looter","floor":10.0,"turns":3.0},{"damage":2.0,"enemies":"Exordium Wildlife","floor":12.0,"turns":3.0},{"damage":8.0,"enemies":"Red Slaver","floor":14.0,"turns":2.0},{"damage":9.0,"enemies":"The Guardian","floor":16.0,"turns":14.0},{"damage":18,"enemies":"3 Byrds","floor":18,"turns":6},{"damage":29,"enemies":"Chosen","floor":21,"turns":8},{"damage":0,"enemies":"Snecko","floor":22,"turns":8},{"damage":21,"enemies":"3 Cultists","floor":25,"turns":7},{"damage":8,"enemies":"Shelled Parasite and Fungi","floor":27,"turns":1}],"seed_played":"1317072631187743036","potions_obtained":[{"floor":2.0,"key":"SkillPotion"},{"floor":4.0,"key":"Poison Potion"},{"floor":10.0,"key":"Block Potion"},{"floor":16.0,"key":"Swift Potion"},{"floor":21,"key":"EssenceOfSteel"}],"is_trial":false,"path_per_floor":["M","M","M","M","$","E","R","?","T","M","R","M","?","M","R","B",null,"M","?","$","M","M","R","$","M","T","M"],"character_chosen":"THE_SILENT","items_purchased":["Bane","Sucker Punch","Leg Sweep","Cloak And Dagger","Bouncing Flask"],"campfire_rested":3,"item_purchase_floors":[5,5,20,20,24],"current_hp_per_floor":[52,49,45,27,27,9,9,9,9,9,28,26,26,18,37,28,57,39,39,39,10,10,29,29,8,8,0],"gold":114,"neow_bonus":"UPGRADE_CARD","is_prod":false,"is_daily":false,"chose_seed":false,"campfire_upgraded":1,"win_rate":0,"timestamp":1559329406,"path_taken":["M","M","M","M","$","E","R","?","T","M","R","M","?","?","R","BOSS","M","?","$","M","M","R","?","M","T","M"],"build_version":"2019-01-23","purchased_purges":1,"victory":false,"max_hp_per_floor":[66,66,66,66,66,66,66,66,66,66,66,66,66,66,66,66,66,66,66,66,66,66,66,66,66,66,66],"card_choices":[{"not_picked":["Blade Dance","Acrobatics"],"picked":"Predator","floor":1.0},{"not_picked":["Backflip","Poisoned Stab"],"picked":"Well Laid Plans","floor":2.0},{"not_picked":["Envenom","PiercingWail"],"picked":"Dodge and Roll","floor":3.0},{"not_picked":["Blade Dance","Predator","PiercingWail"],"picked":"SKIP","floor":4.0},{"not_picked":["Prepared","Escape Plan"],"picked":"Cloak And Dagger","floor":6.0},{"not_picked":["Slice","Terror"],"picked":"Caltrops","floor":10.0},{"not_picked":["All Out Attack","Setup"],"picked":"Backflip","floor":12.0},{"not_picked":["Eviscerate","Deflect","Sucker Punch"],"picked":"SKIP","floor":14.0},{"not_picked":["Grand Finale","Venomology"],"picked":"Malaise","floor":16.0},{"not_picked":["Expertise","Sucker Punch"],"picked":"Crippling Poison","floor":18},{"not_picked":["Sucker Punch","Terror"],"picked":"Slice+1","floor":21},{"not_picked":["Bane","Sucker Punch"],"picked":"Dash","floor":22},{"not_picked":["Expertise","Outmaneuver","Blade Dance"],"picked":"SKIP","floor":25}],"player_experience":504816,"relics_obtained":[{"floor":6.0,"key":"Pen Nib"},{"floor":9.0,"key":"Bag of Marbles"},{"floor":26,"key":"MawBank"}],"event_choices":[{"damage_healed":0.0,"max_hp_gain":0.0,"max_hp_loss":0.0,"gold_gain":0.0,"event_name":"Shining Light","player_choice":"Ignored","floor":8.0,"gold_loss":0.0,"damage_taken":0.0},{"cards_removed":["Strike_G"],"damage_healed":0.0,"max_hp_gain":0.0,"max_hp_loss":0.0,"gold_gain":0.0,"event_name":"Wheel of Change","player_choice":"Card Removal","floor":13.0,"gold_loss":0.0,"damage_taken":0.0},{"damage_healed":0,"gold_gain":0,"cards_transformed":["Strike_G"],"player_choice":"Transformed","damage_taken":0,"max_hp_gain":0,"max_hp_loss":0,"event_name":"Transmorgrifier","floor":19,"gold_loss":0,"cards_obtained":["Well Laid Plans"]}],"is_beta":false,"boss_relics":[{"not_picked":["Snecko Eye","Busted Crown"],"picked":"Cursed Key"}],"items_purged_floors":[20],"is_endless":false,"potions_floor_spawned":[2,4,10,16,21],"killed_by":"Shelled Parasite and Fungi","ascension_level":18}