{"gold_per_floor":[113,127,127,147,166,166,197,207,232,88,101,131,146,176,176,278,278,295,315,121,131,131,158,169,169,195,195,230,230,230,246,246,246],"floor_reached":33,"playtime":1362,"items_purged":[],"score":349,"play_id":"b685c9fc-f3cc-4175-acb8-d9e4552a9269","local_time":"20181108214221","is_ascension_mode":false,"campfire_choices":[{"floor":6,"key":"RECALL"},{"floor":15,"key":"REST"},{"floor":27,"key":"REST"},{"data":"Chill","floor":29,"key":"SMITH"},{"data":"Zap","floor":32,"key":"SMITH"}],"neow_cost":"NONE","seed_source_timestamp":27517664300435,"circlet_count":0,"master_deck":["Strike_B+1","Strike_B","Strike_B","Strike_B","Defend_B","Defend_B","Defend_B","Defend_B","Zap+1","Dualcast+1","Sunder+1","Coolheaded","Auto Shields","Conserve Battery","Chill+1","Go for the Eyes","Ball Lightning","Double Energy","Multi-Cast","Apotheosis+1","Gash+1","Electrodynamics","FTL"],"relics":["Cracked Core","Darkstone Periapt","PreservedInsect","Oddly Smooth Stone","Busted Crown","War Paint","Centennial Puzzle","The Courier"],"potions_floor_usage":[16,23,33],"damage_taken":[{"damage":0,"enemies":"2 Louse","floor":1,"turns":3},{"damage":3,"enemies":"Jaw Worm","floor":2,"turns":3},{"damage":0,"enemies":"Cultist","floor":4,"turns":4},{"damage":3,"enemies":"Blue Slaver","floor":5,"turns":3},{"damage":2,"enemies":"3 Sentries","floor":7,"turns":7},{"damage":0,"enemies":"Looter","floor":8,"turns":3},{"damage":7,"enemies":"Large Slime","floor":11,"turns":3},{"damage":23,"enemies":"Lagavulin","floor":12,"turns":5},{"damage":6,"enemies":"Exordium Thugs","floor":13,"turns":5},{"damage":28,"enemies":"Slime Boss","floor":16,"turns":9},{"damage":10,"enemies":"Spheric Guardian","floor":18,"turns":4},{"damage":0,"enemies":"3 Byrds","floor":19,"turns":7},{"damage":18,"enemies":"Snake Plant","floor":21,"turns":5},{"damage":0,"enemies":"Colosseum Slavers","floor":22,"turns":5},{"damage":0,"enemies":"Book of Stabbing","floor":23,"turns":4},{"damage":0,"enemies":"Sentry and Sphere","floor":24,"turns":4},{"damage":0,"enemies":"Gremlin Leader","floor":28,"turns":5},{"damage":0,"enemies":"Snecko","floor":31,"turns":5},{"damage":69,"enemies":"Champ","floor":33,"turns":8}],"seed_played":"574744273441779246","potions_obtained":[{"floor":1,"key":"Fire Potion"},{"floor":2,"key":"Energy Potion"},{"floor":4,"key":"FocusPotion"},{"floor":16,"key":"Block Potion"},{"floor":28,"key":"Ancient Potion"}],"is_trial":false,"path_per_floor":["M","M","?","M","M","R","E","M","T","$","M","E","M","?","R","B",null,"M","M","$","M","?","E","M","?","T","R","E","R","?","M","R","B"],"character_chosen":"DEFECT","items_purchased":["PreservedInsect","Apotheosis"],"campfire_rested":2,"item_purchase_floors":[10,20],"current_hp_per_floor":[82,79,63,63,60,60,58,58,58,58,51,28,22,22,46,18,82,72,72,72,54,54,54,54,38,38,64,64,64,64,64,64,0],"gold":246,"neow_bonus":"TEN_PERCENT_HP_BONUS","is_prod":false,"is_daily":false,"chose_seed":false,"campfire_upgraded":2,"win_rate":0,"timestamp":1541673741,"path_taken":["M","M","?","M","M","R","E","M","T","?","M","E","M","?","R","BOSS","M","M","$","M","?","E","M","?","T","R","E","R","?","M","R","BOSS"],"build_version":"2018-11-07","purchased_purges":0,"victory":false,"max_hp_per_floor":[82,82,82,82,82,82,82,82,82,82,82,82,82,82,82,82,82,82,82,82,82,82,82,82,87,87,87,87,87,87,87,87,87],"card_choices":[{"not_picked":["Loop","Scrape"],"picked":"Sunder","floor":1},{"not_picked":["Compile Driver","Steam"],"picked":"Coolheaded","floor":2},{"not_picked":["Static Discharge","Streamline"],"picked":"Auto Shields","floor":4},{"not_picked":["Skim","Rip and Tear"],"picked":"Conserve Battery","floor":5},{"not_picked":["Go for the Eyes","Hyperbeam"],"picked":"Chill","floor":7},{"not_picked":["Gash","Auto Shields"],"picked":"Go for the Eyes","floor":8},{"not_picked":["Leap","Chaos"],"picked":"Ball Lightning","floor":11},{"not_picked":["Blizzard","Beam Cell","Heatsinks"],"picked":"SKIP","floor":12},{"not_picked":["Conserve Battery","Redo"],"picked":"Double Energy","floor":13},{"not_picked":["Buffer","Hyperbeam"],"picked":"Multi-Cast","floor":16},{"not_picked":["Steam Power+1"],"picked":"SKIP","floor":18},{"not_picked":["Turbo"],"picked":"SKIP","floor":19},{"not_picked":["Sweeping Beam"],"picked":"SKIP","floor":21},{"not_picked":[],"picked":"Gash+1","floor":23},{"not_picked":["Turbo"],"picked":"SKIP","floor":24},{"not_picked":["Sweeping Beam"],"picked":"SKIP","floor":28},{"not_picked":["Sunder"],"picked":"SKIP","floor":31}],"player_experience":200918,"relics_obtained":[{"floor":7,"key":"Darkstone Periapt"},{"floor":12,"key":"Oddly Smooth Stone"},{"floor":23,"key":"War Paint"},{"floor":26,"key":"Centennial Puzzle"},{"floor":28,"key":"The Courier"}],"event_choices":[{"damage_healed":0,"gold_gain":0,"player_choice":"Entered Light","damage_taken":16,"max_hp_gain":0,"max_hp_loss":0,"event_name":"Shining Light","floor":3,"gold_loss":0,"cards_upgraded":["Strike_B","Sunder"]},{"damage_healed":0,"gold_gain":30,"player_choice":"Searched \u00272\u0027 times","damage_taken":0,"max_hp_gain":0,"max_hp_loss":0,"event_name":"Dead Adventurer","floor":14,"gold_loss":0},{"damage_healed":0,"gold_gain":0,"player_choice":"Fight","damage_taken":0,"max_hp_gain":0,"max_hp_loss":0,"event_name":"Colosseum","floor":22,"gold_loss":0},{"damage_healed":0,"gold_gain":0,"player_choice":"Fled From Nobs","damage_taken":0,"max_hp_gain":0,"max_hp_loss":0,"event_name":"Colosseum","floor":22,"gold_loss":0},{"damage_healed":0,"gold_gain":0,"player_choice":"Shed Blood","damage_taken":21,"max_hp_gain":5,"max_hp_loss":0,"event_name":"Forgotten Altar","floor":25,"gold_loss":0},{"damage_healed":0,"gold_gain":0,"player_choice":"2 cards matched","damage_taken":0,"max_hp_gain":0,"max_hp_loss":0,"event_name":"Match and Keep!","floor":30,"gold_loss":0,"cards_obtained":["Electrodynamics","FTL"]}],"is_beta":true,"boss_relics":[{"not_picked":["Empty Cage","Runic Dome"],"picked":"Busted Crown"}],"items_purged_floors":[],"is_endless":false,"potions_floor_spawned":[1,2,4,11,13,16,19,21,28],"killed_by":"Champ","ascension_level":0}