{"gold_per_floor":[116,116,141,91,116,159,185,237,276,288,343,355,391,424,436,574,586,623,635,663,233,233],"floor_reached":22,"playtime":1282,"items_purged":[],"score":247,"play_id":"91708178-9943-4e10-b2e1-8f35e306cc12","local_time":"20181028114634","is_ascension_mode":true,"campfire_choices":[{"floor":10,"key":"REST"},{"floor":15,"key":"REST"}],"neow_cost":"NONE","seed_source_timestamp":6584345552557,"circlet_count":0,"master_deck":["Strike_R","Strike_R","Strike_R","Strike_R","Defend_R","Defend_R","Defend_R+1","Defend_R","Bash","Panacea","Armaments+1","Injury","Rampage","Shrug It Off","Uppercut","Twin Strike","Thunderclap","Iron Wave","Double Tap","Carnage","Clash"],"relics":["Burning Blood","Golden Idol","MawBank","Blood Vial","Dream Catcher","War Paint","Black Star","NlothsMask","Du-Vu Doll","Art of War"],"potions_floor_usage":[7,8,8,16,20],"damage_taken":[{"damage":13,"enemies":"Jaw Worm","floor":1,"turns":4},{"damage":7,"enemies":"Cultist","floor":3,"turns":5},{"damage":7,"enemies":"Small Slimes","floor":5,"turns":4},{"damage":32,"enemies":"3 Sentries","floor":6,"turns":12},{"damage":8,"enemies":"3 Louse","floor":7,"turns":5},{"damage":39,"enemies":"Lagavulin","floor":8,"turns":8},{"damage":21,"enemies":"Gremlin Nob","floor":11,"turns":4},{"damage":0,"enemies":"Large Slime","floor":13,"turns":5},{"damage":0,"enemies":"Looter","floor":14,"turns":4},{"damage":58,"enemies":"Slime Boss","floor":16,"turns":13},{"damage":44,"enemies":"Shell Parasite","floor":18,"turns":10},{"damage":41,"enemies":"3 Byrds","floor":20,"turns":6},{"damage":15,"enemies":"Snake Plant","floor":22,"turns":2}],"seed_played":"6207651822539170916","potions_obtained":[{"floor":5,"key":"FearPotion"},{"floor":6,"key":"SkillPotion"},{"floor":7,"key":"LiquidBronze"},{"floor":11,"key":"EssenceOfSteel"},{"floor":16,"key":"PowerPotion"},{"floor":20,"key":"SpeedPotion"}],"is_trial":false,"path_per_floor":["M","?","M","?","M","E","M","E","T","R","E","?","M","M","R","B",null,"M","?","M","$"],"character_chosen":"IRONCLAD","items_purchased":["Du-Vu Doll","Art of War"],"campfire_rested":2,"item_purchase_floors":[21,21],"current_hp_per_floor":[73,73,72,72,71,45,43,10,10,34,21,21,29,37,61,11,80,42,42,9,9,0],"gold":233,"neow_bonus":"RANDOM_COLORLESS","is_prod":false,"is_daily":false,"chose_seed":false,"campfire_upgraded":0,"win_rate":0,"timestamp":1540687594,"path_taken":["M","?","M","?","M","E","M","E","T","R","E","?","?","M","R","BOSS","M","?","M","?","M"],"build_version":"2018-10-25v2","purchased_purges":0,"victory":false,"max_hp_per_floor":[80,80,80,80,80,80,80,80,80,80,80,80,80,80,80,80,80,80,80,80,80,80],"card_choices":[{"not_picked":["Havoc","Body Slam"],"picked":"Armaments","floor":1},{"not_picked":["Havoc","Sword Boomerang"],"picked":"Rampage","floor":3},{"not_picked":["Pommel Strike","Flex"],"picked":"Shrug It Off","floor":5},{"not_picked":["Perfected Strike","Sword Boomerang"],"picked":"Uppercut","floor":6},{"not_picked":["Searing Blow","Cleave"],"picked":"Twin Strike","floor":7},{"not_picked":["Rupture","Carnage"],"picked":"Thunderclap","floor":8},{"not_picked":["Dropkick","Armaments","Exhume"],"picked":"SKIP","floor":11},{"not_picked":["Armaments","Pommel Strike"],"picked":"Iron Wave","floor":13},{"not_picked":["Rupture","Rampage","Dual Wield"],"picked":"SKIP","floor":14},{"not_picked":["Impervious","Berserk"],"picked":"Double Tap","floor":16},{"not_picked":["Evolve+1","Wild Strike+1"],"picked":"Carnage","floor":18},{"not_picked":["Wild Strike","Heavy Blade"],"picked":"Clash","floor":20}],"player_experience":130561,"relics_obtained":[{"floor":6,"key":"MawBank"},{"floor":8,"key":"Blood Vial"},{"floor":9,"key":"Dream Catcher"},{"floor":11,"key":"War Paint"}],"event_choices":[{"damage_healed":0,"gold_gain":0,"player_choice":"Take Wound","damage_taken":0,"relics_obtained":["Golden Idol"],"max_hp_gain":0,"max_hp_loss":0,"event_name":"Golden Idol","floor":2,"gold_loss":0,"cards_obtained":["Injury"]},{"cards_removed":["Strike_R"],"damage_healed":0,"gold_gain":0,"player_choice":"Card Removal","damage_taken":0,"max_hp_gain":0,"max_hp_loss":0,"event_name":"The Cleric","floor":4,"gold_loss":50},{"damage_healed":0,"gold_gain":0,"player_choice":"Searched \u00271\u0027 times","damage_taken":0,"max_hp_gain":0,"max_hp_loss":0,"event_name":"Dead Adventurer","floor":12,"gold_loss":0},{"damage_healed":0,"gold_gain":0,"player_choice":"Trade","damage_taken":0,"relics_obtained":["NlothsMask"],"max_hp_gain":0,"max_hp_loss":0,"event_name":"FaceTrader","floor":19,"gold_loss":0}],"is_beta":true,"boss_relics":[{"not_picked":["Tiny House","Snecko Eye"],"picked":"Black Star"}],"items_purged_floors":[],"is_endless":false,"potions_floor_spawned":[5,6,7,11,16,20],"killed_by":"Snake Plant","ascension_level":4}