{"gold_per_floor":[112,124,140,150,160,172,172,183,206,226,241,276,276,296,296,296],"floor_reached":16,"playtime":808,"items_purged":[],"score":110,"play_id":"58dc2ba3-3310-44c4-9f5e-7674c2580087","local_time":"20190530183515","is_ascension_mode":false,"campfire_choices":[{"data":"Skewer","floor":7,"key":"SMITH"},{"data":"Footwork","floor":13,"key":"SMITH"},{"floor":15,"key":"RECALL"}],"neow_cost":"NONE","seed_source_timestamp":25478959106984,"circlet_count":0,"master_deck":["Defend_G","Defend_G","Defend_G","Defend_G","Defend_G","Strike_G","Strike_G","Strike_G","Strike_G","Strike_G","Survivor","Neutralize","Panacea","Skewer+1","Footwork+1","Dagger Throw","Flying Knee","Dodge and Roll","Dodge and Roll","Backflip","Cloak And Dagger"],"relics":["Ring of the Snake","Vajra"],"potions_floor_usage":[4,12,12,16],"damage_taken":[{"damage":1,"enemies":"Cultist","floor":1,"turns":5},{"damage":2,"enemies":"Small Slimes","floor":2,"turns":4},{"damage":0,"enemies":"2 Louse","floor":3,"turns":3},{"damage":0,"enemies":"Looter","floor":4,"turns":3},{"damage":2,"enemies":"Exordium Thugs","floor":5,"turns":6},{"damage":0,"enemies":"2 Fungi Beasts","floor":6,"turns":4},{"damage":4,"enemies":"Lots of Slimes","floor":8,"turns":8},{"damage":18,"enemies":"Exordium Thugs","floor":10,"turns":4},{"damage":2,"enemies":"Blue Slaver","floor":11,"turns":4},{"damage":10,"enemies":"Gremlin Nob","floor":12,"turns":3},{"damage":15,"enemies":"Lots of Slimes","floor":14,"turns":5},{"damage":17,"enemies":"Hexaghost","floor":16,"turns":11}],"seed_played":"7468385691053447596","potions_obtained":[{"floor":3,"key":"Energy Potion"},{"floor":4,"key":"Poison Potion"},{"floor":5,"key":"Swift Potion"},{"floor":10,"key":"Swift Potion"},{"floor":12,"key":"SteroidPotion"},{"floor":14,"key":"Swift Potion"}],"is_trial":false,"path_per_floor":["M","M","M","M","M","M","R","M","T","M","M","E","R","M","R","B"],"character_chosen":"THE_SILENT","items_purchased":[],"campfire_rested":0,"item_purchase_floors":[],"current_hp_per_floor":[69,67,67,67,65,65,65,61,61,43,41,31,31,16,16,0],"gold":296,"neow_bonus":"RANDOM_COLORLESS","is_prod":false,"is_daily":false,"chose_seed":false,"campfire_upgraded":2,"win_rate":0,"timestamp":1559205315,"path_taken":["M","M","M","M","M","M","R","M","T","M","?","E","R","M","R","BOSS"],"build_version":"2019-01-23","purchased_purges":0,"victory":false,"max_hp_per_floor":[70,70,70,70,70,70,70,70,70,70,70,70,70,70,70,70],"card_choices":[{"not_picked":["Dagger Spray","Calculated Gamble"],"picked":"Skewer","floor":1},{"not_picked":["Terror","Sucker Punch"],"picked":"Footwork","floor":2},{"not_picked":["Escape Plan","Underhanded Strike"],"picked":"Dagger Throw","floor":3},{"not_picked":["PiercingWail","Deflect"],"picked":"Flying Knee","floor":4},{"not_picked":["Bane","Endless Agony","Riddle With Holes"],"picked":"SKIP","floor":5},{"not_picked":["Blade Dance","Deflect"],"picked":"Dodge and Roll","floor":6},{"not_picked":["Finisher","Dagger Throw","Deflect"],"picked":"SKIP","floor":8},{"not_picked":["Grand Finale","Deadly Poison"],"picked":"Dodge and Roll","floor":10},{"not_picked":["Tactician","Outmaneuver"],"picked":"Backflip","floor":11},{"not_picked":["Expertise","Backflip","Dagger Throw"],"picked":"SKIP","floor":12},{"not_picked":["Slice","PiercingWail"],"picked":"Cloak And Dagger","floor":14}],"player_experience":153831,"relics_obtained":[{"floor":12,"key":"Vajra"}],"event_choices":[],"is_beta":false,"boss_relics":[],"items_purged_floors":[],"is_endless":false,"potions_floor_spawned":[3,4,5,10,12,14],"killed_by":"Hexaghost","ascension_level":0}