{"gold_per_floor":[110,110,110,122,149,202,234,246,304,331,343,355],"floor_reached":12,"playtime":235,"items_purged":[],"score":206,"play_id":"0feaa286-d9e7-487c-8f8c-de4aa3f9c6ea","local_time":"20190331222206","is_ascension_mode":true,"campfire_choices":[{"floor":8,"key":"REST"},{"floor":11,"key":"REST"}],"neow_cost":"NONE","seed_source_timestamp":264012642729488,"circlet_count":0,"master_deck":["AscendersBane","Defend_G","Defend_G","Defend_G","Defend_G","Defend_G","Strike_G","Strike_G+1","Strike_G+1","Strike_G","Strike_G","Survivor","Neutralize","Dagger Spray","Backflip","Sucker Punch"],"relics":["Ring of the Snake","NeowsBlessing","MawBank","Golden Idol","Dodecahedron","Anchor"],"potions_floor_usage":[],"damage_taken":[{"damage":0,"enemies":"2 Louse","floor":1,"turns":1},{"damage":0,"enemies":"Small Slimes","floor":5,"turns":1},{"damage":0,"enemies":"Gremlin Nob","floor":6,"turns":1},{"damage":0,"enemies":"Jaw Worm","floor":7,"turns":5},{"damage":24,"enemies":"Large Slime","floor":10,"turns":8},{"damage":26,"enemies":"Lagavulin","floor":12,"turns":5}],"seed_played":"1817691590384265046","potions_obtained":[{"floor":5,"key":"GamblersBrew"},{"floor":10,"key":"Strength Potion"}],"is_trial":false,"path_per_floor":["M","?","?","?","M","E","M","R","T","M","R","E"],"character_chosen":"THE_SILENT","items_purchased":[],"campfire_rested":2,"item_purchase_floors":[],"current_hp_per_floor":[59,39,13,13,13,13,13,31,31,7,25,0],"gold":355,"neow_bonus":"THREE_ENEMY_KILL","is_prod":false,"is_daily":false,"chose_seed":false,"campfire_upgraded":0,"win_rate":0,"timestamp":1554092526,"path_taken":["M","?","?","?","M","E","M","R","T","M","R","E"],"build_version":"2019-01-23","purchased_purges":0,"victory":false,"max_hp_per_floor":[66,66,66,60,60,60,60,60,60,60,60,60],"card_choices":[{"not_picked":["Dagger Throw","Underhanded Strike"],"picked":"Dagger Spray","floor":1},{"not_picked":["Bane","Outmaneuver"],"picked":"Backflip","floor":5},{"not_picked":["Poisoned Stab","Backflip"],"picked":"Sucker Punch","floor":6},{"not_picked":["Backflip","Cloak And Dagger","Catalyst"],"picked":"SKIP","floor":7},{"not_picked":["Concentrate","Sucker Punch","Quick Slash"],"picked":"SKIP","floor":10}],"player_experience":399509,"relics_obtained":[{"floor":6,"key":"Dodecahedron"},{"floor":9,"key":"Anchor"}],"event_choices":[{"damage_healed":0,"gold_gain":0,"player_choice":"Entered Light","damage_taken":20,"max_hp_gain":0,"max_hp_loss":0,"event_name":"Shining Light","floor":2,"gold_loss":0,"cards_upgraded":["Strike_G","Strike_G"]},{"damage_healed":0,"gold_gain":0,"player_choice":"Success","damage_taken":26,"relics_obtained":["MawBank"],"max_hp_gain":0,"max_hp_loss":0,"event_name":"Scrap Ooze","floor":3,"gold_loss":0},{"damage_healed":0,"gold_gain":0,"player_choice":"Lose Max HP","damage_taken":0,"relics_obtained":["Golden Idol"],"max_hp_gain":0,"max_hp_loss":6,"event_name":"Golden Idol","floor":4,"gold_loss":0}],"is_beta":false,"boss_relics":[],"items_purged_floors":[],"is_endless":false,"potions_floor_spawned":[5,10],"killed_by":"Lagavulin","ascension_level":20}