{"gold_per_floor":[368,368,368,6,20,20,40,40,66,66,66,84,84,113,113,190,190,206,206,206,223,223,223,254,254,254,254,3,15,15,15],"floor_reached":31,"playtime":2723,"items_purged":["Strike_B"],"score":507,"play_id":"d39ad6e6-204f-4d14-8e26-6e008aa7b9f8","local_time":"20190606124212","is_ascension_mode":true,"campfire_choices":[{"data":"Defragment","floor":6.0,"key":"SMITH"},{"data":"Defragment","floor":8.0,"key":"SMITH"},{"data":"Seek","floor":11.0,"key":"SMITH"},{"data":"Coolheaded","floor":13.0,"key":"SMITH"},{"data":"Sunder","floor":15.0,"key":"SMITH"},{"data":"Ghostly","floor":23.0,"key":"SMITH"},{"data":"Fission","floor":27.0,"key":"SMITH"},{"data":"Amplify","floor":30.0,"key":"SMITH"}],"neow_cost":"TEN_PERCENT_HP_LOSS","seed_source_timestamp":0,"circlet_count":0,"master_deck":["AscendersBane","Strike_B","Defend_B","Defend_B","Defend_B","Defend_B","Zap","Dualcast","Sunder+1","Seek+1","Defragment+1","Ball Lightning","Defragment+1","Coolheaded+1","Core Surge","Gash","Biased Cognition","Undo","Ghostly+1","Ghostly","Ghostly","Reboot","Amplify+1","Fission+1","Capacitor"],"special_seed":0,"relics":["Cracked Core","NlothsMask","Kunai","The Courier","Coffee Dripper","Dream Catcher","Blood Vial","Bird Faced Urn"],"potions_floor_usage":[],"damage_taken":[{"damage":1.0,"enemies":"2 Louse","floor":1.0,"turns":3.0},{"damage":1.0,"enemies":"Cultist","floor":5.0,"turns":3.0},{"damage":0.0,"enemies":"Small Slimes","floor":7.0,"turns":3.0},{"damage":2.0,"enemies":"Looter","floor":12.0,"turns":3.0},{"damage":14.0,"enemies":"Lagavulin","floor":14.0,"turns":8.0},{"damage":19.0,"enemies":"Hexaghost","floor":16.0,"turns":10.0},{"damage":22.0,"enemies":"Shell Parasite","floor":18.0,"turns":4.0},{"damage":26.0,"enemies":"Colosseum Slavers","floor":19.0,"turns":3.0},{"damage":0.0,"enemies":"Spheric Guardian","floor":21.0,"turns":4.0},{"damage":0.0,"enemies":"Book of Stabbing","floor":24.0,"turns":6.0},{"damage":0.0,"enemies":"Snake Plant","floor":29.0,"turns":4.0},{"damage":27,"enemies":"Cultist and Chosen","floor":31,"turns":5}],"seed_played":"3631673197026397362","potions_obtained":[{"floor":5.0,"key":"PowerPotion"}],"is_trial":false,"path_per_floor":["M","$","?","$","M","R","M","R","T","?","R","M","R","E","R","B",null,"M","?","?","M","?","R","E","?","T","R","$","M","R","M"],"character_chosen":"DEFECT","items_purchased":["Seek","Defragment","Ball Lightning","Bird Faced Urn"],"campfire_rested":0,"item_purchase_floors":[4,4,4,28],"current_hp_per_floor":[63,63,63,63,62,62,62,62,62,44,44,42,42,28,28,9,50,28,2,2,2,2,2,2,2,2,2,2,10,10,0],"gold":15,"neow_bonus":"TWO_FIFTY_GOLD","is_prod":false,"is_daily":false,"chose_seed":false,"campfire_upgraded":8,"win_rate":0,"timestamp":1559846532,"path_taken":["M","$","?","$","?","R","M","R","T","?","R","M","R","E","R","BOSS","M","?","?","M","?","R","E","?","T","R","?","M","R","M"],"build_version":"2019-01-23","purchased_purges":1,"victory":false,"max_hp_per_floor":[64,64,64,64,64,64,64,64,64,64,64,64,64,64,64,64,64,64,64,32,32,32,32,32,32,32,32,32,32,32,32],"card_choices":[{"not_picked":["Go for the Eyes","Auto Shields"],"picked":"Sunder","floor":1.0},{"not_picked":["Beam Cell","Turbo"],"picked":"Defragment","floor":5.0},{"not_picked":["Sweeping Beam","Consume"],"picked":"Coolheaded","floor":7.0},{"not_picked":["Consume","Leap"],"picked":"Core Surge","floor":12.0},{"not_picked":["Conserve Battery","Barrage"],"picked":"Gash","floor":14.0},{"not_picked":["Meteor Strike","Creative AI"],"picked":"Biased Cognition","floor":16.0},{"not_picked":["Turbo","Blizzard"],"picked":"Undo","floor":18.0},{"not_picked":["Gash","Storm","Leap"],"picked":"SKIP","floor":21.0},{"not_picked":["Sunder","Fusion"],"picked":"Fission","floor":24.0},{"not_picked":["Loop","BootSequence"],"picked":"Capacitor","floor":29.0}],"player_experience":847755,"relics_obtained":[{"floor":14.0,"key":"The Courier"},{"floor":24.0,"key":"Dream Catcher"},{"floor":26.0,"key":"Blood Vial"}],"event_choices":[{"damage_healed":0.0,"max_hp_gain":0.0,"max_hp_loss":0.0,"gold_gain":0.0,"event_name":"FaceTrader","player_choice":"Trade","floor":3.0,"gold_loss":0.0,"damage_taken":0.0,"relics_obtained":["NlothsMask"]},{"damage_healed":0.0,"max_hp_gain":0.0,"max_hp_loss":0.0,"gold_gain":0.0,"event_name":"Scrap Ooze","player_choice":"Success","floor":10.0,"gold_loss":0.0,"damage_taken":18.0,"relics_obtained":["Kunai"]},{"damage_healed":0.0,"max_hp_gain":0.0,"max_hp_loss":0.0,"gold_gain":0.0,"event_name":"Colosseum","player_choice":"Fight","floor":19.0,"gold_loss":0.0,"damage_taken":0.0},{"damage_healed":0.0,"max_hp_gain":0.0,"max_hp_loss":0.0,"gold_gain":0.0,"event_name":"Colosseum","player_choice":"Fled From Nobs","floor":19.0,"gold_loss":0.0,"damage_taken":0.0},{"damage_healed":0.0,"max_hp_gain":0.0,"max_hp_loss":32.0,"gold_gain":0.0,"event_name":"Ghosts","player_choice":"Became a Ghost","floor":20.0,"gold_loss":0.0,"damage_taken":0.0,"cards_obtained":["Ghostly","Ghostly","Ghostly"]},{"damage_healed":0.0,"max_hp_gain":0.0,"max_hp_loss":0.0,"gold_gain":0.0,"cards_transformed":["Strike_B","Strike_B"],"event_name":"Drug Dealer","player_choice":"Became Test Subject","floor":22.0,"gold_loss":0.0,"damage_taken":0.0,"cards_obtained":["Reboot","Amplify"]},{"damage_healed":0.0,"max_hp_gain":0.0,"max_hp_loss":0.0,"gold_gain":0.0,"event_name":"Cursed Tome","player_choice":"Ignored","floor":25.0,"gold_loss":0.0,"damage_taken":0.0}],"is_beta":false,"boss_relics":[{"not_picked":["Orrery","Busted Crown"],"picked":"Coffee Dripper"}],"items_purged_floors":[4],"is_endless":false,"potions_floor_spawned":[5,19],"killed_by":"Cultist and Chosen","ascension_level":17}