{"gold_per_floor":[16,16,29,29,42,80,99,99,99,99,79,79,112,136,136,261,261,275,275,275,293,311,311,330,330,356,381,381,406,406,422,422,422],"floor_reached":33,"playtime":1678,"items_purged":[],"score":310,"play_id":"ff28b509-061b-4844-ae53-754661484ad4","local_time":"20181029201128","is_ascension_mode":true,"campfire_choices":[{"data":"Infinite Blades","floor":8,"key":"SMITH"},{"data":"Blade Dance","floor":10,"key":"SMITH"},{"data":"Neutralize","floor":12,"key":"SMITH"},{"floor":15,"key":"REST"},{"data":"Envenom","floor":23,"key":"SMITH"},{"data":"Infinite Blades","floor":25,"key":"SMITH"},{"data":"Accuracy","floor":30,"key":"SMITH"},{"floor":32,"key":"REST"}],"neow_cost":"NO_GOLD","seed_source_timestamp":8088716460888,"circlet_count":0,"master_deck":["Defend_G","Defend_G","Defend_G","Defend_G","Defend_G","Survivor","Neutralize+1","Blade Dance+1","Flechettes","Quick Slash","Sucker Punch","Injury","Flying Knee","Infinite Blades+1","PiercingWail","Accuracy+1","Infinite Blades+1","Envenom+1","Flying Knee+1","Bite","Bite","Bite","Bite","Bite","Quick Slash+1","Prepared+1","Dagger Spray","Underhanded Strike","Bane","Accuracy"],"relics":["Ring of the Snake","Unceasing Top","Golden Idol","Mummified Hand","Meat on the Bone","Question Card","Runic Pyramid","Vajra"],"potions_floor_usage":[13,22,31,31,31,31,33,33,33],"damage_taken":[{"damage":4,"enemies":"2 Louse","floor":1,"turns":4},{"damage":0,"enemies":"Cultist","floor":3,"turns":3},{"damage":0,"enemies":"Jaw Worm","floor":5,"turns":5},{"damage":30,"enemies":"3 Sentries","floor":6,"turns":8},{"damage":4,"enemies":"3 Louse","floor":7,"turns":4},{"damage":22,"enemies":"Gremlin Nob","floor":13,"turns":4},{"damage":0,"enemies":"Gremlin Gang","floor":14,"turns":4},{"damage":20,"enemies":"Slime Boss","floor":16,"turns":8},{"damage":28,"enemies":"3 Byrds","floor":18,"turns":4},{"damage":4,"enemies":"Chosen","floor":21,"turns":4},{"damage":31,"enemies":"Centurion and Healer","floor":22,"turns":5},{"damage":15,"enemies":"Snake Plant","floor":24,"turns":5},{"damage":4,"enemies":"Cultist and Chosen","floor":27,"turns":4},{"damage":1,"enemies":"Sentry and Sphere","floor":29,"turns":3},{"damage":39,"enemies":"Snake Plant","floor":31,"turns":3},{"damage":59,"enemies":"Champ","floor":33,"turns":7}],"seed_played":"4166386008891306038","potions_obtained":[{"floor":3,"key":"Fire Potion"},{"floor":11,"key":"SmokeBomb"},{"floor":13,"key":"Swift Potion"},{"floor":14,"key":"Weak Potion"},{"floor":16,"key":"EssenceOfSteel"},{"floor":18,"key":"Energy Potion"},{"floor":24,"key":"EntropicBrew"},{"floor":31,"key":"Strength Potion"}],"is_trial":false,"path_per_floor":["M","?","M","?","M","E","M","R","T","R","?","R","E","M","R","B",null,"M","?","?","M","M","R","M","R","T","M","?","M","R","M","R"],"character_chosen":"THE_SILENT","items_purchased":[],"campfire_rested":2,"item_purchase_floors":[],"current_hp_per_floor":[66,66,66,66,66,36,32,32,32,32,32,32,22,34,55,47,70,42,42,42,44,35,35,30,30,30,34,49,49,49,30,44,0],"gold":422,"neow_bonus":"ONE_RARE_RELIC","is_prod":false,"is_daily":false,"chose_seed":false,"campfire_upgraded":6,"win_rate":0,"timestamp":1540804288,"path_taken":["M","?","?","?","?","E","M","R","T","R","?","R","E","M","R","BOSS","M","?","?","M","M","R","M","R","T","M","?","M","R","M","R","BOSS"],"build_version":"2018-10-25v2","purchased_purges":0,"victory":false,"max_hp_per_floor":[70,70,70,70,70,70,70,70,70,70,70,70,70,70,70,70,70,70,70,49,49,49,49,49,49,49,49,49,49,49,49,49,49],"card_choices":[{"not_picked":["Bane","Backflip"],"picked":"Blade Dance","floor":1},{"not_picked":["Poisoned Stab","Deflect"],"picked":"Sucker Punch","floor":3},{"not_picked":["Flechettes","Die Die Die"],"picked":"Flying Knee","floor":5},{"not_picked":["Venomology","Backflip"],"picked":"Infinite Blades","floor":6},{"not_picked":["Terror","Slice"],"picked":"PiercingWail","floor":7},{"not_picked":["Die Die Die","Acrobatics"],"picked":"Accuracy","floor":13},{"not_picked":["Dagger Spray","Blade Dance","Dodge and Roll"],"picked":"Infinite Blades","floor":14},{"not_picked":["Phantasmal Killer","Tools of the Trade","Wraith Form v2"],"picked":"Envenom","floor":16},{"not_picked":["Well Laid Plans","Slice","Predator+1"],"picked":"Flying Knee+1","floor":18},{"not_picked":["PiercingWail","Flying Knee","Dagger Spray"],"picked":"Quick Slash+1","floor":21},{"not_picked":["Dash","Dagger Throw","Dagger Spray"],"picked":"Prepared+1","floor":22},{"not_picked":["Blur","Caltrops","Bane"],"picked":"Dagger Spray","floor":24},{"not_picked":["Flechettes","Eviscerate+1","Masterful Stab"],"picked":"Underhanded Strike","floor":27},{"not_picked":["Prepared","Deflect","Tools of the Trade"],"picked":"Bane","floor":29},{"not_picked":["Skewer","Underhanded Strike","Deadly Poison"],"picked":"Accuracy","floor":31}],"player_experience":134230,"relics_obtained":[{"floor":6,"key":"Mummified Hand"},{"floor":9,"key":"Meat on the Bone"},{"floor":13,"key":"Question Card"},{"floor":26,"key":"Vajra"}],"event_choices":[{"damage_healed":0,"gold_gain":0,"player_choice":"2 cards matched","damage_taken":0,"max_hp_gain":0,"max_hp_loss":0,"event_name":"Match and Keep!","floor":2,"gold_loss":0,"cards_obtained":["Flechettes","Quick Slash"]},{"damage_healed":0,"gold_gain":0,"player_choice":"Take Wound","damage_taken":0,"relics_obtained":["Golden Idol"],"max_hp_gain":0,"max_hp_loss":0,"event_name":"Golden Idol","floor":4,"gold_loss":0,"cards_obtained":["Injury"]},{"damage_healed":0,"gold_gain":0,"player_choice":"Bought 1 Potion","damage_taken":0,"max_hp_gain":0,"max_hp_loss":0,"event_name":"The Woman in Blue","floor":11,"gold_loss":0},{"damage_healed":0,"gold_gain":0,"player_choice":"Ignored","damage_taken":0,"max_hp_gain":0,"max_hp_loss":0,"event_name":"Ghosts","floor":19,"gold_loss":0},{"damage_healed":0,"gold_gain":0,"player_choice":"Became a vampire","damage_taken":0,"max_hp_gain":0,"max_hp_loss":21,"event_name":"Vampires","floor":20,"gold_loss":0,"cards_obtained":["Bite","Bite","Bite","Bite","Bite"]},{"damage_healed":16,"gold_gain":0,"player_choice":"Heal","damage_taken":0,"max_hp_gain":0,"max_hp_loss":0,"event_name":"The Library","floor":28,"gold_loss":0}],"is_beta":true,"boss_relics":[{"not_picked":["Empty Cage","Runic Dome"],"picked":"Runic Pyramid"}],"items_purged_floors":[],"is_endless":false,"potions_floor_spawned":[3,13,14,16,18,24,27,31],"killed_by":"Champ","ascension_level":2}