{"gold_per_floor":[116,126,136,146,163,198,198,231,285,285,251,263,263,263,263,364,364,374,278,290,290,270,270,280,280,280,298,298,313,329,344,344,442,442,455,195,208,208,208,208,242,242,269,287,287,297,297,55,55,55],"floor_reached":50,"playtime":2717,"items_purged":[],"score":533,"play_id":"b6515966-4214-49f1-a7bf-c58197f3bebc","local_time":"20180707200324","is_ascension_mode":true,"campfire_choices":[{"data":"Defragment","floor":7,"key":"SMITH"},{"data":"Zap","floor":10,"key":"SMITH"},{"data":"Defragment","floor":13,"key":"SMITH"},{"data":"Dualcast","floor":15,"key":"SMITH"},{"data":"Storm","floor":23,"key":"SMITH"},{"data":"Ball Lightning","floor":25,"key":"SMITH"},{"data":"Loop","floor":32,"key":"SMITH"},{"data":"White Noise","floor":40,"key":"SMITH"},{"data":"Echo Form","floor":45,"key":"SMITH"},{"floor":49,"key":"REST"}],"neow_cost":"NONE","seed_source_timestamp":49391166625150,"circlet_count":0,"master_deck":["Strike_B","Strike_B","Strike_B","Defend_B","Defend_B","Defend_B","Defend_B","Zap+1","Dualcast+1","Ball Lightning+1","BootSequence","Defragment+1","Ball Lightning","Hologram","Reboot","Loop+1","FTL","Defragment+1","All For One","Go for the Eyes+1","Storm+1","Steam","Redo+1","Barrage+1","Sweeping Beam","Chill+1","Conserve Battery","Echo Form+1","FTL","Aggregate+1","White Noise+1","Chaos+1","Trip","Beam Cell+1","Ball Lightning+1","Barrage+1"],"relics":["Cracked Core","Kunai","Bottled Flame","Strawberry","Inserter","Mercury Hourglass","Sozu","Gremlin Horn","Centennial Puzzle","Bag of Marbles","Turnip","Mummified Hand"],"potions_floor_usage":[20,30,33,41,50],"damage_taken":[{"damage":1,"enemies":"Cultist","floor":1,"turns":3},{"damage":2,"enemies":"2 Louse","floor":2,"turns":3},{"damage":2,"enemies":"Jaw Worm","floor":3,"turns":3},{"damage":5,"enemies":"Looter","floor":4,"turns":3},{"damage":3,"enemies":"Red Slaver","floor":5,"turns":2},{"damage":26,"enemies":"Lagavulin","floor":6,"turns":5},{"damage":14,"enemies":"Gremlin Nob","floor":8,"turns":3},{"damage":0,"enemies":"3 Louse","floor":12,"turns":2},{"damage":11,"enemies":"Slime Boss","floor":16,"turns":5},{"damage":0,"enemies":"Chosen","floor":18,"turns":3},{"damage":9,"enemies":"Shell Parasite","floor":20,"turns":3},{"damage":0,"enemies":"Chosen and Byrds","floor":24,"turns":4},{"damage":2,"enemies":"Centurion and Healer","floor":27,"turns":3},{"damage":12,"enemies":"Snake Plant","floor":29,"turns":3},{"damage":11,"enemies":"Snecko","floor":30,"turns":3},{"damage":0,"enemies":"3 Cultists","floor":31,"turns":4},{"damage":11,"enemies":"Automaton","floor":33,"turns":6},{"damage":0,"enemies":"Flame Bruiser 1 Orb","floor":35,"turns":4},{"damage":0,"enemies":"3 Darklings","floor":37,"turns":5},{"damage":47,"enemies":"Nemesis","floor":41,"turns":5},{"damage":8,"enemies":"Transient","floor":44,"turns":5},{"damage":5,"enemies":"Sphere and 2 Shapes","floor":46,"turns":3},{"damage":0,"floor":47,"turns":5},{"damage":63,"enemies":"Time Eater","floor":50,"turns":4}],"seed_played":"-3746781827746395475","potions_obtained":[{"floor":2,"key":"Energy Potion"},{"floor":4,"key":"SkillPotion"},{"floor":6,"key":"Poison Potion"},{"floor":22,"key":"FairyPotion"},{"floor":24,"key":"EssenceOfSteel"},{"floor":29,"key":"FocusPotion"},{"floor":33,"key":"Explosive Potion"}],"is_trial":false,"path_per_floor":["M","M","M","M","M","E","R","E","T","R","$","M","R","?","R","B",null,"M","$","M","?","?","R","M","R","T","M","$","M","M","M","R","B",null,"M","$","M","$","?","R","E","?","T","M","R","M","?","$","R"],"character_chosen":"DEFECT","items_purchased":["FTL","Storm","Steam","Gremlin Horn","Mummified Hand"],"campfire_rested":1,"item_purchase_floors":[11,19,19,36,48],"current_hp_per_floor":[81,79,77,72,69,43,43,29,36,36,36,36,36,65,65,54,89,89,89,80,80,80,80,80,80,80,78,78,66,55,55,55,44,89,89,89,89,89,89,89,42,42,42,34,34,29,29,29,55,0],"gold":55,"neow_bonus":"TEN_PERCENT_HP_BONUS","is_prod":false,"is_daily":false,"chose_seed":false,"campfire_upgraded":9,"win_rate":0,"timestamp":1530957804,"path_taken":["M","M","M","M","M","E","R","E","T","R","$","?","R","?","R","BOSS","M","$","M","?","?","R","M","R","T","?","$","M","M","M","R","BOSS","M","$","M","$","?","R","E","?","T","M","R","M","?","$","R","BOSS"],"build_version":"2018-07-05","purchased_purges":0,"victory":false,"max_hp_per_floor":[82,82,82,82,82,82,82,82,89,89,89,89,89,89,89,89,89,89,89,89,89,89,89,89,89,89,89,89,89,89,89,89,89,89,89,89,89,89,89,89,89,89,89,89,89,89,89,89,89,89],"card_choices":[{"not_picked":["Stack","Steam"],"picked":"Ball Lightning","floor":1},{"not_picked":["White Noise","Capacitor"],"picked":"BootSequence","floor":2},{"not_picked":["Coolheaded","Loop"],"picked":"Defragment","floor":3},{"not_picked":["Cold Snap","Buffer"],"picked":"Ball Lightning","floor":4},{"not_picked":["Double Energy","Stack"],"picked":"Hologram","floor":5},{"not_picked":["Chaos","Beam Cell"],"picked":"Reboot","floor":6},{"not_picked":["Steam Power","Stack","Loop"],"picked":"SKIP","floor":8},{"not_picked":["Steam Power","Stack"],"picked":"Loop","floor":8},{"not_picked":["Compile Driver","Scrape"],"picked":"Defragment","floor":12},{"not_picked":["Buffer","Hyperbeam"],"picked":"All For One","floor":16},{"not_picked":["Streamline","Cold Snap"],"picked":"Go for the Eyes+1","floor":18},{"not_picked":["Go for the Eyes","Barrage"],"picked":"Redo+1","floor":20},{"not_picked":["Darkness","Steam Power"],"picked":"Barrage+1","floor":24},{"not_picked":["Force Field","Reinforced Body"],"picked":"Sweeping Beam","floor":27},{"not_picked":["Biased Cognition","Go for the Eyes","Stack+1"],"picked":"SKIP","floor":29},{"not_picked":["Defragment","Recycle"],"picked":"Chill+1","floor":30},{"not_picked":["Ball Lightning+1","Beam Cell"],"picked":"Conserve Battery","floor":31},{"not_picked":["Machine Learning","Creative AI"],"picked":"Echo Form","floor":33},{"not_picked":["Barrage","Coolheaded+1"],"picked":"FTL","floor":35},{"not_picked":["Cold Snap+1","Leap+1"],"picked":"Aggregate+1","floor":37},{"not_picked":["Undo+1","Rebound"],"picked":"Chaos+1","floor":41},{"not_picked":["Blind","Enlightenment"],"picked":"Trip","floor":42},{"not_picked":["Stack+1","Reprogram+1"],"picked":"Beam Cell+1","floor":44},{"not_picked":["Capacitor","Static Discharge"],"picked":"Ball Lightning+1","floor":46},{"not_picked":["Loop","Doom and Gloom+1"],"picked":"Barrage+1","floor":47}],"player_experience":90309,"relics_obtained":[{"floor":6,"key":"Kunai"},{"floor":8,"key":"Bottled Flame"},{"floor":9,"key":"Strawberry"},{"floor":26,"key":"Mercury Hourglass"},{"floor":41,"key":"Centennial Puzzle"},{"floor":43,"key":"Bag of Marbles"},{"floor":47,"key":"Turnip"}],"event_choices":[{"event_name":"Big Fish","player_choice":"Banana","floor":14,"damage_taken":0},{"event_name":"Vampires","player_choice":"Ignored","floor":21,"damage_taken":0},{"event_name":"The Woman in Blue","player_choice":"Bought 1 Potion","floor":22,"damage_taken":0},{"event_name":"Transmorgrifier","player_choice":"Transform","floor":39,"damage_taken":0},{"event_name":"SensoryStone","player_choice":"Memory 1","floor":42,"damage_taken":0},{"event_name":"MindBloom","player_choice":"Fight","floor":47,"damage_taken":0}],"boss_relics":[{"not_picked":["Calling Bell","Lizard Tail"],"picked":"Inserter"},{"not_picked":["Black Star","Busted Crown"],"picked":"Sozu"}],"items_purged_floors":[],"is_endless":false,"potions_floor_spawned":[2,4,6,18,24,29,33,35,44,46],"killed_by":"Time Eater","ascension_level":1}