{"gold_per_floor":[117,130,140,140,140,140,165,165,165,19,36,36,67,67,67,141,141,153,170,196,216,236,266,266,266,312,340,340,351,380,398,398,472,522,537,537,387,401,401,401,431,431,431,460,480,480,509,523,523,523,523,523,154,184,184],"floor_reached":55,"playtime":8512,"items_purged":["Strike_B+1","Dualcast"],"score":1527,"play_id":"75988c1c-e8a5-4d4f-9a02-047477b05e6f","local_time":"20190517004158","is_ascension_mode":true,"campfire_choices":[{"data":"Zap","floor":6.0,"key":"SMITH"},{"data":"Self Repair","floor":8.0,"key":"SMITH"},{"data":"Reboot","floor":12.0,"key":"SMITH"},{"data":"Auto Shields","floor":15.0,"key":"SMITH"},{"floor":24.0,"key":"DIG"},{"floor":28.0,"key":"DIG"},{"floor":32.0,"key":"DIG"},{"data":"Defragment","floor":40.0,"key":"SMITH"},{"floor":42.0,"key":"RECALL"},{"floor":46.0,"key":"DIG"},{"floor":49.0,"key":"DIG"},{"floor":52.0,"key":"DIG"}],"neow_cost":"NONE","seed_source_timestamp":0,"circlet_count":0,"master_deck":["AscendersBane","Strike_B+1","Defend_B+1","Defend_B+1","Defend_B+1","Zap+1","Auto Shields+1","Reboot+1","Self Repair+1","Fission+1","Chaos+1","Reinforced Body+1","Amplify+1","Cold Snap","Leap+1","Glacier+1","Genetic Algorithm+1","Consume+1","Storm","Streamline","Tempest+1","Creative AI+1","Defragment+1","Defragment+1","Storm+1"],"special_seed":0,"relics":["Cracked Core","Gremlin Horn","Toxic Egg 2","Dodecahedron","Runic Pyramid","Red Mask","Shovel","Incense Burner","Blood Vial","Bird Faced Urn","Dream Catcher","Centennial Puzzle","Bottled Tornado","Tiny House","Frozen Egg 2","Vajra","Singing Bowl","Nunchaku","Blue Candle","Kunai","DataDisk","Pantograph"],"potions_floor_usage":[55,55],"damage_taken":[{"damage":2.0,"enemies":"Jaw Worm","floor":1.0,"turns":4.0},{"damage":1.0,"enemies":"2 Louse","floor":2.0,"turns":3.0},{"damage":4.0,"enemies":"Small Slimes","floor":3.0,"turns":4.0},{"damage":29.0,"enemies":"Lagavulin","floor":7.0,"turns":6.0},{"damage":0.0,"enemies":"3 Louse","floor":11.0,"turns":3.0},{"damage":0.0,"enemies":"3 Sentries","floor":13.0,"turns":7.0},{"damage":42.0,"enemies":"Slime Boss","floor":16.0,"turns":17.0},{"damage":1.0,"enemies":"Chosen","floor":18.0,"turns":8.0},{"damage":17.0,"enemies":"3 Byrds","floor":19.0,"turns":6.0},{"damage":0.0,"enemies":"Masked Bandits","floor":20.0,"turns":5.0},{"damage":0.0,"enemies":"Snake Plant","floor":21.0,"turns":7.0},{"damage":0.0,"enemies":"Cultist and Chosen","floor":22.0,"turns":11.0},{"damage":0.0,"enemies":"Book of Stabbing","floor":23.0,"turns":11.0},{"damage":12.0,"enemies":"Slavers","floor":27.0,"turns":6.0},{"damage":0.0,"enemies":"Centurion and Healer","floor":29.0,"turns":12.0},{"damage":0.0,"enemies":"Book of Stabbing","floor":30.0,"turns":8.0},{"damage":0.0,"enemies":"Snecko","floor":31.0,"turns":5.0},{"damage":59.0,"enemies":"Champ","floor":33.0,"turns":13.0},{"damage":2.0,"enemies":"3 Darklings","floor":35.0,"turns":5.0},{"damage":0.0,"enemies":"Orb Walker","floor":38.0,"turns":4.0},{"damage":0.0,"enemies":"Nemesis","floor":41.0,"turns":5.0},{"damage":13.0,"enemies":"Giant Head","floor":44.0,"turns":6.0},{"damage":0.0,"enemies":"Sphere and 2 Shapes","floor":45.0,"turns":6.0},{"damage":0.0,"enemies":"Reptomancer","floor":47.0,"turns":7.0},{"damage":0.0,"enemies":"3 Darklings","floor":48.0,"turns":5.0},{"damage":30.0,"enemies":"Time Eater","floor":50.0,"turns":7.0},{"damage":43,"enemies":"Shield and Spear","floor":54,"turns":9},{"damage":104,"enemies":"The Heart","floor":55,"turns":6}],"seed_played":"5204584808244260690","potions_obtained":[{"floor":2.0,"key":"Block Potion"},{"floor":11.0,"key":"Explosive Potion"},{"floor":13.0,"key":"FearPotion"},{"floor":16.0,"key":"FairyPotion"},{"floor":18.0,"key":"Strength Potion"},{"floor":20.0,"key":"Ancient Potion"},{"floor":27.0,"key":"Ancient Potion"},{"floor":30.0,"key":"LiquidBronze"},{"floor":33.0,"key":"FearPotion"},{"floor":34.0,"key":"SpeedPotion"},{"floor":47.0,"key":"Ancient Potion"},{"floor":54,"key":"LiquidBronze"}],"is_trial":false,"path_per_floor":["M","M","M","?","?","R","E","R","T","$","M","R","E","$","R","B",null,"M","M","?","M","M","E","R","?","T","E","R","M","E","M","R","B",null,"M","?","$","M","?","R","E","R","T","E","M","R","E","M","R","B",null,"R","$","E","B"],"character_chosen":"DEFECT","items_purchased":["Fission+1","Defragment","DataDisk","FocusPotion","Strength Potion"],"campfire_rested":0,"item_purchase_floors":[10,37,53,53,53],"current_hp_per_floor":[69,68,64,57,57,57,28,28,28,28,38,38,48,48,48,16,63,78,78,78,78,78,78,78,78,78,78,78,78,78,78,78,39,73,83,83,83,83,83,83,83,83,83,83,83,83,85,87,87,87,87,87,87,74,0],"gold":184,"neow_bonus":"TEN_PERCENT_HP_BONUS","is_prod":false,"is_daily":false,"chose_seed":false,"campfire_upgraded":5,"win_rate":0,"timestamp":1558075318,"path_taken":["M","M","M","?","?","R","E","R","T","$","M","R","E","?","R","BOSS","M","M","?","M","M","E","R","?","T","E","R","M","E","M","R","BOSS","M","?","$","M","?","R","E","R","T","E","?","R","E","M","R","BOSS","R","$","E","BOSS"],"build_version":"2019-01-23","purchased_purges":2,"victory":false,"max_hp_per_floor":[78,78,78,78,78,78,78,78,78,78,78,78,78,78,78,78,78,78,78,78,78,78,78,78,78,78,78,78,78,78,78,78,78,83,83,83,83,83,83,83,83,83,83,83,83,83,85,87,87,87,87,87,87,87,87],"card_choices":[{"not_picked":["Turbo","Heatsinks","Stack"],"picked":"SKIP","floor":1.0},{"not_picked":["Ball Lightning","Coolheaded"],"picked":"Auto Shields","floor":2.0},{"not_picked":["Reprogram","Stack","Coolheaded"],"picked":"SKIP","floor":3.0},{"not_picked":["Gash","Reprogram"],"picked":"Self Repair","floor":7.0},{"not_picked":["Streamline","Lockon"],"picked":"Chaos+1","floor":11.0},{"not_picked":["BootSequence+1","Redo+1"],"picked":"Reinforced Body+1","floor":13.0},{"not_picked":["Meteor Strike","Rainbow+1"],"picked":"Amplify+1","floor":16.0},{"not_picked":["Rebound","Ball Lightning"],"picked":"Cold Snap","floor":18.0},{"not_picked":["Skim+1","Go for the Eyes"],"picked":"Leap+1","floor":19.0},{"not_picked":["Conserve Battery+1","Go for the Eyes"],"picked":"Glacier+1","floor":20.0},{"not_picked":["Sweeping Beam","Streamline"],"picked":"Genetic Algorithm+1","floor":21.0},{"not_picked":["Chill+1","Reprogram+1"],"picked":"Consume+1","floor":22.0},{"not_picked":["Conserve Battery+1","Redo+1"],"picked":"Storm","floor":23.0},{"not_picked":["Consume+1","Scrape","FTL"],"picked":"SKIP","floor":27.0},{"not_picked":["Barrage+1","Beam Cell"],"picked":"Streamline","floor":29.0},{"not_picked":["Beam Cell","Conserve Battery+1"],"picked":"Tempest+1","floor":30.0},{"not_picked":["Meteor Strike","Self Repair","Beam Cell+1"],"picked":"SKIP","floor":31.0},{"not_picked":["Amplify+1","Meteor Strike"],"picked":"Creative AI","floor":33.0},{"not_picked":["Gash","Turbo+1"],"picked":"Defragment","floor":34.0},{"not_picked":["Double Energy+1","Undo+1","Stack+1"],"picked":"SKIP","floor":35.0},{"not_picked":["Cold Snap","Turbo+1","Redo+1"],"picked":"SKIP","floor":38.0},{"not_picked":["Conserve Battery+1","Gash","Loop"],"picked":"SKIP","floor":41.0},{"not_picked":["Conserve Battery+1","Gash","Loop"],"picked":"SKIP","floor":41.0},{"not_picked":["Redo+1","Conserve Battery+1","Rainbow+1"],"picked":"SKIP","floor":44.0},{"not_picked":["Barrage","Redo+1","Hologram+1"],"picked":"SKIP","floor":45.0},{"not_picked":["Streamline","Darkness+1","Consume+1"],"picked":"Singing Bowl","floor":47.0},{"not_picked":["Rainbow+1","Compile Driver","Cold Snap"],"picked":"Singing Bowl","floor":48.0},{"not_picked":["Aggregate+1","Doom and Gloom"],"picked":"Storm+1","floor":54}],"player_experience":715912,"relics_obtained":[{"floor":7.0,"key":"Gremlin Horn"},{"floor":9.0,"key":"Toxic Egg 2"},{"floor":13.0,"key":"Dodecahedron"},{"floor":20.0,"key":"Red Mask"},{"floor":23.0,"key":"Shovel"},{"floor":24.0,"key":"Incense Burner"},{"floor":26.0,"key":"Blood Vial"},{"floor":27.0,"key":"Bird Faced Urn"},{"floor":28.0,"key":"Dream Catcher"},{"floor":30.0,"key":"Centennial Puzzle"},{"floor":32.0,"key":"Bottled Tornado"},{"floor":41.0,"key":"Frozen Egg 2"},{"floor":44.0,"key":"Vajra"},{"floor":46.0,"key":"Singing Bowl"},{"floor":47.0,"key":"Nunchaku"},{"floor":49.0,"key":"Blue Candle"},{"floor":52.0,"key":"Kunai"},{"floor":54,"key":"Pantograph"}],"event_choices":[{"cards_removed":["Defend_B"],"damage_healed":0.0,"max_hp_gain":0.0,"max_hp_loss":0.0,"gold_gain":0.0,"event_name":"Golden Wing","player_choice":"Card Removal","floor":4.0,"gold_loss":0.0,"damage_taken":7.0},{"damage_healed":0.0,"max_hp_gain":0.0,"max_hp_loss":0.0,"gold_gain":0.0,"cards_transformed":["Strike_B"],"event_name":"Living Wall","player_choice":"Change","floor":5.0,"gold_loss":0.0,"damage_taken":0.0,"cards_obtained":["Reboot"]},{"damage_healed":0.0,"max_hp_gain":0.0,"max_hp_loss":0.0,"gold_gain":0.0,"event_name":"Masked Bandits","player_choice":"Fought Bandits","floor":20.0,"gold_loss":0.0,"damage_taken":0.0},{"damage_healed":0.0,"max_hp_gain":0.0,"max_hp_loss":0.0,"gold_gain":0.0,"event_name":"Back to Basics","player_choice":"Simplicity","floor":25.0,"gold_loss":0.0,"damage_taken":0.0,"cards_upgraded":["Strike_B","Strike_B","Strike_B","Defend_B","Defend_B","Defend_B"]},{"cards_removed":["Strike_B"],"damage_healed":0.0,"max_hp_gain":0.0,"max_hp_loss":0.0,"gold_gain":0.0,"event_name":"Falling","player_choice":"Removed Attack","floor":36.0,"gold_loss":0.0,"damage_taken":0.0},{"damage_healed":0.0,"max_hp_gain":0.0,"max_hp_loss":0.0,"gold_gain":0.0,"event_name":"Accursed Blacksmith","player_choice":"Forge","floor":39.0,"gold_loss":0.0,"damage_taken":0.0,"cards_upgraded":["Defragment"]}],"is_beta":false,"boss_relics":[{"not_picked":["White Beast Statue","Empty Cage"],"picked":"Runic Pyramid"},{"not_picked":["Astrolabe","Velvet Choker"],"picked":"Tiny House"}],"items_purged_floors":[37,53],"is_endless":false,"potions_floor_spawned":[2,11,13,16,18,19,20,27,30,33,35,47,54],"killed_by":"The Heart","ascension_level":14}