{"gold_per_floor":[114,164,175,186,186,186,186,197,248,263,277,277,277,297,297,368,368,379,303,303,313,77,77,95,95,163,178,20,20,20],"floor_reached":30,"playtime":1256,"items_purged":["Strike_G","Strike_G"],"score":433,"play_id":"3c879a96-b8ba-4912-b04d-115fda583aa0","local_time":"20190330022206","is_ascension_mode":true,"campfire_choices":[{"data":"Dagger Spray","floor":6,"key":"SMITH"},{"data":"Survivor","floor":13,"key":"SMITH"},{"data":"Defend_G","floor":15,"key":"SMITH"},{"data":"Noxious Fumes","floor":23,"key":"SMITH"},{"data":"Footwork","floor":25,"key":"SMITH"},{"data":"Dash","floor":29,"key":"SMITH"}],"neow_cost":"NONE","seed_source_timestamp":104591187703787,"circlet_count":0,"master_deck":["AscendersBane","Defend_G","Defend_G+1","Defend_G+1","Defend_G","Defend_G+1","Strike_G","Strike_G","Strike_G","Survivor+1","Neutralize+1","Dagger Spray+1","Backflip+1","Footwork+1","Noxious Fumes+1","Dash+1","Backflip"],"relics":["Ring of the Snake","NeowsBlessing","Orichalcum","Sozu","War Paint","Pantograph"],"potions_floor_usage":[16,21],"damage_taken":[{"damage":0,"enemies":"2 Louse","floor":1,"turns":1},{"damage":0,"enemies":"Cultist","floor":3,"turns":1},{"damage":0,"enemies":"Jaw Worm","floor":4,"turns":1},{"damage":0,"enemies":"3 Louse","floor":8,"turns":2},{"damage":0,"enemies":"Red Slaver","floor":10,"turns":5},{"damage":1,"enemies":"2 Fungi Beasts","floor":11,"turns":4},{"damage":0,"enemies":"Looter","floor":14,"turns":4},{"damage":40,"enemies":"The Guardian","floor":16,"turns":23},{"damage":25,"enemies":"3 Byrds","floor":18,"turns":8},{"damage":6,"enemies":"Chosen","floor":21,"turns":7},{"damage":13,"enemies":"Snecko","floor":24,"turns":10},{"damage":9,"enemies":"Chosen and Byrds","floor":27,"turns":8},{"damage":5,"enemies":"Colosseum Slavers","floor":30,"turns":4}],"seed_played":"4991917405861812320","potions_obtained":[{"floor":1,"key":"Weak Potion"},{"floor":3,"key":"EssenceOfSteel"},{"floor":8,"key":"Ancient Potion"},{"floor":14,"key":"Dexterity Potion"}],"is_trial":false,"path_per_floor":["M","?","M","M","?","R","?","M","T","M","M","?","R","M","R","B",null,"M","$","?","M","$","R","M","R","T","M","$","R","?"],"character_chosen":"THE_SILENT","items_purchased":["Footwork","War Paint","Backflip"],"campfire_rested":0,"item_purchase_floors":[19,22,28],"current_hp_per_floor":[59,59,59,59,59,59,59,59,59,59,58,66,66,66,66,26,56,31,31,31,25,25,25,12,12,12,3,3,3,0],"gold":20,"neow_bonus":"THREE_ENEMY_KILL","is_prod":false,"is_daily":false,"chose_seed":false,"campfire_upgraded":6,"win_rate":0,"timestamp":1553934126,"path_taken":["M","?","M","?","?","R","?","?","T","M","M","?","R","M","R","BOSS","M","$","?","M","$","R","M","R","T","M","$","R","?"],"build_version":"2019-01-23","purchased_purges":2,"victory":false,"max_hp_per_floor":[66,66,66,66,66,66,66,66,66,66,66,66,66,66,66,66,66,66,66,66,66,66,66,66,66,66,66,66,66,66],"card_choices":[{"not_picked":["Calculated Gamble","Outmaneuver","Blade Dance"],"picked":"SKIP","floor":1},{"not_picked":["Leg Sweep","Acrobatics"],"picked":"Dagger Spray","floor":3},{"not_picked":["Blade Dance","All Out Attack"],"picked":"Backflip","floor":4},{"not_picked":["Slice","All Out Attack","Poisoned Stab"],"picked":"SKIP","floor":8},{"not_picked":["Calculated Gamble","Outmaneuver","Heel Hook"],"picked":"SKIP","floor":10},{"not_picked":["Terror","Flechettes","Blade Dance"],"picked":"SKIP","floor":11},{"not_picked":["Malaise","Dagger Throw","Dodge and Roll"],"picked":"SKIP","floor":14},{"not_picked":["Flying Knee","Tactician","Choke"],"picked":"SKIP","floor":18},{"not_picked":["Endless Agony","Cloak And Dagger","Tactician"],"picked":"SKIP","floor":21},{"not_picked":["Acrobatics","Footwork"],"picked":"Dash","floor":24},{"not_picked":["Underhanded Strike","Poisoned Stab","Blade Dance"],"picked":"SKIP","floor":27}],"player_experience":354204,"relics_obtained":[{"floor":9,"key":"Orichalcum"},{"floor":26,"key":"Pantograph"}],"event_choices":[{"damage_healed":0,"gold_gain":50,"player_choice":"Pray","damage_taken":0,"max_hp_gain":0,"max_hp_loss":0,"event_name":"Golden Shrine","floor":2,"gold_loss":0},{"damage_healed":0,"gold_gain":0,"player_choice":"Grow","damage_taken":0,"max_hp_gain":0,"max_hp_loss":0,"event_name":"Living Wall","floor":5,"gold_loss":0,"cards_upgraded":["Neutralize"]},{"damage_healed":0,"gold_gain":0,"player_choice":"Upgraded","damage_taken":0,"max_hp_gain":0,"max_hp_loss":0,"event_name":"Upgrade Shrine","floor":7,"gold_loss":0,"cards_upgraded":["Backflip"]},{"damage_healed":22,"gold_gain":0,"player_choice":"Banana","damage_taken":0,"max_hp_gain":0,"max_hp_loss":0,"event_name":"Big Fish","floor":12,"gold_loss":0},{"damage_healed":0,"gold_gain":0,"player_choice":"Read","damage_taken":0,"max_hp_gain":0,"max_hp_loss":0,"event_name":"The Library","floor":20,"gold_loss":0,"cards_obtained":["Noxious Fumes"]},{"damage_healed":0,"gold_gain":0,"player_choice":"Fight","damage_taken":0,"max_hp_gain":0,"max_hp_loss":0,"event_name":"Colosseum","floor":30,"gold_loss":0}],"is_beta":false,"boss_relics":[{"not_picked":["Philosopher\u0027s Stone","Tiny House"],"picked":"Sozu"}],"items_purged_floors":[22,28],"is_endless":false,"potions_floor_spawned":[1,3,8,11,14,18,27],"killed_by":"Colosseum Slavers","ascension_level":19}