{"path_per_floor":["M","M","$","M","M","E","$","E","T","M","?","M","R","E","R","B",null,"M","$","?","?","M","R","E","R","T","E","R","M","M","M","R"],"character_chosen":"THE_SILENT","items_purchased":["Madness","Calculated Gamble","Bottled Flame"],"gold_per_floor":[115,133,34,53,68,93,59,90,115,134,134,146,146,179,179,278,278,278,33,33,33,33,33,33,33,33,33,33,33,33,33,33,33],"floor_reached":33,"campfire_rested":4,"playtime":3639,"current_hp_per_floor":[69,67,67,67,67,40,40,25,25,21,44,43,43,24,45,20,70,54,54,54,38,30,51,32,53,53,31,31,31,12,10,31,0],"items_purged":[],"gold":33,"score":332,"play_id":"476b7ff8-22a5-4b4b-8553-13d2397cee3d","local_time":"20180521201633","is_prod":false,"is_daily":false,"chose_seed":false,"is_ascension_mode":false,"campfire_upgraded":1,"timestamp":1526897793,"campfire_choices":[{"data":"Backstab","floor":13.0,"key":"SMITH"},{"floor":15.0,"key":"REST"},{"floor":23,"key":"REST"},{"floor":25,"key":"REST"},{"data":"1","floor":28,"key":"LIFT"},{"floor":32,"key":"REST"}],"path_taken":["M","M","$","?","?","E","$","E","T","M","?","M","R","E","R","BOSS","M","$","?","?","?","R","E","R","T","E","R","M","M","M","R","BOSS"],"build_version":"2018-05-17","seed_source_timestamp":0,"purchased_purges":0,"victory":false,"master_deck":["Defend_G","Defend_G","Defend_G","Defend_G","Defend_G","Strike_G","Strike_G","Strike_G","Strike_G","Strike_G","Survivor","Neutralize","Deflect","Finisher","Flying Knee","Madness","Deadly Poison","Backstab+1","Doppelganger","Calculated Gamble","Bullet Time","Flying Knee","Flying Knee","Bouncing Flask","Burst","Flying Knee","Necronomicurse","Dagger Spray","Well Laid Plans","Dash+1","Backstab","Outmaneuver","Malaise+1"],"max_hp_per_floor":[70,70,70,70,70,70,70,70,70,70,70,70,70,70,70,70,70,70,70,70,70,70,70,70,70,70,70,70,70,70,70,70,70],"relics":["Ring of the Snake","Centennial Puzzle","Lantern","Potion Belt","Vajra","Ectoplasm","Bottled Flame","Necronomicon","Mummified Hand","Bag of Marbles","Girya"],"card_choices":[{"not_picked":["Acrobatics","Blur"],"picked":"Deflect","floor":0.0},{"not_picked":["Prepared","Backflip"],"picked":"Finisher","floor":1.0},{"not_picked":["Deflect","Blade Dance"],"picked":"Flying Knee","floor":2.0},{"not_picked":["Flying Knee","Outmaneuver"],"picked":"Deadly Poison","floor":4.0},{"not_picked":["Deflect","Endless Agony"],"picked":"Backstab","floor":5.0},{"not_picked":["Dagger Spray","Dagger Throw"],"picked":"Doppelganger","floor":6.0},{"not_picked":["Dagger Throw","Choke"],"picked":"Bullet Time","floor":8.0},{"not_picked":["Poisoned Stab","Predator"],"picked":"Flying Knee","floor":10.0},{"not_picked":["Dagger Spray","Slice"],"picked":"Flying Knee","floor":12.0},{"not_picked":["Well Laid Plans","Deadly Poison"],"picked":"Bouncing Flask","floor":14.0},{"not_picked":["After Image","Venomology"],"picked":"Burst","floor":16.0},{"not_picked":["Poisoned Stab","Quick Slash"],"picked":"Flying Knee","floor":18},{"not_picked":["Distraction","Underhanded Strike"],"picked":"Dagger Spray","floor":22},{"not_picked":["Backflip+1","Sucker Punch+1"],"picked":"Well Laid Plans","floor":24},{"not_picked":["Distraction","Poisoned Stab"],"picked":"Dash+1","floor":27},{"not_picked":["All Out Attack","Dash"],"picked":"Backstab","floor":29},{"not_picked":["PiercingWail+1","Glass Knife"],"picked":"Outmaneuver","floor":30},{"not_picked":["Skewer","Flying Knee"],"picked":"Malaise+1","floor":31}],"player_experience":10246,"potions_floor_usage":[24],"damage_taken":[{"damage":1.0,"enemies":"Cultist","floor":1.0,"turns":5.0},{"damage":2.0,"enemies":"Jaw Worm","floor":2.0,"turns":4.0},{"damage":0.0,"enemies":"2 Louse","floor":4.0,"turns":2.0},{"damage":0.0,"enemies":"Large Slime","floor":5.0,"turns":5.0},{"damage":27.0,"enemies":"3 Sentries","floor":6.0,"turns":9.0},{"damage":15.0,"enemies":"Lagavulin","floor":8.0,"turns":7.0},{"damage":4.0,"enemies":"Gremlin Gang","floor":10.0,"turns":6.0},{"damage":1.0,"enemies":"Looter","floor":12.0,"turns":2.0},{"damage":19.0,"enemies":"Gremlin Nob","floor":14.0,"turns":4.0},{"damage":25.0,"enemies":"Slime Boss","floor":16.0,"turns":12.0},{"damage":16,"enemies":"Spheric Guardian","floor":18,"turns":4},{"damage":8,"enemies":"3 Byrds","floor":22,"turns":4},{"damage":19,"enemies":"Slavers","floor":24,"turns":6},{"damage":22,"enemies":"Book of Stabbing","floor":27,"turns":3},{"damage":0,"enemies":"Snake Plant","floor":29,"turns":1},{"damage":19,"enemies":"Chosen and Byrds","floor":30,"turns":5},{"damage":2,"enemies":"Cultist and Chosen","floor":31,"turns":3},{"damage":38,"enemies":"Automaton","floor":33,"turns":6}],"relics_obtained":[{"floor":6.0,"key":"Centennial Puzzle"},{"floor":8.0,"key":"Lantern"},{"floor":9.0,"key":"Potion Belt"},{"floor":14.0,"key":"Vajra"},{"floor":21,"key":"Necronomicon"},{"floor":24,"key":"Mummified Hand"},{"floor":26,"key":"Bag of Marbles"},{"floor":27,"key":"Girya"}],"event_choices":[{"event_name":"Big Fish","player_choice":"Banana","floor":11.0,"damage_taken":0.0},{"event_name":"Beggar","player_choice":"Ignored","floor":20,"damage_taken":0},{"event_name":"Cursed Tome","player_choice":"Obtained Book","floor":21,"damage_taken":0}],"boss_relics":[{"not_picked":["Orrery","Cursed Key"],"picked":"Ectoplasm"}],"potions_floor_spawned":[2,6,8,12,14,24,29,30],"seed_played":"-2553144723272996953","killed_by":"Automaton","ascension_level":0,"potions_obtained":[{"floor":2.0,"key":"EntropicBrew"},{"floor":8.0,"key":"SpeedPotion"},{"floor":12.0,"key":"Weak Potion"},{"floor":14.0,"key":"SteroidPotion"},{"floor":24,"key":"SpeedPotion"},{"floor":29,"key":"Weak Potion"},{"floor":30,"key":"SteroidPotion"}],"is_trial":false}