{"gold_per_floor":[111,125,144,144,46,46,65,81,81,100,100,113,139,139,139,139],"floor_reached":16,"playtime":869,"items_purged":[],"score":188,"play_id":"e8faf6b5-ec25-4a06-abdb-8260d64c7321","local_time":"20190331194846","is_ascension_mode":true,"campfire_choices":[{"data":"Survivor","floor":6,"key":"SMITH"},{"floor":11,"key":"REST"},{"data":"PiercingWail","floor":15,"key":"SMITH"}],"neow_cost":"NONE","seed_source_timestamp":254178968249688,"circlet_count":0,"master_deck":["AscendersBane","Defend_G","Defend_G","Defend_G","Defend_G","Defend_G","Strike_G","Strike_G","Strike_G","Strike_G","Strike_G","Survivor+1","Neutralize+1","Flying Knee","Dagger Throw","PiercingWail+1","Deflect","Backstab","Slice","Endless Agony"],"relics":["Ring of the Snake","Darkstone Periapt","Shuriken","Snake Skull","FaceOfCleric"],"potions_floor_usage":[],"damage_taken":[{"damage":4,"enemies":"Small Slimes","floor":1,"turns":5},{"damage":0,"enemies":"Cultist","floor":2,"turns":3},{"damage":8,"enemies":"Jaw Worm","floor":3,"turns":4},{"damage":28,"enemies":"Gremlin Gang","floor":7,"turns":7},{"damage":0,"enemies":"Lots of Slimes","floor":8,"turns":5},{"damage":11,"enemies":"Exordium Wildlife","floor":10,"turns":3},{"damage":7,"enemies":"Large Slime","floor":12,"turns":6},{"damage":20,"enemies":"The Guardian","floor":16,"turns":10}],"seed_played":"-1960351732014315308","potions_obtained":[{"floor":2,"key":"Strength Potion"},{"floor":8,"key":"FearPotion"},{"floor":12,"key":"Block Potion"}],"is_trial":false,"path_per_floor":["M","M","M","?","$","R","M","M","T","M","R","M","T","?","R","B"],"character_chosen":"THE_SILENT","items_purchased":["Deflect","Backstab"],"campfire_rested":1,"item_purchase_floors":[5,5],"current_hp_per_floor":[55,55,47,47,47,47,19,19,19,8,27,20,20,20,20,0],"gold":139,"neow_bonus":"UPGRADE_CARD","is_prod":false,"is_daily":false,"chose_seed":false,"campfire_upgraded":2,"win_rate":0,"timestamp":1554083326,"path_taken":["M","M","M","?","$","R","M","?","T","M","R","?","?","?","R","BOSS"],"build_version":"2019-01-23","purchased_purges":0,"victory":false,"max_hp_per_floor":[66,66,66,66,66,66,66,66,66,66,66,66,66,66,66,66],"card_choices":[{"not_picked":["Slice","Dagger Spray"],"picked":"Flying Knee","floor":1},{"not_picked":["Terror","Acrobatics"],"picked":"Dagger Throw","floor":2},{"not_picked":["Cloak And Dagger","Flying Knee"],"picked":"PiercingWail","floor":3},{"not_picked":["Bane","Concentrate","Calculated Gamble"],"picked":"SKIP","floor":7},{"not_picked":["Night Terror","Dagger Throw","Bane"],"picked":"SKIP","floor":8},{"not_picked":["Blade Dance","Flying Knee"],"picked":"Slice","floor":10},{"not_picked":["Acrobatics","Masterful Stab"],"picked":"Endless Agony","floor":12}],"player_experience":390032,"relics_obtained":[{"floor":4,"key":"Darkstone Periapt"},{"floor":9,"key":"Shuriken"},{"floor":13,"key":"Snake Skull"}],"event_choices":[{"damage_healed":0,"gold_gain":0,"player_choice":"Relic","damage_taken":0,"max_hp_gain":0,"max_hp_loss":0,"event_name":"Wheel of Change","floor":4,"gold_loss":0},{"damage_healed":0,"gold_gain":0,"player_choice":"Trade","damage_taken":0,"relics_obtained":["FaceOfCleric"],"max_hp_gain":0,"max_hp_loss":0,"event_name":"FaceTrader","floor":14,"gold_loss":0}],"is_beta":false,"boss_relics":[],"items_purged_floors":[],"is_endless":false,"potions_floor_spawned":[2,8,12],"killed_by":"The Guardian","ascension_level":20}