{"gold_per_floor":[16,16,32,46,17,17,29,29,29,29,59,59,59],"floor_reached":13,"playtime":752,"items_purged":[],"score":166,"play_id":"9e8715b4-306c-4173-8b57-9512b8629178","local_time":"20190331235524","is_ascension_mode":true,"campfire_choices":[{"floor":6,"key":"DIG"},{"floor":8,"key":"DIG"},{"floor":10,"key":"DIG"}],"neow_cost":"NO_GOLD","seed_source_timestamp":269094654763215,"circlet_count":0,"master_deck":["AscendersBane","Defend_G","Defend_G+1","Defend_G","Defend_G","Defend_G+1","Strike_G","Strike_G","Strike_G","Strike_G","Strike_G","Survivor","Neutralize","Well Laid Plans+1","Dagger Spray","Quick Slash","PiercingWail","Predator"],"relics":["Ring of the Snake","Shovel","Mummified Hand","Mango","Anchor","Bag of Marbles","War Paint"],"potions_floor_usage":[13,13],"damage_taken":[{"damage":7,"enemies":"Small Slimes","floor":1,"turns":4},{"damage":1,"enemies":"Cultist","floor":3,"turns":4},{"damage":0,"enemies":"2 Louse","floor":4,"turns":3},{"damage":32,"enemies":"Large Slime","floor":7,"turns":7},{"damage":24,"enemies":"3 Sentries","floor":11,"turns":12},{"damage":20,"enemies":"Gremlin Nob","floor":13,"turns":3}],"seed_played":"1744115921589478472","potions_obtained":[{"floor":4,"key":"Explosive Potion"},{"floor":11,"key":"PowerPotion"}],"is_trial":false,"path_per_floor":["M","?","M","M","$","R","M","R","T","R","E","$","E"],"character_chosen":"THE_SILENT","items_purchased":["PiercingWail"],"campfire_rested":0,"item_purchase_floors":[5],"current_hp_per_floor":[52,52,51,51,51,51,19,33,33,33,9,9,0],"gold":59,"neow_bonus":"ONE_RARE_RELIC","is_prod":false,"is_daily":false,"chose_seed":false,"campfire_upgraded":0,"win_rate":0,"timestamp":1554098124,"path_taken":["M","?","M","M","$","R","M","R","T","R","E","$","E"],"build_version":"2019-01-23","purchased_purges":0,"victory":false,"max_hp_per_floor":[66,66,66,66,66,66,66,80,80,80,80,80,80],"card_choices":[{"not_picked":["Acrobatics","Escape Plan"],"picked":"Well Laid Plans","floor":1},{"not_picked":["Backflip","PiercingWail"],"picked":"Dagger Spray","floor":3},{"not_picked":["Underhanded Strike","Dodge and Roll"],"picked":"Quick Slash","floor":4},{"not_picked":["Dagger Spray","Setup","Accuracy"],"picked":"SKIP","floor":7},{"not_picked":["Dagger Throw","Acrobatics"],"picked":"Predator","floor":11}],"player_experience":404354,"relics_obtained":[{"floor":6,"key":"Mummified Hand"},{"floor":8,"key":"Mango"},{"floor":9,"key":"Anchor"},{"floor":10,"key":"Bag of Marbles"},{"floor":11,"key":"War Paint"}],"event_choices":[{"damage_healed":0,"gold_gain":0,"player_choice":"Upgraded","damage_taken":0,"max_hp_gain":0,"max_hp_loss":0,"event_name":"Upgrade Shrine","floor":2,"gold_loss":0,"cards_upgraded":["Well Laid Plans"]}],"is_beta":false,"boss_relics":[],"items_purged_floors":[],"is_endless":false,"potions_floor_spawned":[4,11],"killed_by":"Gremlin Nob","ascension_level":20}