{"path_per_floor":["M","?","M","$","M","M","?","R","T","M","?","E","M","E","R"],"character_chosen":"IRONCLAD","items_purchased":["Body Slam","Dramatic Entrance"],"gold_per_floor":[367,347,364,153,167,184,184,184,230,246,275,309,327,361,361,361],"floor_reached":16,"campfire_rested":0,"playtime":1186,"current_hp_per_floor":[36,36,41,41,46,47,47,47,47,43,46,51,57,55,55,0],"items_purged":["Strike_R"],"gold":361,"score":112,"play_id":"46134131-f1e0-487e-9ce2-0eec91203651","local_time":"20180522172305","is_prod":false,"is_daily":false,"chose_seed":false,"is_ascension_mode":false,"campfire_upgraded":2,"timestamp":1526973785,"campfire_choices":[{"data":"Dramatic Entrance","floor":8,"key":"SMITH"},{"data":"Body Slam","floor":15,"key":"SMITH"}],"path_taken":["M","?","?","$","M","M","?","R","T","M","?","E","M","E","R","BOSS"],"build_version":"2018-05-17","seed_source_timestamp":30593113185465,"purchased_purges":1,"victory":false,"master_deck":["Strike_R","Strike_R","Strike_R","Strike_R","Defend_R","Defend_R","Defend_R+1","Defend_R+1","Bash","Thunderclap","Shrug It Off","Body Slam","Dramatic Entrance+1","Body Slam+1","Uppercut","Bloodletting","Shrug It Off","Iron Wave"],"max_hp_per_floor":[80,80,80,80,80,80,80,80,80,80,80,80,80,80,80,80],"relics":["Burning Blood","Anchor","Odd Mushroom","War Paint","Dream Catcher"],"card_choices":[{"not_picked":["Searing Blow","Twin Strike"],"picked":"Thunderclap","floor":1},{"not_picked":["Whirlwind","Body Slam"],"picked":"Shrug It Off","floor":3},{"not_picked":["Perfected Strike","Heavy Blade"],"picked":"Body Slam","floor":5},{"not_picked":["Dropkick","Clothesline"],"picked":"Uppercut","floor":6},{"not_picked":["Sword Boomerang","Uppercut"],"picked":"Bloodletting","floor":10},{"not_picked":["Disarm","Whirlwind"],"picked":"Shrug It Off","floor":12},{"not_picked":["Searing Blow","Thunderclap"],"picked":"Iron Wave","floor":13},{"not_picked":["Hemokinesis","Headbutt","Clothesline"],"picked":"SKIP","floor":14}],"player_experience":33371,"potions_floor_usage":[11,12,12,14,14],"damage_taken":[{"damage":10,"enemies":"Small Slimes","floor":1,"turns":4},{"damage":1,"enemies":"Cultist","floor":3,"turns":3},{"damage":1,"enemies":"2 Louse","floor":5,"turns":3},{"damage":5,"enemies":"Lots of Slimes","floor":6,"turns":2},{"damage":10,"enemies":"Large Slime","floor":10,"turns":5},{"damage":3,"enemies":"The Mushroom Lair","floor":11,"turns":3},{"damage":1,"enemies":"3 Sentries","floor":12,"turns":5},{"damage":0,"enemies":"Red Slaver","floor":13,"turns":2},{"damage":8,"enemies":"Gremlin Nob","floor":14,"turns":4},{"damage":56,"enemies":"Hexaghost","floor":16,"turns":9}],"relics_obtained":[{"floor":9,"key":"Anchor"},{"floor":11,"key":"Odd Mushroom"},{"floor":12,"key":"War Paint"},{"floor":14,"key":"Dream Catcher"}],"event_choices":[{"event_name":"The Woman in Blue","player_choice":"Bought 1 Potion","floor":2,"damage_taken":0},{"event_name":"The Lab","player_choice":"Got Potions","floor":7,"damage_taken":0},{"event_name":"Mushrooms","player_choice":"Fought Mushrooms","floor":11,"damage_taken":0}],"boss_relics":[],"potions_floor_spawned":[1,10,11,12],"seed_played":"-5978194207444481894","killed_by":"Hexaghost","ascension_level":0,"potions_obtained":[{"floor":1,"key":"SpeedPotion"},{"floor":2,"key":"Fire Potion"},{"floor":7,"key":"Block Potion"},{"floor":7,"key":"Block Potion"},{"floor":11,"key":"LiquidBronze"},{"floor":12,"key":"Dexterity Potion"}],"is_trial":false}