{"gold_per_floor":[218,218,229,229,179,179,207,207,207,225,1,20,38,66,66,167,167,181,198,19,19,37,67,67,84,84,84,97,150,170,170],"floor_reached":31,"playtime":1813,"items_purged":["Defend_B","Strike_B"],"score":387,"play_id":"cb118f4f-1705-40f9-a9e8-03a787d46e36","local_time":"20180821220035","is_ascension_mode":true,"campfire_choices":[{"data":"Zap","floor":6.0,"key":"SMITH"},{"floor":8.0,"key":"REST"},{"floor":15.0,"key":"REST"},{"floor":24.0,"key":"REST"},{"floor":27.0,"key":"REST"}],"neow_cost":"NONE","seed_source_timestamp":599056733272189,"circlet_count":0,"master_deck":["Strike_B","Strike_B","Defend_B+1","Defend_B","Defend_B","Zap+1","Dualcast","Ball Lightning","Hologram","Steam","Leap","Chill","Auto Shields","Fission+1","Capacitor","Thunder Strike","White Noise+1","Coolheaded+1","Leap+1","Glacier","Barrage+1","Buffer","Ball Lightning+1","Doubt","Compile Driver","Pain","Cold Snap"],"special_seed":0,"relics":["Cracked Core","Calipers","Prayer Wheel","Kunai","Bronze Scales","War Paint","Cursed Key","Potion Belt","Bottled Lightning","Vajra"],"potions_floor_usage":[30],"damage_taken":[{"damage":8.0,"enemies":"Jaw Worm","floor":1.0,"turns":4.0},{"damage":0.0,"enemies":"Small Slimes","floor":3.0,"turns":3.0},{"damage":18.0,"enemies":"Lagavulin","floor":7.0,"turns":5.0},{"damage":2.0,"enemies":"2 Louse","floor":10.0,"turns":2.0},{"damage":0.0,"enemies":"Looter","floor":12.0,"turns":3.0},{"damage":0.0,"enemies":"Blue Slaver","floor":13.0,"turns":3.0},{"damage":28.0,"enemies":"Gremlin Nob","floor":14.0,"turns":5.0},{"damage":32.0,"enemies":"The Guardian","floor":16.0,"turns":12.0},{"damage":1.0,"enemies":"2 Thieves","floor":18.0,"turns":4.0},{"damage":5.0,"enemies":"Shell Parasite","floor":19.0,"turns":5.0},{"damage":8.0,"enemies":"Cultist and Chosen","floor":22.0,"turns":8.0},{"damage":38.0,"enemies":"Book of Stabbing","floor":23.0,"turns":6.0},{"damage":13.0,"enemies":"Snake Plant","floor":25.0,"turns":4.0},{"damage":12.0,"enemies":"Centurion and Healer","floor":28.0,"turns":10.0},{"damage":21,"enemies":"3 Cultists","floor":30,"turns":7},{"damage":8,"enemies":"Snake Plant","floor":31,"turns":2}],"seed_played":"-1883906877789099696","potions_obtained":[{"floor":1.0,"key":"Dexterity Potion"},{"floor":13.0,"key":"SkillPotion"},{"floor":16.0,"key":"GamblersBrew"},{"floor":19.0,"key":"Swift Potion"},{"floor":22.0,"key":"Strength Potion"},{"floor":23.0,"key":"Strength Potion"},{"floor":25.0,"key":"SteroidPotion"}],"is_trial":false,"path_per_floor":["M","?","M","?","?","R","E","R","T","M","$","M","M","E","R","B",null,"M","M","$","?","M","E","R","M","T","R","M","T","M"],"character_chosen":"DEFECT","items_purchased":["Bronze Scales","Glacier"],"campfire_rested":4,"item_purchase_floors":[11,20],"current_hp_per_floor":[60,57,57,57,57,57,39,61,61,59,59,59,59,31,53,21,62,61,56,56,56,48,10,32,19,19,41,29,29,8,0],"gold":170,"neow_bonus":"HUNDRED_GOLD","is_prod":false,"is_daily":false,"chose_seed":false,"campfire_upgraded":1,"win_rate":0,"timestamp":1534903235,"path_taken":["M","?","M","?","?","R","E","R","T","M","$","M","M","E","R","BOSS","M","M","$","?","?","E","R","M","T","R","?","?","M","M"],"build_version":"2018-08-16","purchased_purges":2,"victory":false,"max_hp_per_floor":[75,75,75,75,75,75,75,75,75,75,75,75,75,75,75,75,75,75,75,75,75,75,75,75,75,75,75,75,75,75,75],"card_choices":[{"not_picked":["Fusion","Recycle"],"picked":"Ball Lightning","floor":1.0},{"not_picked":["Beam Cell","Rip and Tear"],"picked":"Hologram","floor":3.0},{"not_picked":["Core Surge","Sweeping Beam"],"picked":"Steam","floor":7.0},{"not_picked":["Recycle","Double Energy"],"picked":"Leap","floor":10.0},{"not_picked":["Gash","Static Discharge","Scrape"],"picked":"SKIP","floor":10.0},{"not_picked":["Beam Cell","Self Repair"],"picked":"Chill","floor":12.0},{"not_picked":["Fusion","Turbo"],"picked":"Auto Shields","floor":12.0},{"not_picked":["Conserve Battery","Gash"],"picked":"Fission","floor":13.0},{"not_picked":["Reinforced Body","Hologram","Consume"],"picked":"SKIP","floor":13.0},{"not_picked":["Leap","Steam"],"picked":"Capacitor","floor":14.0},{"not_picked":["Buffer","All For One"],"picked":"Thunder Strike","floor":16.0},{"not_picked":["Beam Cell","FTL+1"],"picked":"White Noise+1","floor":18.0},{"not_picked":["Chaos","Steam Power"],"picked":"Coolheaded+1","floor":18.0},{"not_picked":["Turbo+1","Undo"],"picked":"Leap+1","floor":19.0},{"not_picked":["Gash+1","Beam Cell","Stack"],"picked":"SKIP","floor":19.0},{"not_picked":["Redo","Stack+1"],"picked":"Barrage+1","floor":22.0},{"not_picked":["Go for the Eyes","Reprogram+1","Redo+1"],"picked":"SKIP","floor":22.0},{"not_picked":["Core Surge","Tempest+1"],"picked":"Buffer","floor":23.0},{"not_picked":["Turbo","Steam"],"picked":"Ball Lightning+1","floor":25.0},{"not_picked":["Gash","Stack","Steam"],"picked":"SKIP","floor":25.0},{"not_picked":["Conserve Battery","Hologram"],"picked":"Compile Driver","floor":28.0},{"not_picked":["Sweeping Beam","Chill","All For One"],"picked":"SKIP","floor":28.0},{"not_picked":["Steam+1","Genetic Algorithm"],"picked":"Cold Snap","floor":30},{"not_picked":["Sunder","Rebound+1","Gash"],"picked":"SKIP","floor":30}],"player_experience":106895,"relics_obtained":[{"floor":7.0,"key":"Prayer Wheel"},{"floor":9.0,"key":"Kunai"},{"floor":14.0,"key":"War Paint"},{"floor":23.0,"key":"Potion Belt"},{"floor":26.0,"key":"Bottled Lightning"},{"floor":29.0,"key":"Vajra"}],"event_choices":[{"event_name":"Scrap Ooze","player_choice":"success","floor":2.0,"damage_taken":3.0},{"event_name":"Liars Game","player_choice":"disagreed","floor":4.0,"damage_taken":0.0},{"event_name":"The Cleric","player_choice":"Card Removal","floor":5.0,"damage_taken":0.0},{"event_name":"Beggar","player_choice":"Ignored","floor":21.0,"damage_taken":0.0}],"is_beta":false,"boss_relics":[{"not_picked":["FrozenCore","Runic Pyramid"],"picked":"Cursed Key"}],"items_purged_floors":[11,20],"is_endless":false,"potions_floor_spawned":[1,13,16,19,22,23,25],"killed_by":"Snake Plant","ascension_level":9}