{"gold_per_floor":[112,112,112,136,86,86,161,161,161,161,161,161,200,215,215,338,338,361,102,102,11,25,25,45,72,98,98,117,136,152,179,179,284,284,302,40,40,52,52,52,68,68,68,92,127,127,52,71,71,71],"floor_reached":51,"playtime":1658,"items_purged":["Normality"],"score":1135,"play_id":"efedbf0f-6f43-4256-aa57-a48675e72807","local_time":"20180628170825","is_ascension_mode":true,"campfire_choices":[{"data":"Searing Blow","floor":6,"key":"SMITH"},{"data":"Searing Blow+1","floor":8,"key":"SMITH"},{"data":"Searing Blow+2","floor":10,"key":"SMITH"},{"data":"Searing Blow+3","floor":15,"key":"SMITH"},{"data":"Armaments","floor":23,"key":"SMITH"},{"data":"Trip","floor":27,"key":"SMITH"},{"data":"Searing Blow+5","floor":32,"key":"SMITH"},{"data":"Searing Blow+6","floor":40,"key":"SMITH"},{"data":"Searing Blow+7","floor":42,"key":"SMITH"},{"data":"Searing Blow+8","floor":49,"key":"SMITH"}],"neow_cost":"NONE","seed_source_timestamp":21646617582428,"circlet_count":0,"master_deck":["Strike_R","Strike_R","Strike_R","Defend_R","Defend_R","Defend_R","Defend_R","Bash+1","Searing Blow+9","Twin Strike","Headbutt","Iron Wave","Berserk","Trip+1","Armaments+1","Shrug It Off","Clash+1","Ghostly Armor","Offering+1","Iron Wave+1","Regret","Armaments+1"],"relics":["Burning Blood","Bloody Idol","Boot","Darkstone Periapt","Vajra","Cursed Key","Shuriken","Omamori","Pen Nib","Whetstone","Busted Crown","Kunai","Calipers","Gremlin Horn","Strawberry","Orichalcum"],"potions_floor_usage":[16],"damage_taken":[{"damage":4,"enemies":"Jaw Worm","floor":1,"turns":4},{"damage":3,"enemies":"Small Slimes","floor":4,"turns":3},{"damage":27,"enemies":"Gremlin Nob","floor":13,"turns":4},{"damage":0,"enemies":"Cultist","floor":14,"turns":2},{"damage":25,"enemies":"Slime Boss","floor":16,"turns":5},{"damage":6,"enemies":"Spheric Guardian","floor":18,"turns":3},{"damage":29,"enemies":"2 Thieves","floor":22,"turns":4},{"damage":19,"enemies":"Snake Plant","floor":24,"turns":2},{"damage":16,"enemies":"Book of Stabbing","floor":25,"turns":4},{"damage":13,"enemies":"Centurion and Healer","floor":28,"turns":3},{"damage":0,"enemies":"Snecko","floor":29,"turns":2},{"damage":21,"enemies":"Sentry and Sphere","floor":30,"turns":5},{"damage":11,"enemies":"Champ","floor":33,"turns":9},{"damage":0,"enemies":"Orb Walker","floor":35,"turns":1},{"damage":4,"floor":37,"turns":3},{"damage":6,"enemies":"3 Darklings","floor":38,"turns":5},{"damage":25,"enemies":"4 Shapes","floor":41,"turns":4},{"damage":6,"enemies":"Nemesis","floor":45,"turns":3},{"damage":19,"enemies":"Transient","floor":48,"turns":5},{"damage":27,"enemies":"Awakened One","floor":50,"turns":9}],"seed_played":"4366888716285519304","potions_obtained":[{"floor":1,"key":"SteroidPotion"},{"floor":16,"key":"Swift Potion"},{"floor":24,"key":"Dexterity Potion"},{"floor":28,"key":"Ancient Potion"},{"floor":33,"key":"AttackPotion"}],"is_trial":false,"path_per_floor":["M","?","?","M","?","R","?","R","T","R","?","?","E","M","R","B",null,"M","$","?","$","M","R","M","E","T","R","M","M","M","T","R","B",null,"M","$","?","M","?","R","M","R","T","T","E","?","$","M","R","B"],"character_chosen":"IRONCLAD","items_purchased":["Shuriken","Trip","Kunai"],"campfire_rested":0,"item_purchase_floors":[19,21,36],"current_hp_per_floor":[80,80,60,63,63,63,52,52,52,52,49,49,28,34,34,15,80,80,80,80,80,67,67,59,54,59,59,57,68,58,63,63,63,80,80,80,80,80,80,80,66,66,72,90,95,95,95,87,87,66],"gold":71,"neow_bonus":"UPGRADE_CARD","is_prod":false,"is_daily":false,"chose_seed":false,"campfire_upgraded":10,"win_rate":0,"timestamp":1530169705,"path_taken":["M","?","?","?","?","R","?","R","T","R","?","?","E","M","R","BOSS","M","$","?","?","M","R","M","E","T","R","?","M","M","?","R","BOSS","M","$","?","M","?","R","M","R","T","?","E","?","$","M","R","BOSS"],"build_version":"2018-06-26","purchased_purges":1,"victory":true,"max_hp_per_floor":[80,80,80,80,80,80,80,80,80,80,80,80,80,80,80,80,80,80,80,80,80,80,80,80,80,80,80,80,80,80,80,80,80,80,80,80,80,80,80,80,80,80,86,99,99,99,99,99,99,99],"card_choices":[{"not_picked":["Battle Trance","True Grit"],"picked":"Searing Blow","floor":1},{"not_picked":["Corruption","Body Slam"],"picked":"Twin Strike","floor":4},{"not_picked":["Combust","Evolve"],"picked":"Headbutt","floor":13},{"not_picked":["Twin Strike","Thunderclap"],"picked":"Iron Wave","floor":14},{"not_picked":["Dark Embrace","Bludgeon"],"picked":"Berserk","floor":16},{"not_picked":["Sever Soul+1","Havoc","Heavy Blade+1"],"picked":"SKIP","floor":18},{"not_picked":["Havoc","Perfected Strike"],"picked":"Armaments","floor":22},{"not_picked":["Searing Blow","Pummel"],"picked":"Shrug It Off","floor":24},{"not_picked":["Power Through","Flex"],"picked":"Clash","floor":25},{"not_picked":["Rupture","Headbutt","Metallicize+1"],"picked":"SKIP","floor":28},{"not_picked":["Sentinel","Thunderclap","Entrench"],"picked":"SKIP","floor":29},{"not_picked":["Headbutt","Wild Strike"],"picked":"Ghostly Armor","floor":30},{"not_picked":["Impervious","Reaper"],"picked":"Offering","floor":33},{"not_picked":["Wild Strike+1"],"picked":"SKIP","floor":35},{"not_picked":[],"picked":"Iron Wave+1","floor":37},{"not_picked":["Anger+1"],"picked":"SKIP","floor":38},{"not_picked":["Anger+1"],"picked":"SKIP","floor":38},{"not_picked":["Iron Wave"],"picked":"SKIP","floor":41},{"not_picked":[],"picked":"Armaments+1","floor":45},{"not_picked":["Second Wind+1"],"picked":"SKIP","floor":48}],"player_experience":69046,"relics_obtained":[{"floor":9,"key":"Boot"},{"floor":13,"key":"Vajra"},{"floor":25,"key":"Omamori"},{"floor":26,"key":"Pen Nib"},{"floor":31,"key":"Whetstone"},{"floor":37,"key":"Calipers"},{"floor":43,"key":"Gremlin Horn"},{"floor":44,"key":"Strawberry"},{"floor":45,"key":"Orichalcum"}],"event_choices":[{"event_name":"Living Wall","player_choice":"Forget","floor":2,"damage_taken":0},{"event_name":"Golden Idol","player_choice":"Take Damage","floor":3,"damage_taken":0},{"event_name":"The Cleric","player_choice":"Card Removal","floor":5,"damage_taken":0},{"event_name":"World of Goop","player_choice":"Gather Gold","floor":7,"damage_taken":0},{"event_name":"Scrap Ooze","player_choice":"success","floor":11,"damage_taken":3},{"event_name":"Liars Game","player_choice":"disagreed","floor":12,"damage_taken":0},{"event_name":"Forgotten Altar","player_choice":"Gave Idol","floor":20,"damage_taken":0},{"event_name":"MindBloom","player_choice":"Fight","floor":37,"damage_taken":0},{"event_name":"Upgrade Shrine","player_choice":"Upgraded","floor":39,"damage_taken":0},{"event_name":"Tomb of Lord Red Mask","player_choice":"Ignored","floor":46,"damage_taken":0}],"boss_relics":[{"not_picked":["Runic Cube","Coffee Dripper"],"picked":"Cursed Key"},{"not_picked":["White Beast Statue","Black Blood"],"picked":"Busted Crown"}],"items_purged_floors":[47],"is_endless":false,"potions_floor_spawned":[1,16,24,28,29,33,38,41],"ascension_level":2}