{"gold_per_floor":[114,127,138,138,152,179,199,212,236,236],"floor_reached":10,"playtime":240,"items_purged":[],"score":79,"play_id":"1ddbe353-023b-4674-bcbb-65e7ef4b9229","local_time":"20190604111729","is_ascension_mode":true,"campfire_choices":[],"neow_cost":"NONE","seed_source_timestamp":316374542827162,"circlet_count":0,"master_deck":["Strike_B","Strike_B","Strike_B","Strike_B","Defend_B","Defend_B+1","Defend_B","Defend_B","Zap","Dualcast","BootSequence","Sweeping Beam","Glacier+1","Compile Driver"],"relics":["Cracked Core","NeowsBlessing","Mummified Hand","War Paint"],"potions_floor_usage":[],"damage_taken":[{"damage":0,"enemies":"Small Slimes","floor":1,"turns":1},{"damage":0,"enemies":"2 Louse","floor":2,"turns":1},{"damage":0,"enemies":"Cultist","floor":3,"turns":1},{"damage":38,"enemies":"Exordium Thugs","floor":5,"turns":5},{"damage":41,"enemies":"Gremlin Nob","floor":6,"turns":5},{"damage":0,"enemies":"Looter","floor":7,"turns":3},{"damage":0,"enemies":"Blue Slaver","floor":8,"turns":3},{"damage":3,"enemies":"3 Sentries","floor":10,"turns":2}],"seed_played":"1661949441885291129","potions_obtained":[{"floor":3,"key":"Weak Potion"},{"floor":7,"key":"Fire Potion"},{"floor":8,"key":"Explosive Potion"}],"is_trial":false,"path_per_floor":["M","M","M","?","M","E","M","M","T","E"],"character_chosen":"DEFECT","items_purchased":[],"campfire_rested":0,"item_purchase_floors":[],"current_hp_per_floor":[75,75,75,80,42,1,1,1,1,0],"gold":236,"neow_bonus":"THREE_ENEMY_KILL","is_prod":false,"is_daily":false,"chose_seed":false,"campfire_upgraded":0,"win_rate":0,"timestamp":1559668649,"path_taken":["M","M","M","?","M","E","M","M","T","E"],"build_version":"2019-01-23","purchased_purges":0,"victory":false,"max_hp_per_floor":[75,75,75,80,80,80,80,80,80,80],"card_choices":[{"not_picked":["Conserve Battery","Tempest"],"picked":"BootSequence","floor":1},{"not_picked":["Coolheaded","Heatsinks","Conserve Battery"],"picked":"SKIP","floor":2},{"not_picked":["Hologram","Go for the Eyes"],"picked":"Sweeping Beam","floor":3},{"not_picked":["Coolheaded","Double Energy","Cold Snap"],"picked":"SKIP","floor":5},{"not_picked":["Sweeping Beam","Beam Cell"],"picked":"Glacier","floor":6},{"not_picked":["Redo","Hologram","Scrape"],"picked":"SKIP","floor":7},{"not_picked":["Genetic Algorithm","Leap"],"picked":"Compile Driver","floor":8}],"player_experience":660488,"relics_obtained":[{"floor":6,"key":"Mummified Hand"},{"floor":9,"key":"War Paint"}],"event_choices":[{"damage_healed":0,"gold_gain":0,"player_choice":"Donut","damage_taken":0,"max_hp_gain":5,"max_hp_loss":0,"event_name":"Big Fish","floor":4,"gold_loss":0}],"is_beta":false,"boss_relics":[],"items_purged_floors":[],"is_endless":false,"potions_floor_spawned":[3,7,8],"killed_by":"3 Sentries","ascension_level":2}