{"gold_per_floor":[213,138,158,158,176,176,251,265,265,265,63,77,77,111,111,216,216,156,156,255,75,90,124,135,135,135,163,163,163,163,183,183,284,284,298,298,298,27,27,27,57,76,102,102,102,454,464,483,483,483],"floor_reached":51,"playtime":3333,"items_purged":["Strike_B","Strike_B"],"score":1007,"play_id":"c4b72292-a638-47ed-9919-ca2491c1fa16","local_time":"20190606145001","is_ascension_mode":true,"campfire_choices":[{"data":"Zap","floor":6,"key":"SMITH"},{"floor":10,"key":"REST"},{"data":"Rainbow","floor":15,"key":"SMITH"},{"data":"Electrodynamics","floor":25,"key":"SMITH"},{"data":"Capacitor","floor":28,"key":"SMITH"},{"data":"Hologram","floor":30,"key":"SMITH"},{"data":"Dualcast","floor":32,"key":"SMITH"},{"data":"Defragment","floor":40,"key":"SMITH"},{"floor":49,"key":"REST"}],"neow_cost":"NONE","seed_source_timestamp":667810070417247,"circlet_count":0,"master_deck":["Strike_B+1","Defend_B+1","Defend_B+1","Defend_B+1","Defend_B+1","Zap+1","Dualcast+1","Conserve Battery","Self Repair","Chill","Rainbow+1","Biased Cognition","Capacitor+1","Conserve Battery","Electrodynamics+1","Hologram+1","Cold Snap","Echo Form","Coolheaded+1","Madness","Madness","Capacitor+1","Defragment+1","Finesse"],"relics":["FrozenCore","Mummified Hand","ClockworkSouvenir","Letter Opener","Dream Catcher","Dodecahedron","Ginger","Nuclear Battery","DollysMirror","Gambling Chip","Blood Vial","Old Coin"],"potions_floor_usage":[14,16,18,50],"damage_taken":[{"damage":0,"enemies":"Cultist","floor":1,"turns":3},{"damage":4,"enemies":"2 Louse","floor":3,"turns":2},{"damage":4,"enemies":"Jaw Worm","floor":5,"turns":4},{"damage":0,"enemies":"2 Fungi Beasts","floor":8,"turns":4},{"damage":9,"enemies":"Blue Slaver","floor":12,"turns":3},{"damage":12,"enemies":"3 Sentries","floor":14,"turns":9},{"damage":19,"enemies":"Hexaghost","floor":16,"turns":7},{"damage":4,"enemies":"2 Thieves","floor":18,"turns":4},{"damage":0,"enemies":"3 Byrds","floor":22,"turns":4},{"damage":7,"enemies":"Book of Stabbing","floor":23,"turns":6},{"damage":0,"enemies":"3 Cultists","floor":24,"turns":3},{"damage":0,"enemies":"Slavers","floor":27,"turns":2},{"damage":0,"enemies":"Snecko","floor":31,"turns":4},{"damage":30,"enemies":"Automaton","floor":33,"turns":9},{"damage":3,"enemies":"3 Darklings","floor":35,"turns":3},{"damage":0,"enemies":"Giant Head","floor":41,"turns":7},{"damage":18,"enemies":"3 Shapes","floor":42,"turns":2},{"damage":13,"enemies":"2 Orb Walkers","floor":46,"turns":4},{"damage":0,"enemies":"Jaw Worm Horde","floor":47,"turns":3},{"damage":15,"enemies":"Transient","floor":48,"turns":5},{"damage":18,"enemies":"Time Eater","floor":50,"turns":8}],"seed_played":"-8274097275707025096","potions_obtained":[{"floor":1,"key":"PowerPotion"},{"floor":8,"key":"LiquidBronze"},{"floor":12,"key":"Dexterity Potion"},{"floor":22,"key":"Explosive Potion"},{"floor":27,"key":"FearPotion"},{"floor":31,"key":"SpeedPotion"},{"floor":35,"key":"Energy Potion"},{"floor":41,"key":"FairyPotion"}],"is_trial":false,"path_per_floor":["?","?","M","?","?","?","?","?","?","?","$","?","M"],"character_chosen":"DEFECT","items_purchased":["ClockworkSouvenir","Capacitor","DollysMirror","Defragment"],"campfire_rested":2,"item_purchase_floors":[11,21,38,38],"current_hp_per_floor":[68,68,64,57,53,53,46,46,46,68,68,66,71,66,66,54,74,77,77,77,77,80,80,80,80,80,80,80,80,80,80,80,57,74,78,68,68,68,68,68,75,57,57,57,57,60,62,63,80,69],"gold":483,"neow_bonus":"HUNDRED_GOLD","is_prod":false,"is_daily":false,"chose_seed":false,"campfire_upgraded":7,"win_rate":0,"timestamp":1559861401,"path_taken":["M","$","M","?","M","R","?","?","T","R","$","M","?","E","R","BOSS","M","$","?","$","M","E","M","R","T","E","R","?","R","M","R","BOSS","M","?","?","$","?","R","E","M","T","?","?","?","?","M","R","BOSS"],"build_version":"2019-01-23","purchased_purges":2,"victory":true,"max_hp_per_floor":[75,75,75,75,75,75,75,75,75,75,75,75,80,80,80,80,80,80,80,80,80,80,80,80,80,80,80,80,80,80,80,80,80,80,80,80,80,80,80,80,80,80,80,80,80,80,80,80,80,80],"card_choices":[{"not_picked":["Force Field","Stack"],"picked":"Compile Driver","floor":1},{"not_picked":["Chaos","Streamline","Rip and Tear"],"picked":"SKIP","floor":3},{"not_picked":["Ball Lightning","Lockon"],"picked":"Conserve Battery","floor":5},{"not_picked":["Rebound","Chaos"],"picked":"Self Repair","floor":8},{"not_picked":["Rip and Tear","Turbo"],"picked":"Chill","floor":12},{"not_picked":["Loop","Streamline"],"picked":"Rainbow","floor":14},{"not_picked":["Fission","Creative AI"],"picked":"Biased Cognition","floor":16},{"not_picked":["Rebound","Streamline","Barrage"],"picked":"SKIP","floor":18},{"not_picked":["Static Discharge","Sweeping Beam"],"picked":"Conserve Battery","floor":22},{"not_picked":["Gash+1","Ball Lightning"],"picked":"Electrodynamics","floor":23},{"not_picked":["Self Repair","Coolheaded"],"picked":"Hologram","floor":24},{"not_picked":["Blizzard","Chill","Turbo"],"picked":"SKIP","floor":27},{"not_picked":["Tempest","Genetic Algorithm"],"picked":"Cold Snap","floor":31},{"not_picked":["Seek","Fission"],"picked":"Echo Form","floor":33},{"not_picked":["Compile Driver+1","Ball Lightning+1"],"picked":"Coolheaded+1","floor":35},{"not_picked":["Flash of Steel","The Bomb"],"picked":"Finesse","floor":39},{"not_picked":["Redo+1","Sunder","Tempest"],"picked":"SKIP","floor":41},{"not_picked":["Sunder","Steam+1","Streamline+1"],"picked":"SKIP","floor":42},{"not_picked":["Reprogram+1","Double Energy","Reinforced Body"],"picked":"SKIP","floor":47},{"not_picked":["Double Energy","Steam Power","Coolheaded"],"picked":"SKIP","floor":48}],"player_experience":264603,"relics_obtained":[{"floor":9,"key":"Mummified Hand"},{"floor":14,"key":"Letter Opener"},{"floor":23,"key":"Dream Catcher"},{"floor":26,"key":"Dodecahedron"},{"floor":27,"key":"Ginger"},{"floor":41,"key":"Gambling Chip"},{"floor":43,"key":"Blood Vial"},{"floor":46,"key":"Old Coin"}],"event_choices":[{"cards_removed":["Strike_B"],"damage_healed":0,"gold_gain":0,"player_choice":"Card Removal","damage_taken":7,"max_hp_gain":0,"max_hp_loss":0,"event_name":"Golden Wing","floor":4,"gold_loss":0},{"damage_healed":0,"gold_gain":75,"player_choice":"Touch","damage_taken":7,"max_hp_gain":0,"max_hp_loss":0,"event_name":"FaceTrader","floor":7,"gold_loss":0},{"damage_healed":0,"gold_gain":0,"player_choice":"Donut","damage_taken":0,"max_hp_gain":5,"max_hp_loss":0,"event_name":"Big Fish","floor":13,"gold_loss":0},{"damage_healed":0,"gold_gain":99,"player_choice":"Stole From Cult","damage_taken":0,"max_hp_gain":0,"max_hp_loss":0,"event_name":"Nest","floor":20,"gold_loss":0},{"damage_healed":0,"gold_gain":0,"player_choice":"Simplicity","damage_taken":0,"max_hp_gain":0,"max_hp_loss":0,"event_name":"Back to Basics","floor":29,"gold_loss":0,"cards_upgraded":["Strike_B","Defend_B","Defend_B","Defend_B","Defend_B"]},{"damage_healed":0,"gold_gain":0,"player_choice":"Embrace Madness","damage_taken":10,"max_hp_gain":0,"max_hp_loss":0,"event_name":"Winding Halls","floor":36,"gold_loss":0,"cards_obtained":["Madness","Madness"]},{"damage_healed":0,"gold_gain":0,"player_choice":"Ignored","damage_taken":0,"max_hp_gain":0,"max_hp_loss":0,"event_name":"Tomb of Lord Red Mask","floor":37,"gold_loss":0},{"damage_healed":0,"gold_gain":0,"player_choice":"Memory 1","damage_taken":0,"max_hp_gain":0,"max_hp_loss":0,"event_name":"SensoryStone","floor":39,"gold_loss":0},{"cards_removed":["Compile Driver"],"damage_healed":0,"gold_gain":0,"player_choice":"Removed Attack","damage_taken":0,"max_hp_gain":0,"max_hp_loss":0,"event_name":"Falling","floor":44,"gold_loss":0},{"damage_healed":0,"gold_gain":0,"player_choice":"Fight","damage_taken":0,"max_hp_gain":0,"max_hp_loss":0,"event_name":"Mysterious Sphere","floor":46,"gold_loss":0}],"is_beta":false,"boss_relics":[{"not_picked":["White Beast Statue","Fusion Hammer"],"picked":"FrozenCore"},{"not_picked":["Velvet Choker","Astrolabe"],"picked":"Nuclear Battery"}],"items_purged_floors":[2,21],"is_endless":false,"potions_floor_spawned":[1,8,12,22,27,31,35,41,47],"ascension_level":7}