{"gold_per_floor":[118,118,131,206,220,246,246,272,298,298,298,317,349,359,359,458,458,458,458,458,458,458,458,458,458,458,458,132,132,132,57,57,57,57,57,57,57,57,57],"floor_reached":39,"playtime":1689,"items_purged":["Strike_R"],"score":459,"play_id":"a29597c6-8e59-477b-b2e8-a4682b5c2b24","local_time":"20181027161440","is_ascension_mode":true,"campfire_choices":[{"data":"Inflame","floor":7,"key":"SMITH"},{"floor":11,"key":"REST"},{"data":"Twin Strike","floor":15,"key":"SMITH"},{"data":"Limit Break","floor":23,"key":"SMITH"},{"data":"RitualDagger","floor":27,"key":"SMITH"},{"data":"Flex","floor":30,"key":"SMITH"},{"data":"Sword Boomerang","floor":32,"key":"SMITH"}],"neow_cost":"NONE","seed_source_timestamp":23014017862129,"circlet_count":0,"master_deck":["Strike_R+1","Strike_R+1","Defend_R","Defend_R","Bash","Dual Wield","Shrug It Off","Anger","Shockwave","Inflame+1","Cleave","Headbutt","Sword Boomerang+1","Twin Strike+1","Limit Break+1","Iron Wave","Flex+1","Rage","RitualDagger+1","Iron Wave","Berserk","Exhume","Whirlwind+1"],"relics":["Burning Blood","Whetstone","Blood Vial","Bag of Marbles","Red Skull","Ectoplasm","Nloth\u0027s Gift","Orichalcum","Ornamental Fan","Sozu","Peace Pipe","Bird Faced Urn"],"potions_floor_usage":[8,24,24,25,33,36],"damage_taken":[{"damage":13,"enemies":"Jaw Worm","floor":1,"turns":4},{"damage":1,"enemies":"Cultist","floor":3,"turns":5},{"damage":5,"enemies":"Small Slimes","floor":5,"turns":5},{"damage":29,"enemies":"3 Sentries","floor":6,"turns":10},{"damage":25,"enemies":"Gremlin Nob","floor":8,"turns":5},{"damage":2,"enemies":"2 Fungi Beasts","floor":12,"turns":3},{"damage":19,"enemies":"3 Sentries","floor":13,"turns":5},{"damage":4,"enemies":"Blue Slaver","floor":14,"turns":3},{"damage":18,"enemies":"Slime Boss","floor":16,"turns":7},{"damage":13,"enemies":"Shell Parasite","floor":18,"turns":3},{"damage":6,"enemies":"Spheric Guardian","floor":19,"turns":3},{"damage":25,"enemies":"Cultist and Chosen","floor":21,"turns":5},{"damage":15,"enemies":"Snake Plant","floor":24,"turns":3},{"damage":0,"enemies":"Sentry and Sphere","floor":25,"turns":3},{"damage":15,"enemies":"Champ","floor":33,"turns":6},{"damage":40,"enemies":"3 Darklings","floor":35,"turns":4},{"damage":13,"enemies":"3 Shapes","floor":36,"turns":4},{"damage":22,"enemies":"2 Orb Walkers","floor":37,"turns":4},{"damage":21,"enemies":"Mind Bloom Boss Battle","floor":38,"turns":4},{"damage":23,"enemies":"Sphere and 2 Shapes","floor":39,"turns":3}],"seed_played":"2504730551672516639","potions_obtained":[{"floor":3,"key":"EssenceOfSteel"},{"floor":6,"key":"Energy Potion"},{"floor":8,"key":"FairyPotion"},{"floor":13,"key":"Swift Potion"},{"floor":18,"key":"SteroidPotion"},{"floor":24,"key":"Strength Potion"},{"floor":33,"key":"Swift Potion"}],"is_trial":false,"path_per_floor":["M","?","M","?","M","E","R","E","T","?","R","M","E","M","R","B",null,"M","M","?","M","?","R","M","M","T","R","$","?","R","?","R","B",null,"M","M","?","?"],"character_chosen":"IRONCLAD","items_purchased":["Ornamental Fan"],"campfire_rested":1,"item_purchase_floors":[28],"current_hp_per_floor":[73,73,78,67,68,45,45,26,26,26,50,56,45,49,49,39,80,73,75,75,58,52,52,45,53,53,53,53,53,53,53,53,46,80,46,41,27,14,0],"gold":57,"neow_bonus":"TRANSFORM_CARD","is_prod":false,"is_daily":false,"chose_seed":false,"campfire_upgraded":6,"win_rate":0,"timestamp":1540617280,"path_taken":["M","?","M","?","M","E","R","E","T","?","R","?","E","M","R","BOSS","M","M","?","M","?","R","M","M","T","R","$","?","R","?","R","BOSS","M","M","?","?","?"],"build_version":"2018-10-25v2","purchased_purges":1,"victory":false,"max_hp_per_floor":[80,80,80,80,80,80,80,80,80,80,80,80,80,80,80,80,80,80,80,80,80,80,80,80,80,80,80,80,80,80,80,80,80,80,80,80,80,80,80],"card_choices":[{"not_picked":["Wild Strike","Clash"],"picked":"Shrug It Off","floor":1},{"not_picked":["Corruption","Infernal Blade"],"picked":"Anger","floor":3},{"not_picked":["Pummel","Shrug It Off"],"picked":"Shockwave","floor":5},{"not_picked":["Shockwave","Sword Boomerang"],"picked":"Inflame","floor":6},{"not_picked":["Inflame","Fire Breathing"],"picked":"Cleave","floor":8},{"not_picked":["Pommel Strike","Flame Barrier"],"picked":"Headbutt","floor":12},{"not_picked":["True Grit","Sever Soul"],"picked":"Sword Boomerang","floor":13},{"not_picked":["Clash","Perfected Strike"],"picked":"Twin Strike","floor":14},{"not_picked":["Juggernaut","Immolate"],"picked":"Limit Break","floor":16},{"not_picked":["Thunderclap","Warcry"],"picked":"Iron Wave","floor":18},{"not_picked":["Sword Boomerang","Perfected Strike"],"picked":"Flex","floor":19},{"not_picked":["Spot Weakness","Perfected Strike"],"picked":"Rage","floor":21},{"not_picked":["Corruption","Battle Trance","Clothesline"],"picked":"SKIP","floor":24},{"not_picked":["Immolate","Clothesline"],"picked":"Iron Wave","floor":25},{"not_picked":["Exhume","Impervious"],"picked":"Berserk","floor":33},{"not_picked":["Sever Soul+1","Thunderclap+1","Blood for Blood"],"picked":"SKIP","floor":35},{"not_picked":["Cleave","Pommel Strike+1"],"picked":"Exhume","floor":36},{"not_picked":["Clash","Battle Trance"],"picked":"Whirlwind+1","floor":37}],"player_experience":123303,"relics_obtained":[{"floor":6,"key":"Pen Nib"},{"floor":8,"key":"Whetstone"},{"floor":9,"key":"Blood Vial"},{"floor":13,"key":"Red Skull"},{"floor":26,"key":"Orichalcum"},{"floor":37,"key":"Peace Pipe"},{"floor":38,"key":"Bird Faced Urn"}],"event_choices":[{"cards_removed":["Strike_R"],"damage_healed":0,"gold_gain":0,"player_choice":"Forget","damage_taken":0,"max_hp_gain":0,"max_hp_loss":0,"event_name":"Living Wall","floor":2,"gold_loss":0},{"damage_healed":0,"gold_gain":75,"player_choice":"Gather Gold","damage_taken":11,"max_hp_gain":0,"max_hp_loss":0,"event_name":"World of Goop","floor":4,"gold_loss":0},{"damage_healed":0,"gold_gain":0,"player_choice":"Searched \u00271\u0027 times","damage_taken":0,"relics_obtained":["Bag of Marbles"],"max_hp_gain":0,"max_hp_loss":0,"event_name":"Dead Adventurer","floor":10,"gold_loss":0},{"damage_healed":0,"gold_gain":0,"player_choice":"Traded Relic","damage_taken":0,"relics_obtained":["Nloth\u0027s Gift"],"max_hp_gain":0,"max_hp_loss":0,"event_name":"N\u0027loth","floor":20,"relics_lost":["Pen Nib"],"gold_loss":0},{"damage_healed":0,"gold_gain":0,"player_choice":"Joined the Cult","damage_taken":6,"max_hp_gain":0,"max_hp_loss":0,"event_name":"Nest","floor":22,"gold_loss":0,"cards_obtained":["RitualDagger"]},{"cards_removed":["Defend_R"],"damage_healed":0,"gold_gain":0,"player_choice":"Elegance","damage_taken":0,"max_hp_gain":0,"max_hp_loss":0,"event_name":"Back to Basics","floor":29,"gold_loss":0},{"cards_removed":["Defend_R"],"damage_healed":0,"gold_gain":0,"player_choice":"Gave Gold","damage_taken":0,"max_hp_gain":0,"max_hp_loss":0,"event_name":"Beggar","floor":31,"gold_loss":75},{"damage_healed":0,"gold_gain":0,"player_choice":"Fight","damage_taken":0,"max_hp_gain":0,"max_hp_loss":0,"event_name":"Mysterious Sphere","floor":37,"gold_loss":0},{"damage_healed":0,"gold_gain":0,"player_choice":"Fight","damage_taken":0,"max_hp_gain":0,"max_hp_loss":0,"event_name":"MindBloom","floor":38,"gold_loss":0}],"is_beta":true,"boss_relics":[{"not_picked":["Astrolabe","Empty Cage"],"picked":"Ectoplasm"},{"not_picked":["Philosopher\u0027s Stone","Calling Bell"],"picked":"Sozu"}],"items_purged_floors":[28],"is_endless":false,"potions_floor_spawned":[3,6,8,13,18,24,33,35],"killed_by":"Sphere and 2 Shapes","ascension_level":3}